  <div class='ocr_page' id='page_1' title='image "/cluster/home/n/w/nwhite01/storage/ocr_20150623/122/uva.x000503459/231.png"; bbox 0 0 4236 6072; ppageno 0'>
   <div class='ocr_carea' id='block_1_1' title="bbox 564 248 2435 320">
    <p class='ocr_par' dir='ltr' id='par_1_1' title="bbox 564 248 2435 320">
     <span class='ocr_line' id='line_1_1' title="bbox 564 248 2435 320; baseline 0.006 -14"><span class='ocrx_word' id='word_1_1' title='bbox 564 248 671 307; x_wconf 75' lang='lat'><strong>383</strong></span> <span class='ocrx_word' id='word_1_2' title='bbox 1918 259 2200 318; x_wconf 71' lang='lat' dir='ltr'><strong>IOANNlS</strong></span> <span class='ocrx_word' id='word_1_3' title='bbox 2243 263 2435 320; x_wconf 80' lang='lat' dir='ltr'><strong>SCOTl</strong></span> 
     </span>
    </p>
   </div>
   <div class='ocr_carea' id='block_1_2' title="bbox 554 369 3827 453">
    <p class='ocr_par' dir='ltr' id='par_1_2' title="bbox 554 369 3827 453">
     <span class='ocr_line' id='line_1_2' title="bbox 554 369 3827 453; baseline 0.006 -37"><span class='ocrx_word' id='word_1_4' title='bbox 554 377 678 424; x_wconf 84' lang='lat' dir='ltr'><strong>nos.</strong></span> <span class='ocrx_word' id='word_1_5' title='bbox 722 372 967 418; x_wconf 80' lang='lat' dir='ltr'><strong>naturam</strong></span> <span class='ocrx_word' id='word_1_6' title='bbox 998 369 1242 438; x_wconf 89' lang='lat' dir='ltr'><strong>corporis</strong></span> <span class='ocrx_word' id='word_1_7' title='bbox 1294 369 1548 426; x_wconf 76' lang='lat' dir='ltr'><strong>inferiore</strong></span> <span class='ocrx_word' id='word_1_8' title='bbox 1590 373 1754 442; x_wconf 73' lang='lat' dir='ltr'><strong>gradu</strong></span> <span class='ocrx_word' id='word_1_9' title='bbox 1786 388 1934 436; x_wconf 79' lang='lat' dir='ltr'><strong>esse,</strong></span> <span class='ocrx_word' id='word_1_10' title='bbox 1969 390 2128 444; x_wconf 81' lang='lat' dir='ltr'><strong>quam</strong></span> <span class='ocrx_word' id='word_1_11' title='bbox 2163 387 2203 435; x_wconf 80' lang='grc' dir='ltr'><strong>Α</strong></span> <span class='ocrx_word' id='word_1_12' title='bbox 2239 380 2370 440; x_wconf 80' lang='lat' dir='ltr'><strong>rius,</strong></span> <span class='ocrx_word' id='word_1_13' title='bbox 2404 388 2495 430; x_wconf 86' lang='lat' dir='ltr'><strong>aut</strong></span> <span class='ocrx_word' id='word_1_14' title='bbox 2535 380 2598 430; x_wconf 84' lang='lat' dir='ltr'><strong>ad</strong></span> <span class='ocrx_word' id='word_1_15' title='bbox 2641 379 2866 434; x_wconf 80' lang='lat' dir='ltr'><strong>inferius.</strong></span> <span class='ocrx_word' id='word_1_16' title='bbox 2893 397 3099 453; x_wconf 78' lang='lat' dir='ltr'><strong>peccat.</strong></span> <span class='ocrx_word' id='word_1_17' title='bbox 3140 383 3218 437; x_wconf 73' lang='lat' dir='ltr'><strong>Ad</strong></span> <span class='ocrx_word' id='word_1_18' title='bbox 3245 381 3520 452; x_wconf 80' lang='lat' dir='ltr'><strong>proprium</strong></span> <span class='ocrx_word' id='word_1_19' title='bbox 3559 378 3827 439; x_wconf 77' lang='lat' dir='ltr'><strong>converti-</strong></span> 
     </span>
    </p>
   </div>
   <div class='ocr_carea' id='block_1_3' title="bbox 554 453 3820 542">
    <p class='ocr_par' dir='ltr' id='par_1_3' title="bbox 554 453 3820 542">
     <span class='ocr_line' id='line_1_3' title="bbox 554 453 3820 542; baseline 0.008 -39"><span class='ocrx_word' id='word_1_20' title='bbox 554 453 718 506; x_wconf 74' lang='lat' dir='ltr'><strong>anitni</strong></span> <span class='ocrx_word' id='word_1_21' title='bbox 763 463 1042 517; x_wconf 75' lang='lat' dir='ltr'><strong>naturam,</strong></span> <span class='ocrx_word' id='word_1_22' title='bbox 1071 473 1134 512; x_wconf 86' lang='lat' dir='ltr'><strong>ac</strong></span> <span class='ocrx_word' id='word_1_23' title='bbox 1162 475 1257 528; x_wconf 88' lang='lat' dir='ltr'><strong>per</strong></span> <span class='ocrx_word' id='word_1_24' title='bbox 1297 460 1406 515; x_wconf 74' lang='lat' dir='ltr'><strong>ltoc&#39;</strong></span> <span class='ocrx_word' id='word_1_25' title='bbox 1442 463 1680 516; x_wconf 81' lang='lat' dir='ltr'><strong>animum</strong></span> <span class='ocrx_word' id='word_1_26' title='bbox 1727 463 1900 532; x_wconf 76' lang='lat' dir='ltr'><strong>majus</strong></span> <span class='ocrx_word' id='word_1_27' title='bbox 1933 465 2132 518; x_wconf 81' lang='lat' dir='ltr'><strong>bonum</strong></span> <span class='ocrx_word' id='word_1_28' title='bbox 2240 482 2348 528; x_wconf 86' lang='lat' dir='ltr'><strong>tttr,</strong></span> <span class='ocrx_word' id='word_1_29' title='bbox 2376 486 2496 524; x_wconf 75' lang='lat' dir='ltr'><strong>cum</strong></span> <span class='ocrx_word' id='word_1_30' title='bbox 2529 487 2656 526; x_wconf 82' lang='lat' dir='ltr'><strong>suae</strong></span> <span class='ocrx_word' id='word_1_31' title='bbox 2679 477 2964 542; x_wconf 76' lang='lat' dir='ltr'><strong>potestatis</strong></span> <span class='ocrx_word' id='word_1_32' title='bbox 2992 477 3098 529; x_wconf 87' lang='lat' dir='ltr'><strong>vult</strong></span> <span class='ocrx_word' id='word_1_33' title='bbox 3125 493 3273 541; x_wconf 82' lang='lat' dir='ltr'><strong>esse;</strong></span> <span class='ocrx_word' id='word_1_34' title='bbox 3305 477 3372 531; x_wconf 86' lang='lat' dir='ltr'><strong>ad</strong></span> <span class='ocrx_word' id='word_1_35' title='bbox 3398 476 3660 540; x_wconf 75' lang='lat' dir='ltr'><strong>exterius,</strong></span> <span class='ocrx_word' id='word_1_36' title='bbox 3699 494 3820 532; x_wconf 80' lang='lat' dir='ltr'><strong>cum</strong></span> 
     </span>
    </p>
   </div>
   <div class='ocr_carea' id='block_1_4' title="bbox 509 548 3817 636">
    <p class='ocr_par' dir='ltr' id='par_1_4' title="bbox 509 548 3817 636">
     <span class='ocr_line' id='line_1_4' title="bbox 509 548 3817 636; baseline 0.005 -33"><span class='ocrx_word' id='word_1_37' title='bbox 509 610 516 617; x_wconf 49' lang='grc'>,</span> <span class='ocrx_word' id='word_1_38' title='bbox 551 554 693 604; x_wconf 65' lang='lat' dir='ltr'><strong>esse.</strong></span> <span class='ocrx_word' id='word_1_39' title='bbox 716 558 879 611; x_wconf 77' lang='lat' dir='ltr'><strong>quam</strong></span> <span class='ocrx_word' id='word_1_40' title='bbox 902 559 1118 613; x_wconf 77' lang='lat' dir='ltr'><strong>corpus.</strong></span> <span class='ocrx_word' id='word_1_41' title='bbox 1151 548 1208 601; x_wconf 82' lang='lat' dir='ltr'><strong>Si</strong></span> <span class='ocrx_word' id='word_1_42' title='bbox 1246 565 1374 618; x_wconf 66' lang='lat' dir='ltr'><strong>ergo</strong></span> <span class='ocrx_word' id='word_1_43' title='bbox 1415 549 1466 602; x_wconf 87' lang='lat' dir='ltr'><strong>in</strong></span> <span class='ocrx_word' id='word_1_44' title='bbox 1494 549 1740 618; x_wconf 72' lang='lat' dir='ltr'><strong>corporis</strong></span> <span class='ocrx_word' id='word_1_45' title='bbox 1785 551 1940 604; x_wconf 73' lang='lat' dir='ltr'><strong>bonis</strong></span> <span class='ocrx_word' id='word_1_46' title='bbox 1981 553 2134 604; x_wconf 82' lang='lat' dir='ltr'><strong>itIYe-</strong></span> <span class='ocrx_word' id='word_1_47' title='bbox 2235 558 2462 614; x_wconf 82' lang='lat' dir='ltr'><strong>aliorum</strong></span> <span class='ocrx_word' id='word_1_48' title='bbox 2489 563 2724 630; x_wconf 89' lang='lat' dir='ltr'><strong>propria,</strong></span> <span class='ocrx_word' id='word_1_49' title='bbox 2743 564 2822 618; x_wconf 86' lang='lat' dir='ltr'><strong>vel</strong></span> <span class='ocrx_word' id='word_1_50' title='bbox 2844 581 3196 636; x_wconf 80' lang='lat' dir='ltr'><strong>quaecunque</strong></span> <span class='ocrx_word' id='word_1_51' title='bbox 3216 570 3282 619; x_wconf 86' lang='lat' dir='ltr'><strong>ad</strong></span> <span class='ocrx_word' id='word_1_52' title='bbox 3309 583 3367 620; x_wconf 80' lang='lat' dir='ltr'><strong>se</strong></span> <span class='ocrx_word' id='word_1_53' title='bbox 3393 583 3497 620; x_wconf 88' lang='lat' dir='ltr'><strong>non</strong></span> <span class='ocrx_word' id='word_1_54' title='bbox 3524 566 3817 635; x_wconf 80' lang='lat' dir='ltr'><strong>pertinent,</strong></span> 
     </span>
    </p>
   </div>
   <div class='ocr_carea' id='block_1_5' title="bbox 499 633 3815 725">
    <p class='ocr_par' dir='ltr' id='par_1_5' title="bbox 499 633 3815 725">
     <span class='ocr_line' id='line_1_5' title="bbox 499 633 3815 725; baseline 0.008 -41"><span class='ocrx_word' id='word_1_55' title='bbox 499 674 512 699; x_wconf 81' lang='lat'><strong>,</strong></span> <span class='ocrx_word' id='word_1_56' title='bbox 554 633 729 687; x_wconf 85' lang='lat' dir='ltr'><strong>nimus</strong></span> <span class='ocrx_word' id='word_1_57' title='bbox 759 634 959 702; x_wconf 82' lang='lat' dir='ltr'><strong>aliqua,</strong></span> <span class='ocrx_word' id='word_1_58' title='bbox 990 637 1184 706; x_wconf 79' lang='lat' dir='ltr'><strong>quibus</strong></span> <span class='ocrx_word' id='word_1_59' title='bbox 1213 657 1318 693; x_wconf 90' lang='lat' dir='ltr'><strong>non</strong></span> <span class='ocrx_word' id='word_1_60' title='bbox 1352 651 1495 695; x_wconf 88' lang='lat' dir='ltr'><strong>recte</strong></span> <span class='ocrx_word' id='word_1_61' title='bbox 1524 643 1601 695; x_wconf 90' lang='lat' dir='ltr'><strong>uti</strong></span> <span class='ocrx_word' id='word_1_62' title='bbox 1631 645 1791 694; x_wconf 83' lang='lat' dir='ltr'><strong>homo</strong></span> <span class='ocrx_word' id='word_1_63' title='bbox 1815 644 2008 710; x_wconf 84' lang='lat' dir='ltr'><strong>possit,</strong></span> <span class='ocrx_word' id='word_1_64' title='bbox 2033 659 2131 698; x_wconf 84' lang='lat' dir='ltr'><strong>nec</strong></span> <span class='ocrx_word' id='word_1_65' title='bbox 2234 665 2566 721; x_wconf 73' lang='lat' dir='ltr'><strong>cognoscere</strong></span> <span class='ocrx_word' id='word_1_66' title='bbox 2590 656 2804 720; x_wconf 81' lang='lat' dir='ltr'><strong>studet;</strong></span> <span class='ocrx_word' id='word_1_67' title='bbox 2831 633 2898 709; x_wconf 79' lang='lat' dir='ltr'><strong>ad</strong></span> <span class='ocrx_word' id='word_1_68' title='bbox 2930 656 3173 720; x_wconf 80' lang='lat' dir='ltr'><strong>inferius,</strong></span> <span class='ocrx_word' id='word_1_69' title='bbox 3198 673 3320 711; x_wconf 82' lang='lat' dir='ltr'><strong>eum</strong></span> <span class='ocrx_word' id='word_1_70' title='bbox 3341 657 3666 725; x_wconf 81' lang='lat' dir='ltr'><strong>voluptatem</strong></span> <span class='ocrx_word' id='word_1_71' title='bbox 3693 673 3815 711; x_wconf 87' lang='lat' dir='ltr'><strong>cor-</strong></span> 
     </span>
    </p>
   </div>
   <div class='ocr_carea' id='block_1_6' title="bbox 3718 263 3908 320">
    <p class='ocr_par' dir='ltr' id='par_1_6' title="bbox 3718 263 3908 320">
     <span class='ocr_line' id='line_1_6' title="bbox 3718 263 3908 320; baseline 0.005 -29"><span class='ocrx_word' id='word_1_72' title='bbox 3718 263 3908 320; x_wconf 37' lang='lat'><strong>38,.</strong></span> 
     </span>
    </p>
   </div>
   <div class='ocr_carea' id='block_1_7' title="bbox 554 727 2133 803">
    <p class='ocr_par' dir='ltr' id='par_1_7' title="bbox 554 727 2133 803">
     <span class='ocr_line' id='line_1_7' title="bbox 554 727 2133 803; baseline 0.007 -28"><span class='ocrx_word' id='word_1_73' title='bbox 554 730 729 776; x_wconf 83' lang='lat' dir='ltr'><strong>tamen</strong></span> <span class='ocrx_word' id='word_1_74' title='bbox 755 736 1035 794; x_wconf 73' lang='lat' dir='ltr'><strong>propterea</strong></span> <span class='ocrx_word' id='word_1_75' title='bbox 1061 727 1308 792; x_wconf 82' lang='lat' dir='ltr'><strong>dicimus,</strong></span> <span class='ocrx_word' id='word_1_76' title='bbox 1335 747 1438 784; x_wconf 91' lang='lat' dir='ltr'><strong>non</strong></span> <span class='ocrx_word' id='word_1_77' title='bbox 1469 747 1532 785; x_wconf 87' lang='lat' dir='ltr'><strong>ea</strong></span> <span class='ocrx_word' id='word_1_78' title='bbox 1561 731 1677 784; x_wconf 82' lang='lat' dir='ltr'><strong>dari</strong></span> <span class='ocrx_word' id='word_1_79' title='bbox 1708 732 1972 791; x_wconf 84' lang='lat' dir='ltr'><strong>debuisse.</strong></span> <span class='ocrx_word' id='word_1_80' title='bbox 1998 749 2133 803; x_wconf 90' lang='lat' dir='ltr'><strong>quo-</strong></span> 
     </span>
    </p>
   </div>
   <div class='ocr_carea' id='block_1_8' title="bbox 549 811 2127 889">
    <p class='ocr_par' dir='ltr' id='par_1_8' title="bbox 549 811 2127 889">
     <span class='ocr_line' id='line_1_8' title="bbox 549 811 2127 889; baseline 0.009 -27"><span class='ocrx_word' id='word_1_81' title='bbox 549 811 692 864; x_wconf 74' lang='lat' dir='ltr'><strong>niam</strong></span> <span class='ocrx_word' id='word_1_82' title='bbox 739 827 857 867; x_wconf 81' lang='lat' dir='ltr'><strong>esse</strong></span> <span class='ocrx_word' id='word_1_83' title='bbox 884 819 1208 870; x_wconf 83' lang='lat' dir='ltr'><strong>coniiteutur</strong></span> <span class='ocrx_word' id='word_1_84' title='bbox 1247 819 1384 872; x_wconf 83' lang='lat' dir='ltr'><strong>bona</strong></span> <span class='ocrx_word' id='word_1_85' title='bbox 1413 837 1425 872; x_wconf 94' lang='lat'>:</span> <span class='ocrx_word' id='word_1_86' title='bbox 1452 821 1577 889; x_wconf 86' lang='lat' dir='ltr'><strong>quid</strong></span> <span class='ocrx_word' id='word_1_87' title='bbox 1625 822 1857 880; x_wconf 87' lang='lat' dir='ltr'><strong>tnirum.</strong></span> <span class='ocrx_word' id='word_1_88' title='bbox 1889 823 1934 873; x_wconf 88' lang='lat' dir='ltr'><strong>si</strong></span> <span class='ocrx_word' id='word_1_89' title='bbox 1978 832 2030 875; x_wconf 88' lang='lat' dir='ltr'><strong>et</strong></span> <span class='ocrx_word' id='word_1_90' title='bbox 2074 823 2127 876; x_wconf 89' lang='lat' dir='ltr'><strong>in</strong></span> 
     </span>
    </p>
   </div>
   <div class='ocr_carea' id='block_1_9' title="bbox 547 904 2129 980">
    <p class='ocr_par' dir='ltr' id='par_1_9' title="bbox 547 904 2129 980">
     <span class='ocr_line' id='line_1_9' title="bbox 547 904 2129 980; baseline 0.008 -24"><span class='ocrx_word' id='word_1_91' title='bbox 547 904 728 956; x_wconf 85' lang='lat' dir='ltr'><strong>animo</strong></span> <span class='ocrx_word' id='word_1_92' title='bbox 759 918 885 960; x_wconf 85' lang='lat' dir='ltr'><strong>sunt</strong></span> <span class='ocrx_word' id='word_1_93' title='bbox 919 909 1183 976; x_wconf 76' lang='lat' dir='ltr'><strong>quaedam</strong></span> <span class='ocrx_word' id='word_1_94' title='bbox 1212 913 1368 972; x_wconf 87' lang='lat' dir='ltr'><strong>bona,</strong></span> <span class='ocrx_word' id='word_1_95' title='bbox 1405 912 1600 980; x_wconf 82' lang='lat' dir='ltr'><strong>quibus</strong></span> <span class='ocrx_word' id='word_1_96' title='bbox 1639 911 1804 964; x_wconf 81' lang='lat' dir='ltr'><strong>etiam</strong></span> <span class='ocrx_word' id='word_1_97' title='bbox 1837 927 1943 966; x_wconf 89' lang='lat' dir='ltr'><strong>non</strong></span> <span class='ocrx_word' id='word_1_98' title='bbox 1981 919 2129 968; x_wconf 84' lang='lat' dir='ltr'><strong>recte</strong></span> 
     </span>
    </p>
   </div>
   <div class='ocr_carea' id='block_1_10' title="bbox 546 995 2127 1072">
    <p class='ocr_par' dir='ltr' id='par_1_10' title="bbox 546 995 2127 1072">
     <span class='ocr_line' id='line_1_10' title="bbox 546 995 2127 1072; baseline 0.007 -26"><span class='ocrx_word' id='word_1_99' title='bbox 546 995 619 1058; x_wconf 85' lang='lat' dir='ltr'><strong>uti</strong></span> <span class='ocrx_word' id='word_1_100' title='bbox 651 1011 958 1064; x_wconf 73' lang='lat' dir='ltr'><strong>possumus.</strong></span> <span class='ocrx_word' id='word_1_101' title='bbox 990 997 1097 1053; x_wconf 82' lang='lat' dir='ltr'><strong>Sed</strong></span> <span class='ocrx_word' id='word_1_102' title='bbox 1121 1016 1261 1068; x_wconf 81' lang='lat' dir='ltr'><strong>quae</strong></span> <span class='ocrx_word' id='word_1_103' title='bbox 1303 1000 1317 1030; x_wconf 83' lang='grc'>⁸</span> <span class='ocrx_word' id='word_1_104' title='bbox 1346 999 1482 1053; x_wconf 84' lang='lat' dir='ltr'><strong>bona</strong></span> <span class='ocrx_word' id='word_1_105' title='bbox 1514 1013 1668 1063; x_wconf 89' lang='lat' dir='ltr'><strong>sunt,</strong></span> <span class='ocrx_word' id='word_1_106' title='bbox 1700 1016 1802 1054; x_wconf 87' lang='lat' dir='ltr'><strong>non</strong></span> <span class='ocrx_word' id='word_1_107' title='bbox 1834 1013 2127 1072; x_wconf 83' lang='lat' dir='ltr'><strong>potuerunt</strong></span> 
     </span>
    </p>
   </div>
   <div class='ocr_carea' id='block_1_11' title="bbox 541 1083 2125 1167">
    <p class='ocr_par' dir='ltr' id='par_1_11' title="bbox 541 1083 2125 1167">
     <span class='ocr_line' id='line_1_11' title="bbox 541 1083 2125 1167; baseline 0.008 -31"><span class='ocrx_word' id='word_1_108' title='bbox 541 1083 698 1146; x_wconf 87' lang='lat' dir='ltr'><strong>dari,</strong></span> <span class='ocrx_word' id='word_1_109' title='bbox 733 1087 837 1140; x_wconf 78' lang='lat' dir='ltr'><strong>nisi</strong></span> <span class='ocrx_word' id='word_1_110' title='bbox 883 1090 952 1140; x_wconf 80' lang='lat' dir='ltr'><strong>ab</strong></span> <span class='ocrx_word' id='word_1_111' title='bbox 1003 1087 1116 1152; x_wconf 89' lang='lat' dir='ltr'><strong>illo,</strong></span> <span class='ocrx_word' id='word_1_112' title='bbox 1162 1107 1193 1144; x_wconf 86' lang='lat' dir='ltr'><strong>a</strong></span> <span class='ocrx_word' id='word_1_113' title='bbox 1241 1106 1348 1157; x_wconf 81' lang='lat' dir='ltr'><strong>quo</strong></span> <span class='ocrx_word' id='word_1_114' title='bbox 1393 1103 1516 1146; x_wconf 83' lang='lat' dir='ltr'><strong>sunt</strong></span> <span class='ocrx_word' id='word_1_115' title='bbox 1567 1092 1745 1147; x_wconf 88' lang='lat' dir='ltr'><strong>omnia</strong></span> <span class='ocrx_word' id='word_1_116' title='bbox 1779 1094 2125 1167; x_wconf 40' lang='lat' dir='ltr'><strong>bouanides</strong></span> 
     </span>
    </p>
   </div>
   <div class='ocr_carea' id='block_1_12' title="bbox 538 1176 2120 1253">
    <p class='ocr_par' dir='ltr' id='par_1_12' title="bbox 538 1176 2120 1253">
     <span class='ocr_line' id='line_1_12' title="bbox 538 1176 2120 1253; baseline 0.006 -22"><span class='ocrx_word' id='word_1_117' title='bbox 538 1176 706 1239; x_wconf 82' lang='lat' dir='ltr'><strong>enim,</strong></span> <span class='ocrx_word' id='word_1_118' title='bbox 729 1187 986 1247; x_wconf 85' lang='lat' dir='ltr'><strong>quantum</strong></span> <span class='ocrx_word' id='word_1_119' title='bbox 1018 1181 1142 1236; x_wconf 87' lang='lat' dir='ltr'><strong>boui</strong></span> <span class='ocrx_word' id='word_1_120' title='bbox 1163 1184 1301 1236; x_wconf 87' lang='lat' dir='ltr'><strong>desit</strong></span> <span class='ocrx_word' id='word_1_121' title='bbox 1323 1184 1658 1253; x_wconf 84' lang='lat' dir='ltr'><strong>eorpori,cui</strong></span> <span class='ocrx_word' id='word_1_122' title='bbox 1686 1185 1881 1239; x_wconf 82' lang='lat' dir='ltr'><strong>desunt</strong></span> <span class='ocrx_word' id='word_1_123' title='bbox 1907 1202 2120 1250; x_wconf 84' lang='lat' dir='ltr'><strong>manus,</strong></span> 
     </span>
    </p>
   </div>
   <div class='ocr_carea' id='block_1_13' title="bbox 537 1271 2120 1345">
    <p class='ocr_par' dir='ltr' id='par_1_13' title="bbox 537 1271 2120 1345">
     <span class='ocr_line' id='line_1_13' title="bbox 537 1271 2120 1345; baseline 0.005 -23"><span class='ocrx_word' id='word_1_124' title='bbox 537 1276 594 1322; x_wconf 83' lang='lat' dir='ltr'><strong>et</strong></span> <span class='ocrx_word' id='word_1_125' title='bbox 623 1277 804 1324; x_wconf 83' lang='lat' dir='ltr'><strong>tamen</strong></span> <span class='ocrx_word' id='word_1_126' title='bbox 837 1271 1088 1326; x_wconf 86' lang='lat' dir='ltr'><strong>manibus</strong></span> <span class='ocrx_word' id='word_1_127' title='bbox 1120 1275 1261 1328; x_wconf 89' lang='lat' dir='ltr'><strong>male</strong></span> <span class='ocrx_word' id='word_1_128' title='bbox 1297 1277 1486 1339; x_wconf 86' lang='lat' dir='ltr'><strong>utitur,</strong></span> <span class='ocrx_word' id='word_1_129' title='bbox 1519 1276 1609 1344; x_wconf 88' lang='lat' dir='ltr'><strong>qui</strong></span> <span class='ocrx_word' id='word_1_130' title='bbox 1638 1277 1719 1330; x_wconf 81' lang='lat' dir='ltr'><strong>eis</strong></span> <span class='ocrx_word' id='word_1_131' title='bbox 1752 1287 2010 1345; x_wconf 87' lang='lat' dir='ltr'><strong>operatur</strong></span> <span class='ocrx_word' id='word_1_132' title='bbox 2039 1277 2120 1330; x_wconf 97' lang='lat' dir='ltr'><strong>vel</strong></span> 
     </span>
    </p>
   </div>
   <div class='ocr_carea' id='block_1_14' title="bbox 542 1361 2117 1438">
    <p class='ocr_par' dir='ltr' id='par_1_14' title="bbox 542 1361 2117 1438">
     <span class='ocr_line' id='line_1_14' title="bbox 542 1361 2117 1438; baseline 0.006 -25"><span class='ocrx_word' id='word_1_133' title='bbox 542 1372 706 1416; x_wconf 71' lang='lat' dir='ltr'><strong>Saeva</strong></span> <span class='ocrx_word' id='word_1_134' title='bbox 751 1363 831 1415; x_wconf 86' lang='lat' dir='ltr'><strong>vel</strong></span> <span class='ocrx_word' id='word_1_135' title='bbox 872 1364 1066 1432; x_wconf 84' lang='lat' dir='ltr'><strong>turpia.</strong></span> <span class='ocrx_word' id='word_1_136' title='bbox 1094 1361 1223 1418; x_wconf 85' lang='lat' dir='ltr'><strong>Sine</strong></span> <span class='ocrx_word' id='word_1_137' title='bbox 1247 1365 1473 1434; x_wconf 80' lang='lat' dir='ltr'><strong>pedibus</strong></span> <span class='ocrx_word' id='word_1_138' title='bbox 1495 1366 1727 1435; x_wconf 83' lang='lat' dir='ltr'><strong>aliquem</strong></span> <span class='ocrx_word' id='word_1_139' title='bbox 1753 1368 1796 1420; x_wconf 83' lang='lat' dir='ltr'><strong>si</strong></span> <span class='ocrx_word' id='word_1_140' title='bbox 1824 1370 2117 1438; x_wconf 79' lang='lat' dir='ltr'><strong>aspiceres,</strong></span> 
     </span>
    </p>
   </div>
   <div class='ocr_carea' id='block_1_15' title="bbox 533 1451 2119 1527">
    <p class='ocr_par' dir='ltr' id='par_1_15' title="bbox 533 1451 2119 1527">
     <span class='ocr_line' id='line_1_15' title="bbox 533 1451 2119 1527; baseline 0.007 -25"><span class='ocrx_word' id='word_1_141' title='bbox 533 1451 808 1517; x_wconf 74' lang='lat' dir='ltr'><strong>intereris,</strong></span> <span class='ocrx_word' id='word_1_142' title='bbox 836 1453 1022 1508; x_wconf 85' lang='lat' dir='ltr'><strong>deesse</strong></span> <span class='ocrx_word' id='word_1_143' title='bbox 1066 1454 1359 1524; x_wconf 73' lang='lat' dir='ltr'><strong>integritati</strong></span> <span class='ocrx_word' id='word_1_144' title='bbox 1403 1457 1648 1525; x_wconf 81' lang='lat' dir='ltr'><strong>corporis</strong></span> <span class='ocrx_word' id='word_1_145' title='bbox 1686 1459 1975 1527; x_wconf 89' lang='lat' dir='ltr'><strong>plurimum</strong></span> <span class='ocrx_word' id='word_1_146' title='bbox 2017 1461 2119 1514; x_wconf 83' lang='lat' dir='ltr'><strong>bo-</strong></span> 
     </span>
    </p>
   </div>
   <div class='ocr_carea' id='block_1_16' title="bbox 533 1547 2116 1618">
    <p class='ocr_par' dir='ltr' id='par_1_16' title="bbox 533 1547 2116 1618">
     <span class='ocr_line' id='line_1_16' title="bbox 533 1547 2116 1618; baseline 0.006 -26"><span class='ocrx_word' id='word_1_147' title='bbox 533 1554 685 1605; x_wconf 75' lang='lat' dir='ltr'><strong>num,</strong></span> <span class='ocrx_word' id='word_1_148' title='bbox 723 1552 777 1596; x_wconf 88' lang='lat' dir='ltr'><strong>et</strong></span> <span class='ocrx_word' id='word_1_149' title='bbox 800 1551 978 1597; x_wconf 88' lang='lat' dir='ltr'><strong>tamen</strong></span> <span class='ocrx_word' id='word_1_150' title='bbox 1004 1559 1150 1607; x_wconf 83' lang='lat' dir='ltr'><strong>eum,</strong></span> <span class='ocrx_word' id='word_1_151' title='bbox 1194 1547 1284 1616; x_wconf 89' lang='lat' dir='ltr'><strong>qui</strong></span> <span class='ocrx_word' id='word_1_152' title='bbox 1313 1549 1384 1602; x_wconf 87' lang='lat' dir='ltr'><strong>ad</strong></span> <span class='ocrx_word' id='word_1_153' title='bbox 1411 1548 1712 1601; x_wconf 82' lang='lat' dir='ltr'><strong>noecndum</strong></span> <span class='ocrx_word' id='word_1_154' title='bbox 1741 1548 1972 1618; x_wconf 77' lang='lat' dir='ltr'><strong>cuipiam</strong></span> <span class='ocrx_word' id='word_1_155' title='bbox 1992 1590 2008 1612; x_wconf 91' lang='lat'><strong>,</strong></span> <span class='ocrx_word' id='word_1_156' title='bbox 2033 1550 2116 1606; x_wconf 82' lang='lat' dir='ltr'><strong>vel</strong></span> 
     </span>
    </p>
   </div>
   <div class='ocr_carea' id='block_1_17' title="bbox 532 1631 2115 1707">
    <p class='ocr_par' dir='ltr' id='par_1_17' title="bbox 532 1631 2115 1707">
     <span class='ocr_line' id='line_1_17' title="bbox 532 1631 2115 1707; baseline 0.008 -22"><span class='ocrx_word' id='word_1_157' title='bbox 532 1631 770 1701; x_wconf 80' lang='lat' dir='ltr'><strong>seipsum</strong></span> <span class='ocrx_word' id='word_1_158' title='bbox 795 1636 1254 1690; x_wconf 83' lang='lat' dir='ltr'><strong>dehonestandum</strong></span> <span class='ocrx_word' id='word_1_159' title='bbox 1301 1640 1525 1707; x_wconf 83' lang='lat' dir='ltr'><strong>pedibus</strong></span> <span class='ocrx_word' id='word_1_160' title='bbox 1575 1649 1836 1705; x_wconf 77' lang='lat' dir='ltr'><strong>uteretur,</strong></span> <span class='ocrx_word' id='word_1_161' title='bbox 1871 1642 2011 1696; x_wconf 87' lang='lat' dir='ltr'><strong>male</strong></span> <span class='ocrx_word' id='word_1_162' title='bbox 2038 1643 2115 1697; x_wconf 89' lang='lat' dir='ltr'><strong>uti</strong></span> 
     </span>
    </p>
   </div>
   <div class='ocr_carea' id='block_1_18' title="bbox 529 1723 2327 1816">
    <p class='ocr_par' dir='ltr' id='par_1_18' title="bbox 529 1723 2327 1816">
     <span class='ocr_line' id='line_1_18' title="bbox 529 1723 2327 1816; baseline 0.007 -41"><span class='ocrx_word' id='word_1_163' title='bbox 529 1723 760 1791; x_wconf 76' lang='lat' dir='ltr'><strong>pedibus</strong></span> <span class='ocrx_word' id='word_1_164' title='bbox 801 1740 906 1778; x_wconf 89' lang='lat' dir='ltr'><strong>non</strong></span> <span class='ocrx_word' id='word_1_165' title='bbox 953 1741 1199 1796; x_wconf 67' lang='lat' dir='ltr'><strong>negares.</strong></span> <span class='ocrx_word' id='word_1_166' title='bbox 1233 1729 1417 1782; x_wconf 80' lang='lat' dir='ltr'><strong>Oculis</strong></span> <span class='ocrx_word' id='word_1_167' title='bbox 1452 1731 1588 1783; x_wconf 84' lang='lat' dir='ltr'><strong>hanc</strong></span> <span class='ocrx_word' id='word_1_168' title='bbox 1629 1731 1801 1786; x_wconf 80' lang='lat' dir='ltr'><strong>lucent</strong></span> <span class='ocrx_word' id='word_1_169' title='bbox 1834 1731 2074 1786; x_wconf 75' lang='lat' dir='ltr'><strong>videmus</strong></span> <span class='ocrx_word' id='word_1_170' title='bbox 2096 1774 2112 1800; x_wconf 89' lang='lat'><strong>,</strong></span> <span class='ocrx_word' id='word_1_171' title='bbox 2145 1743 2192 1804; x_wconf 76' lang='grc' dir='ltr'><strong>Β</strong></span> <span class='ocrx_word' id='word_1_172' title='bbox 2223 1755 2327 1816; x_wconf 41' lang='lat'><strong>530‘</strong></span> 
     </span>
    </p>
   </div>
   <div class='ocr_carea' id='block_1_19' title="bbox 527 1808 2118 1894">
    <p class='ocr_par' dir='ltr' id='par_1_19' title="bbox 527 1808 2118 1894">
     <span class='ocr_line' id='line_1_19' title="bbox 527 1808 2118 1894; baseline 0.009 -30"><span class='ocrx_word' id='word_1_173' title='bbox 527 1808 842 1883; x_wconf 74' lang='lat' dir='ltr'><strong>formasque</strong></span> <span class='ocrx_word' id='word_1_174' title='bbox 868 1813 1281 1870; x_wconf 82' lang='lat' dir='ltr'><strong>internoseintus</strong></span> <span class='ocrx_word' id='word_1_175' title='bbox 1313 1818 1332 1847; x_wconf 80' lang='grc'>³</span> <span class='ocrx_word' id='word_1_176' title='bbox 1364 1833 1682 1887; x_wconf 80' lang='lat' dir='ltr'><strong>corporum,</strong></span> <span class='ocrx_word' id='word_1_177' title='bbox 1709 1820 1867 1890; x_wconf 82' lang='lat' dir='ltr'><strong>idque</strong></span> <span class='ocrx_word' id='word_1_178' title='bbox 1906 1832 1960 1876; x_wconf 87' lang='lat' dir='ltr'><strong>et</strong></span> <span class='ocrx_word' id='word_1_179' title='bbox 1997 1837 2118 1894; x_wconf 83' lang='lat' dir='ltr'><strong>spe-</strong></span> 
     </span>
    </p>
   </div>
   <div class='ocr_carea' id='block_1_20' title="bbox 529 1903 2115 1983">
    <p class='ocr_par' dir='ltr' id='par_1_20' title="bbox 529 1903 2115 1983">
     <span class='ocr_line' id='line_1_20' title="bbox 529 1903 2115 1983; baseline 0.006 -23"><span class='ocrx_word' id='word_1_180' title='bbox 529 1903 893 1960; x_wconf 79' lang='lat' dir='ltr'><strong>ciosissimum</strong></span> <span class='ocrx_word' id='word_1_181' title='bbox 929 1915 1012 1963; x_wconf 79' lang='lat' dir='ltr'><strong>est</strong></span> <span class='ocrx_word' id='word_1_182' title='bbox 1055 1908 1106 1962; x_wconf 90' lang='lat' dir='ltr'><strong>in</strong></span> <span class='ocrx_word' id='word_1_183' title='bbox 1145 1919 1330 1964; x_wconf 76' lang='lat' dir='ltr'><strong>nostro</strong></span> <span class='ocrx_word' id='word_1_184' title='bbox 1362 1926 1607 1980; x_wconf 83' lang='lat' dir='ltr'><strong>corpore.</strong></span> <span class='ocrx_word' id='word_1_185' title='bbox 1639 1911 1788 1968; x_wconf 83' lang='lat' dir='ltr'><strong>Unde</strong></span> <span class='ocrx_word' id='word_1_186' title='bbox 1818 1914 1870 1968; x_wconf 90' lang='lat' dir='ltr'><strong>in</strong></span> <span class='ocrx_word' id='word_1_187' title='bbox 1902 1915 2115 1983; x_wconf 75' lang='lat' dir='ltr'><strong>fasdgio</strong></span> 
     </span>
    </p>
   </div>
   <div class='ocr_carea' id='block_1_21' title="bbox 527 2001 2114 2074">
    <p class='ocr_par' dir='ltr' id='par_1_21' title="bbox 527 2001 2114 2074">
     <span class='ocr_line' id='line_1_21' title="bbox 527 2001 2114 2074; baseline 0.007 -21"><span class='ocrx_word' id='word_1_188' title='bbox 527 2001 762 2069; x_wconf 86' lang='lat' dir='ltr'><strong>quodam</strong></span> <span class='ocrx_word' id='word_1_189' title='bbox 791 2001 1071 2071; x_wconf 67' lang='lat' dir='ltr'><strong>dignitatis</strong></span> <span class='ocrx_word' id='word_1_190' title='bbox 1118 2003 1250 2058; x_wconf 77' lang='lat' dir='ltr'><strong>haec</strong></span> <span class='ocrx_word' id='word_1_191' title='bbox 1282 2005 1521 2059; x_wconf 84' lang='lat' dir='ltr'><strong>membra</strong></span> <span class='ocrx_word' id='word_1_192' title='bbox 1565 2007 1739 2060; x_wconf 85' lang='lat' dir='ltr'><strong>locata</strong></span> <span class='ocrx_word' id='word_1_193' title='bbox 1783 2017 1928 2074; x_wconf 80' lang='lat' dir='ltr'><strong>sunt,</strong></span> <span class='ocrx_word' id='word_1_194' title='bbox 1961 2020 2017 2063; x_wconf 86' lang='lat' dir='ltr'><strong>et</strong></span> <span class='ocrx_word' id='word_1_195' title='bbox 2043 2009 2114 2064; x_wconf 83' lang='lat' dir='ltr'><strong>ad</strong></span> 
     </span>
    </p>
   </div>
   <div class='ocr_carea' id='block_1_22' title="bbox 527 2089 2113 2167">
    <p class='ocr_par' dir='ltr' id='par_1_22' title="bbox 527 2089 2113 2167">
     <span class='ocr_line' id='line_1_22' title="bbox 527 2089 2113 2167; baseline 0.008 -21"><span class='ocrx_word' id='word_1_196' title='bbox 527 2089 758 2148; x_wconf 81' lang='lat' dir='ltr'><strong>salutem</strong></span> <span class='ocrx_word' id='word_1_197' title='bbox 786 2096 1060 2158; x_wconf 88' lang='lat' dir='ltr'><strong>tuendam,</strong></span> <span class='ocrx_word' id='word_1_198' title='bbox 1093 2097 1366 2167; x_wconf 82' lang='lat' dir='ltr'><strong>multaque</strong></span> <span class='ocrx_word' id='word_1_199' title='bbox 1414 2099 1518 2154; x_wconf 85' lang='lat' dir='ltr'><strong>alia</strong></span> <span class='ocrx_word' id='word_1_200' title='bbox 1550 2102 1688 2156; x_wconf 86' lang='lat' dir='ltr'><strong>vitae</strong></span> <span class='ocrx_word' id='word_1_201' title='bbox 1714 2103 1997 2156; x_wconf 83' lang='lat' dir='ltr'><strong>commoda</strong></span> <span class='ocrx_word' id='word_1_202' title='bbox 2026 2115 2113 2158; x_wconf 77' lang='lat' dir='ltr'><strong>re—</strong></span> 
     </span>
    </p>
   </div>
   <div class='ocr_carea' id='block_1_23' title="bbox 525 2187 2110 2264">
    <p class='ocr_par' dir='ltr' id='par_1_23' title="bbox 525 2187 2110 2264">
     <span class='ocr_line' id='line_1_23' title="bbox 525 2187 2110 2264; baseline 0.006 -27"><span class='ocrx_word' id='word_1_203' title='bbox 525 2189 633 2238; x_wconf 76' lang='lat' dir='ltr'><strong>lert</strong></span> <span class='ocrx_word' id='word_1_204' title='bbox 672 2201 802 2240; x_wconf 90' lang='lat' dir='ltr'><strong>usus</strong></span> <span class='ocrx_word' id='word_1_205' title='bbox 827 2187 1127 2240; x_wconf 80' lang='lat' dir='ltr'><strong>oculorum.</strong></span> <span class='ocrx_word' id='word_1_206' title='bbox 1164 2187 1346 2243; x_wconf 81' lang='lat' dir='ltr'><strong>Oculis</strong></span> <span class='ocrx_word' id='word_1_207' title='bbox 1371 2199 1546 2246; x_wconf 79' lang='lat' dir='ltr'><strong>tamen</strong></span> <span class='ocrx_word' id='word_1_208' title='bbox 1575 2192 1815 2262; x_wconf 81' lang='lat' dir='ltr'><strong>plerique</strong></span> <span class='ocrx_word' id='word_1_209' title='bbox 1845 2193 2110 2264; x_wconf 85' lang='lat' dir='ltr'><strong>pleraque</strong></span> 
     </span>
    </p>
   </div>
   <div class='ocr_carea' id='block_1_24' title="bbox 524 2278 2111 2352">
    <p class='ocr_par' dir='ltr' id='par_1_24' title="bbox 524 2278 2111 2352">
     <span class='ocr_line' id='line_1_24' title="bbox 524 2278 2111 2352; baseline 0.005 -22"><span class='ocrx_word' id='word_1_210' title='bbox 524 2286 692 2346; x_wconf 74' lang='lat' dir='ltr'><strong>agunt</strong></span> <span class='ocrx_word' id='word_1_211' title='bbox 736 2278 986 2347; x_wconf 85' lang='lat' dir='ltr'><strong>turpiter,</strong></span> <span class='ocrx_word' id='word_1_212' title='bbox 1018 2290 1072 2332; x_wconf 88' lang='lat' dir='ltr'><strong>et</strong></span> <span class='ocrx_word' id='word_1_213' title='bbox 1103 2293 1197 2333; x_wconf 83' lang='lat' dir='ltr'><strong>eos</strong></span> <span class='ocrx_word' id='word_1_214' title='bbox 1235 2281 1468 2336; x_wconf 84' lang='lat' dir='ltr'><strong>militare</strong></span> <span class='ocrx_word' id='word_1_215' title='bbox 1517 2293 1716 2352; x_wconf 70' lang='lat' dir='ltr'><strong>cogunt</strong></span> <span class='ocrx_word' id='word_1_216' title='bbox 1764 2283 1994 2337; x_wconf 84' lang='lat' dir='ltr'><strong>libidini.</strong></span> <span class='ocrx_word' id='word_1_217' title='bbox 2042 2283 2111 2338; x_wconf 83' lang='lat' dir='ltr'><strong>Et</strong></span> 
     </span>
    </p>
   </div>
   <div class='ocr_carea' id='block_1_25' title="bbox 522 2371 2105 2442">
    <p class='ocr_par' dir='ltr' id='par_1_25' title="bbox 522 2371 2105 2442">
     <span class='ocr_line' id='line_1_25' title="bbox 522 2371 2105 2442; baseline 0.004 -19"><span class='ocrx_word' id='word_1_218' title='bbox 522 2371 692 2434; x_wconf 82' lang='lat' dir='ltr'><strong>vides,</strong></span> <span class='ocrx_word' id='word_1_219' title='bbox 717 2382 978 2442; x_wconf 84' lang='lat' dir='ltr'><strong>quantum</strong></span> <span class='ocrx_word' id='word_1_220' title='bbox 1006 2374 1200 2428; x_wconf 85' lang='lat' dir='ltr'><strong>bonum</strong></span> <span class='ocrx_word' id='word_1_221' title='bbox 1223 2375 1360 2428; x_wconf 80' lang='lat' dir='ltr'><strong>desit</strong></span> <span class='ocrx_word' id='word_1_222' title='bbox 1388 2375 1440 2428; x_wconf 87' lang='lat' dir='ltr'><strong>in</strong></span> <span class='ocrx_word' id='word_1_223' title='bbox 1473 2374 1630 2440; x_wconf 81' lang='lat' dir='ltr'><strong>facie,</strong></span> <span class='ocrx_word' id='word_1_224' title='bbox 1651 2377 1696 2429; x_wconf 86' lang='lat' dir='ltr'><strong>si</strong></span> <span class='ocrx_word' id='word_1_225' title='bbox 1721 2377 1861 2430; x_wconf 75' lang='lat' dir='ltr'><strong>oculi</strong></span> <span class='ocrx_word' id='word_1_226' title='bbox 1890 2376 2105 2432; x_wconf 89' lang='lat' dir='ltr'><strong>desunt.</strong></span> 
     </span>
    </p>
   </div>
   <div class='ocr_carea' id='block_1_26' title="bbox 520 2459 2107 2534">
    <p class='ocr_par' dir='ltr' id='par_1_26' title="bbox 520 2459 2107 2534">
     <span class='ocr_line' id='line_1_26' title="bbox 520 2459 2107 2534; baseline 0.004 -20"><span class='ocrx_word' id='word_1_227' title='bbox 520 2459 656 2514; x_wconf 75' lang='lat' dir='ltr'><strong>Cum</strong></span> <span class='ocrx_word' id='word_1_228' title='bbox 692 2471 872 2515; x_wconf 80' lang='lat' dir='ltr'><strong>autem</strong></span> <span class='ocrx_word' id='word_1_229' title='bbox 905 2462 1184 2529; x_wconf 75' lang='lat' dir='ltr'><strong>adsunt&quot;,</strong></span> <span class='ocrx_word' id='word_1_230' title='bbox 1211 2465 1336 2534; x_wconf 87' lang='lat' dir='ltr'><strong>quis</strong></span> <span class='ocrx_word' id='word_1_231' title='bbox 1367 2467 1465 2520; x_wconf 85' lang='lat' dir='ltr'><strong>hos</strong></span> <span class='ocrx_word' id='word_1_232' title='bbox 1496 2468 1642 2520; x_wconf 83' lang='lat' dir='ltr'><strong>dedit</strong></span> <span class='ocrx_word' id='word_1_233' title='bbox 1662 2507 1674 2528; x_wconf 88' lang='lat'><strong>.</strong></span> <span class='ocrx_word' id='word_1_234' title='bbox 1703 2467 1804 2521; x_wconf 86' lang='lat' dir='ltr'><strong>nisi</strong></span> <span class='ocrx_word' id='word_1_235' title='bbox 1845 2469 2107 2521; x_wconf 85' lang='lat' dir='ltr'><strong>honorum</strong></span> 
     </span>
    </p>
   </div>
   <div class='ocr_carea' id='block_1_27' title="bbox 519 2541 2106 2628">
    <p class='ocr_par' dir='ltr' id='par_1_27' title="bbox 519 2541 2106 2628">
     <span class='ocr_line' id='line_1_27' title="bbox 519 2541 2106 2628; baseline 0.004 -23"><span class='ocrx_word' id='word_1_236' title='bbox 519 2551 762 2605; x_wconf 87' lang='lat' dir='ltr'><strong>omnium</strong></span> <span class='ocrx_word' id='word_1_237' title='bbox 815 2553 1042 2622; x_wconf 80' lang='lat' dir='ltr'><strong>largitor</strong></span> <span class='ocrx_word' id='word_1_238' title='bbox 1094 2555 1280 2610; x_wconf 83' lang='lat' dir='ltr'><strong>Deus?</strong></span> <span class='ocrx_word' id='word_1_239' title='bbox 1311 2557 1771 2623; x_wconf 78' lang='lat' dir='ltr'><strong>Quemadmodum</strong></span> <span class='ocrx_word' id='word_1_240' title='bbox 1803 2541 1957 2628; x_wconf 62' lang='grc' dir='ltr'><strong>ὀι-ευ</strong></span> <span class='ocrx_word' id='word_1_241' title='bbox 2006 2557 2106 2612; x_wconf 87' lang='lat' dir='ltr'><strong>ista</strong></span> 
     </span>
    </p>
   </div>
   <div class='ocr_carea' id='block_1_28' title="bbox 524 2641 2108 2718">
    <p class='ocr_par' dir='ltr' id='par_1_28' title="bbox 524 2641 2108 2718">
     <span class='ocr_line' id='line_1_28' title="bbox 524 2641 2108 2718; baseline 0.006 -24"><span class='ocrx_word' id='word_1_242' title='bbox 524 2643 723 2711; x_wconf 86' lang='lat' dir='ltr'><strong>probas</strong></span> <span class='ocrx_word' id='word_1_243' title='bbox 748 2641 803 2697; x_wconf 89' lang='lat' dir='ltr'><strong>in</strong></span> <span class='ocrx_word' id='word_1_244' title='bbox 845 2659 1092 2714; x_wconf 86' lang='lat' dir='ltr'><strong>corpore,</strong></span> <span class='ocrx_word' id='word_1_245' title='bbox 1121 2656 1178 2700; x_wconf 87' lang='lat' dir='ltr'><strong>et</strong></span> <span class='ocrx_word' id='word_1_246' title='bbox 1204 2663 1308 2701; x_wconf 91' lang='lat' dir='ltr'><strong>non</strong></span> <span class='ocrx_word' id='word_1_247' title='bbox 1339 2647 1552 2703; x_wconf 86' lang='lat' dir='ltr'><strong>intuens</strong></span> <span class='ocrx_word' id='word_1_248' title='bbox 1583 2665 1696 2712; x_wconf 87' lang='lat' dir='ltr'><strong>eos,</strong></span> <span class='ocrx_word' id='word_1_249' title='bbox 1733 2650 1823 2718; x_wconf 87' lang='lat' dir='ltr'><strong>qui</strong></span> <span class='ocrx_word' id='word_1_250' title='bbox 1855 2650 1994 2704; x_wconf 85' lang='lat' dir='ltr'><strong>male</strong></span> <span class='ocrx_word' id='word_1_251' title='bbox 2022 2651 2108 2704; x_wconf 88' lang='lat' dir='ltr'><strong>bis</strong></span> 
     </span>
    </p>
   </div>
   <div class='ocr_carea' id='block_1_29' title="bbox 521 2734 2106 2812">
    <p class='ocr_par' dir='ltr' id='par_1_29' title="bbox 521 2734 2106 2812">
     <span class='ocr_line' id='line_1_29' title="bbox 521 2734 2106 2812; baseline 0.008 -27"><span class='ocrx_word' id='word_1_252' title='bbox 521 2741 770 2801; x_wconf 89' lang='lat' dir='ltr'><strong>utuntur,</strong></span> <span class='ocrx_word' id='word_1_253' title='bbox 819 2736 1006 2793; x_wconf 76' lang='lat' dir='ltr'><strong>laudas</strong></span> <span class='ocrx_word' id='word_1_254' title='bbox 1061 2739 1233 2806; x_wconf 88' lang='lat' dir='ltr'><strong>illum,</strong></span> <span class='ocrx_word' id='word_1_255' title='bbox 1279 2741 1370 2812; x_wconf 88' lang='lat' dir='ltr'><strong>qui</strong></span> <span class='ocrx_word' id='word_1_256' title='bbox 1409 2743 1541 2798; x_wconf 83' lang='lat' dir='ltr'><strong>haec</strong></span> <span class='ocrx_word' id='word_1_257' title='bbox 1595 2734 1744 2798; x_wconf 81' lang='lat' dir='ltr'><strong>dedit</strong></span> <span class='ocrx_word' id='word_1_258' title='bbox 1787 2745 1922 2798; x_wconf 90' lang='lat' dir='ltr'><strong>bona</strong></span> <span class='ocrx_word' id='word_1_259' title='bbox 1970 2759 1986 2798; x_wconf 88' lang='lat'><strong>:</strong></span> <span class='ocrx_word' id='word_1_260' title='bbox 2026 2744 2106 2799; x_wconf 88' lang='lat' dir='ltr'><strong>sic</strong></span> 
     </span>
    </p>
   </div>
   <div class='ocr_carea' id='block_1_30' title="bbox 518 2823 2107 2906">
    <p class='ocr_par' dir='ltr' id='par_1_30' title="bbox 518 2823 2107 2906">
     <span class='ocr_line' id='line_1_30' title="bbox 518 2823 2107 2906; baseline 0.008 -28"><span class='ocrx_word' id='word_1_261' title='bbox 518 2823 746 2880; x_wconf 75' lang='lat' dir='ltr'><strong>liberam</strong></span> <span class='ocrx_word' id='word_1_262' title='bbox 783 2829 1143 2890; x_wconf 74' lang='lat' dir='ltr'><strong>voluntatem.</strong></span> <span class='ocrx_word' id='word_1_263' title='bbox 1171 2832 1290 2888; x_wconf 88' lang='lat' dir='ltr'><strong>sine</strong></span> <span class='ocrx_word' id='word_1_264' title='bbox 1316 2849 1420 2904; x_wconf 89' lang='lat' dir='ltr'><strong>qua</strong></span> <span class='ocrx_word' id='word_1_265' title='bbox 1456 2849 1614 2889; x_wconf 89' lang='lat' dir='ltr'><strong>nemo</strong></span> <span class='ocrx_word' id='word_1_266' title='bbox 1644 2845 1820 2906; x_wconf 85' lang='lat' dir='ltr'><strong>potest</strong></span> <span class='ocrx_word' id='word_1_267' title='bbox 1847 2850 1993 2892; x_wconf 86' lang='lat' dir='ltr'><strong>recte</strong></span> <span class='ocrx_word' id='word_1_268' title='bbox 2029 2837 2107 2891; x_wconf 84' lang='lat' dir='ltr'><strong>vi-</strong></span> 
     </span>
    </p>
   </div>
   <div class='ocr_carea' id='block_1_31' title="bbox 518 2924 2104 2999">
    <p class='ocr_par' dir='ltr' id='par_1_31' title="bbox 518 2924 2104 2999">
     <span class='ocr_line' id='line_1_31' title="bbox 518 2924 2104 2999; baseline 0.007 -25"><span class='ocrx_word' id='word_1_269' title='bbox 518 2933 670 2984; x_wconf 83' lang='lat' dir='ltr'><strong>vere,</strong></span> <span class='ocrx_word' id='word_1_270' title='bbox 692 2930 981 2990; x_wconf 85' lang='lat' dir='ltr'><strong>oportet-et</strong></span> <span class='ocrx_word' id='word_1_271' title='bbox 1005 2924 1226 2990; x_wconf 86' lang='lat' dir='ltr'><strong>honuni,</strong></span> <span class='ocrx_word' id='word_1_272' title='bbox 1249 2934 1304 2979; x_wconf 91' lang='lat' dir='ltr'><strong>et</strong></span> <span class='ocrx_word' id='word_1_273' title='bbox 1333 2925 1588 2981; x_wconf 83' lang='lat' dir='ltr'><strong>divinitus</strong></span> <span class='ocrx_word' id='word_1_274' title='bbox 1615 2929 1820 2994; x_wconf 86' lang='lat' dir='ltr'><strong>datum,</strong></span> <span class='ocrx_word' id='word_1_275' title='bbox 1844 2939 1896 2982; x_wconf 86' lang='lat' dir='ltr'><strong>et</strong></span> <span class='ocrx_word' id='word_1_276' title='bbox 1925 2929 2104 2999; x_wconf 80' lang='lat' dir='ltr'><strong>petitis</strong></span> 
     </span>
    </p>
   </div>
   <div class='ocr_carea' id='block_1_32' title="bbox 517 3014 2100 3101">
    <p class='ocr_par' dir='ltr' id='par_1_32' title="bbox 517 3014 2100 3101">
     <span class='ocr_line' id='line_1_32' title="bbox 517 3014 2100 3101; baseline 0.006 -35"><span class='ocrx_word' id='word_1_277' title='bbox 517 3014 990 3101; x_wconf 40' lang='lat' dir='ltr'><strong>eogdamnandos,</strong></span> <span class='ocrx_word' id='word_1_278' title='bbox 1032 3017 1126 3087; x_wconf 90' lang='lat' dir='ltr'><strong>qui</strong></span> <span class='ocrx_word' id='word_1_279' title='bbox 1164 3019 1267 3073; x_wconf 87' lang='lat' dir='ltr'><strong>hoc</strong></span> <span class='ocrx_word' id='word_1_280' title='bbox 1306 3018 1444 3074; x_wconf 88' lang='lat' dir='ltr'><strong>bono</strong></span> <span class='ocrx_word' id='word_1_281' title='bbox 1489 3019 1629 3074; x_wconf 82' lang='lat' dir='ltr'><strong>male</strong></span> <span class='ocrx_word' id='word_1_282' title='bbox 1665 3028 1905 3080; x_wconf 84' lang='lat' dir='ltr'><strong>utuntur,</strong></span> <span class='ocrx_word' id='word_1_283' title='bbox 1939 3035 2100 3090; x_wconf 85' lang='lat' dir='ltr'><strong>quam</strong></span> 
     </span>
    </p>
   </div>
   <div class='ocr_carea' id='block_1_33' title="bbox 534 3103 1998 3174">
    <p class='ocr_par' dir='ltr' id='par_1_33' title="bbox 534 3103 1998 3174">
     <span class='ocr_line' id='line_1_33' title="bbox 534 3103 1998 3174; baseline 0.004 -16"><span class='ocrx_word' id='word_1_284' title='bbox 534 3117 680 3166; x_wconf 89' lang='lat' dir='ltr'><strong>eum,</strong></span> <span class='ocrx_word' id='word_1_285' title='bbox 704 3104 797 3174; x_wconf 85' lang='lat' dir='ltr'><strong>qui</strong></span> <span class='ocrx_word' id='word_1_286' title='bbox 821 3103 1053 3171; x_wconf 84' lang='lat' dir='ltr'><strong>dederit,</strong></span> <span class='ocrx_word' id='word_1_287' title='bbox 1086 3108 1217 3163; x_wconf 84' lang='lat' dir='ltr'><strong>dare</strong></span> <span class='ocrx_word' id='word_1_288' title='bbox 1244 3123 1348 3163; x_wconf 91' lang='lat' dir='ltr'><strong>non</strong></span> <span class='ocrx_word' id='word_1_289' title='bbox 1379 3108 1630 3163; x_wconf 74' lang='lat' dir='ltr'><strong>debuisse</strong></span> <span class='ocrx_word' id='word_1_290' title='bbox 1653 3108 1912 3164; x_wconf 59' lang='lat' dir='ltr'><strong>fatearis!il</strong></span> <span class='ocrx_word' id='word_1_291' title='bbox 1953 3131 1998 3164; x_wconf 75' lang='grc' dir='ltr'><strong>ι.</strong></span> 
     </span>
    </p>
   </div>
   <div class='ocr_carea' id='block_1_34' title="bbox 590 3192 2098 3273">
    <p class='ocr_par' dir='ltr' id='par_1_34' title="bbox 590 3192 2098 3273">
     <span class='ocr_line' id='line_1_34' title="bbox 590 3192 2098 3273; baseline 0.006 -26"><span class='ocrx_word' id='word_1_292' title='bbox 590 3192 675 3247; x_wconf 80' lang='lat' dir='ltr'><strong>lli.</strong></span> <span class='ocrx_word' id='word_1_293' title='bbox 709 3211 728 3245; x_wconf 69' lang='grc' dir='ltr'><strong>ι</strong></span> <span class='ocrx_word' id='word_1_294' title='bbox 761 3192 1000 3252; x_wconf 81' lang='lat' dir='ltr'><strong>Virtutes</strong></span> <span class='ocrx_word' id='word_1_295' title='bbox 1033 3198 1214 3268; x_wconf 76' lang='lat' dir='ltr'><strong>igitur,</strong></span> <span class='ocrx_word' id='word_1_296' title='bbox 1246 3199 1442 3268; x_wconf 80' lang='lat' dir='ltr'><strong>quibus</strong></span> <span class='ocrx_word' id='word_1_297' title='bbox 1479 3211 1625 3254; x_wconf 86' lang='lat' dir='ltr'><strong>recte</strong></span> <span class='ocrx_word' id='word_1_298' title='bbox 1652 3199 1868 3264; x_wconf 76' lang='lat' dir='ltr'><strong>vivitur,</strong></span> <span class='ocrx_word' id='word_1_299' title='bbox 1904 3216 2098 3273; x_wconf 65' lang='lat' dir='ltr'><strong>magna</strong></span> 
     </span>
    </p>
   </div>
   <div class='ocr_carea' id='block_1_35' title="bbox 519 3282 2099 3359">
    <p class='ocr_par' dir='ltr' id='par_1_35' title="bbox 519 3282 2099 3359">
     <span class='ocr_line' id='line_1_35' title="bbox 519 3282 2099 3359; baseline 0.004 -20"><span class='ocrx_word' id='word_1_300' title='bbox 519 3282 661 3339; x_wconf 81' lang='lat' dir='ltr'><strong>bona</strong></span> <span class='ocrx_word' id='word_1_301' title='bbox 707 3295 866 3352; x_wconf 85' lang='lat' dir='ltr'><strong>sunt;</strong></span> <span class='ocrx_word' id='word_1_302' title='bbox 911 3290 1120 3358; x_wconf 86' lang='lat' dir='ltr'><strong>species</strong></span> <span class='ocrx_word' id='word_1_303' title='bbox 1161 3299 1340 3345; x_wconf 90' lang='lat' dir='ltr'><strong>autem</strong></span> <span class='ocrx_word' id='word_1_304' title='bbox 1381 3290 1748 3359; x_wconf 77' lang='lat' dir='ltr'><strong>quorumlibet</strong></span> <span class='ocrx_word' id='word_1_305' title='bbox 1789 3305 2099 3358; x_wconf 73' lang='lat' dir='ltr'><strong>corporum,</strong></span> 
     </span>
    </p>
   </div>
   <div class='ocr_carea' id='block_1_36' title="bbox 533 3368 2108 3452">
    <p class='ocr_par' dir='ltr' id='par_1_36' title="bbox 533 3368 2108 3452">
     <span class='ocr_line' id='line_1_36' title="bbox 533 3368 2108 3452; baseline 0.014 -32"><span class='ocrx_word' id='word_1_306' title='bbox 533 3369 654 3421; x_wconf 82' lang='lat' dir='ltr'><strong>sine</strong></span> <span class='ocrx_word' id='word_1_307' title='bbox 683 3368 885 3439; x_wconf 81' lang='lat' dir='ltr'><strong>quibus</strong></span> <span class='ocrx_word' id='word_1_308' title='bbox 917 3381 1063 3427; x_wconf 87' lang='lat' dir='ltr'><strong>recte</strong></span> <span class='ocrx_word' id='word_1_309' title='bbox 1094 3373 1200 3428; x_wconf 79' lang='lat' dir='ltr'><strong>vivi</strong></span> <span class='ocrx_word' id='word_1_310' title='bbox 1235 3388 1430 3444; x_wconf 84' lang='lat' dir='ltr'><strong>potest,</strong></span> <span class='ocrx_word' id='word_1_311' title='bbox 1471 3381 1694 3435; x_wconf 88' lang='lat' dir='ltr'><strong>minima</strong></span> <span class='ocrx_word' id='word_1_312' title='bbox 1753 3384 1890 3437; x_wconf 85' lang='lat' dir='ltr'><strong>bona</strong></span> <span class='ocrx_word' id='word_1_313' title='bbox 1926 3398 2054 3441; x_wconf 90' lang='lat' dir='ltr'><strong>sunt</strong></span> <span class='ocrx_word' id='word_1_314' title='bbox 2093 3405 2108 3452; x_wconf 86' lang='lat'><strong>;</strong></span> 
     </span>
    </p>
   </div>
   <div class='ocr_carea' id='block_1_37' title="bbox 535 3463 2112 3540">
    <p class='ocr_par' dir='ltr' id='par_1_37' title="bbox 535 3463 2112 3540">
     <span class='ocr_line' id='line_1_37' title="bbox 535 3463 2112 3540; baseline 0.015 -29"><span class='ocrx_word' id='word_1_315' title='bbox 535 3463 819 3530; x_wconf 80' lang='lat' dir='ltr'><strong>potentiae</strong></span> <span class='ocrx_word' id='word_1_316' title='bbox 857 3480 986 3518; x_wconf 85' lang='lat' dir='ltr'><strong>vero</strong></span> <span class='ocrx_word' id='word_1_317' title='bbox 1015 3467 1187 3521; x_wconf 85' lang='lat' dir='ltr'><strong>animi</strong></span> <span class='ocrx_word' id='word_1_318' title='bbox 1219 3467 1260 3533; x_wconf 69' lang='grc'><strong>⁸,</strong></span> <span class='ocrx_word' id='word_1_319' title='bbox 1299 3469 1418 3524; x_wconf 87' lang='lat' dir='ltr'><strong>sine</strong></span> <span class='ocrx_word' id='word_1_320' title='bbox 1460 3473 1662 3540; x_wconf 83' lang='lat' dir='ltr'><strong>quibus</strong></span> <span class='ocrx_word' id='word_1_321' title='bbox 1699 3488 1844 3530; x_wconf 81' lang='lat' dir='ltr'><strong>recte</strong></span> <span class='ocrx_word' id='word_1_322' title='bbox 1865 3478 1970 3531; x_wconf 82' lang='lat' dir='ltr'><strong>vivi</strong></span> <span class='ocrx_word' id='word_1_323' title='bbox 2005 3494 2112 3534; x_wconf 89' lang='lat' dir='ltr'><strong>non</strong></span> 
     </span>
    </p>
   </div>
   <div class='ocr_carea' id='block_1_38' title="bbox 535 3556 2116 3624">
    <p class='ocr_par' dir='ltr' id='par_1_38' title="bbox 535 3556 2116 3624">
     <span class='ocr_line' id='line_1_38' title="bbox 535 3556 2116 3624; baseline 0.012 -19"><span class='ocrx_word' id='word_1_324' title='bbox 535 3564 734 3621; x_wconf 80' lang='lat' dir='ltr'><strong>petest,</strong></span> <span class='ocrx_word' id='word_1_325' title='bbox 766 3556 944 3611; x_wconf 82' lang='lat' dir='ltr'><strong>media</strong></span> <span class='ocrx_word' id='word_1_326' title='bbox 969 3557 1109 3612; x_wconf 88' lang='lat' dir='ltr'><strong>bona</strong></span> <span class='ocrx_word' id='word_1_327' title='bbox 1132 3570 1281 3614; x_wconf 86' lang='lat' dir='ltr'><strong>sunt.</strong></span> <span class='ocrx_word' id='word_1_328' title='bbox 1314 3558 1621 3618; x_wconf 82' lang='lat' dir='ltr'><strong>Virtutibus</strong></span> <span class='ocrx_word' id='word_1_329' title='bbox 1655 3581 1815 3621; x_wconf 88' lang='lat' dir='ltr'><strong>nemo</strong></span> <span class='ocrx_word' id='word_1_330' title='bbox 1843 3568 1982 3622; x_wconf 69' lang='lat' dir='ltr'><strong>male</strong></span> <span class='ocrx_word' id='word_1_331' title='bbox 2009 3572 2116 3624; x_wconf 84' lang='lat' dir='ltr'><strong>uti-</strong></span> 
     </span>
    </p>
   </div>
   <div class='ocr_carea' id='block_1_39' title="bbox 535 3645 2113 3724">
    <p class='ocr_par' dir='ltr' id='par_1_39' title="bbox 535 3645 2113 3724">
     <span class='ocr_line' id='line_1_39' title="bbox 535 3645 2113 3724; baseline 0.013 -32"><span class='ocrx_word' id='word_1_332' title='bbox 535 3649 645 3708; x_wconf 81' lang='lat' dir='ltr'><strong>tur,</strong></span> <span class='ocrx_word' id='word_1_333' title='bbox 676 3645 877 3700; x_wconf 67' lang='lat' dir='ltr'><strong>ceteris</strong></span> <span class='ocrx_word' id='word_1_334' title='bbox 909 3657 1090 3701; x_wconf 86' lang='lat' dir='ltr'><strong>autem</strong></span> <span class='ocrx_word' id='word_1_335' title='bbox 1116 3646 1296 3713; x_wconf 77' lang='lat' dir='ltr'><strong>bonis,</strong></span> <span class='ocrx_word' id='word_1_336' title='bbox 1340 3648 1390 3702; x_wconf 89' lang='lat' dir='ltr'><strong>id</strong></span> <span class='ocrx_word' id='word_1_337' title='bbox 1426 3661 1512 3705; x_wconf 73' lang='lat' dir='ltr'><strong>est</strong></span> <span class='ocrx_word' id='word_1_338' title='bbox 1545 3655 1738 3706; x_wconf 84' lang='lat' dir='ltr'><strong>mediis</strong></span> <span class='ocrx_word' id='word_1_339' title='bbox 1765 3666 1822 3708; x_wconf 85' lang='lat' dir='ltr'><strong>et</strong></span> <span class='ocrx_word' id='word_1_340' title='bbox 1853 3656 2113 3724; x_wconf 82' lang='lat' dir='ltr'><strong>minimis,</strong></span> 
     </span>
    </p>
   </div>
   <div class='ocr_carea' id='block_1_40' title="bbox 532 3737 2108 3821">
    <p class='ocr_par' dir='ltr' id='par_1_40' title="bbox 532 3737 2108 3821">
     <span class='ocr_line' id='line_1_40' title="bbox 532 3737 2108 3821; baseline 0.012 -32"><span class='ocrx_word' id='word_1_341' title='bbox 532 3749 645 3790; x_wconf 87' lang='lat' dir='ltr'><strong>non</strong></span> <span class='ocrx_word' id='word_1_342' title='bbox 679 3737 852 3792; x_wconf 80' lang='lat' dir='ltr'><strong>solum</strong></span> <span class='ocrx_word' id='word_1_343' title='bbox 881 3741 1036 3805; x_wconf 83' lang='lat' dir='ltr'><strong>bene,</strong></span> <span class='ocrx_word' id='word_1_344' title='bbox 1074 3743 1168 3795; x_wconf 85' lang='lat' dir='ltr'><strong>sed</strong></span> <span class='ocrx_word' id='word_1_345' title='bbox 1195 3743 1359 3797; x_wconf 85' lang='lat' dir='ltr'><strong>etiam</strong></span> <span class='ocrx_word' id='word_1_346' title='bbox 1387 3747 1526 3799; x_wconf 86' lang='lat' dir='ltr'><strong>male</strong></span> <span class='ocrx_word' id='word_1_347' title='bbox 1545 3749 1773 3817; x_wconf 84' lang='lat' dir='ltr'><strong>quisque</strong></span> <span class='ocrx_word' id='word_1_348' title='bbox 1801 3749 1878 3803; x_wconf 89' lang='lat' dir='ltr'><strong>uti</strong></span> <span class='ocrx_word' id='word_1_349' title='bbox 1909 3761 2108 3821; x_wconf 86' lang='lat' dir='ltr'><strong>potest.</strong></span> 
     </span>
    </p>
   </div>
   <div class='ocr_carea' id='block_1_41' title="bbox 533 3827 2109 3913">
    <p class='ocr_par' dir='ltr' id='par_1_41' title="bbox 533 3827 2109 3913">
     <span class='ocr_line' id='line_1_41' title="bbox 533 3827 2109 3913; baseline 0.011 -34"><span class='ocrx_word' id='word_1_350' title='bbox 533 3827 600 3880; x_wconf 80' lang='lat' dir='ltr'><strong>Et</strong></span> <span class='ocrx_word' id='word_1_351' title='bbox 628 3829 751 3884; x_wconf 90' lang='lat' dir='ltr'><strong>ideo</strong></span> <span class='ocrx_word' id='word_1_352' title='bbox 773 3833 975 3886; x_wconf 84' lang='lat' dir='ltr'><strong>virtute</strong></span> <span class='ocrx_word' id='word_1_353' title='bbox 1005 3847 1164 3887; x_wconf 86' lang='lat' dir='ltr'><strong>nemo</strong></span> <span class='ocrx_word' id='word_1_354' title='bbox 1204 3838 1342 3889; x_wconf 83' lang='lat' dir='ltr'><strong>male</strong></span> <span class='ocrx_word' id='word_1_355' title='bbox 1390 3841 1582 3902; x_wconf 73' lang='lat' dir='ltr'><strong>utitur,</strong></span> <span class='ocrx_word' id='word_1_356' title='bbox 1619 3842 1744 3906; x_wconf 87' lang='lat' dir='ltr'><strong>quia</strong></span> <span class='ocrx_word' id='word_1_357' title='bbox 1777 3844 1797 3874; x_wconf 88' lang='grc'><strong><em>⁸</em></strong></span> <span class='ocrx_word' id='word_1_358' title='bbox 1820 3843 1962 3913; x_wconf 81' lang='lat' dir='ltr'><strong>Opus</strong></span> <span class='ocrx_word' id='word_1_359' title='bbox 1997 3846 2109 3912; x_wconf 81' lang='lat' dir='ltr'><strong>vir-</strong></span> 
     </span>
    </p>
   </div>
   <div class='ocr_carea' id='block_1_42' title="bbox 536 3922 2111 3999">
    <p class='ocr_par' dir='ltr' id='par_1_42' title="bbox 536 3922 2111 3999">
     <span class='ocr_line' id='line_1_42' title="bbox 536 3922 2111 3999; baseline 0.013 -27"><span class='ocrx_word' id='word_1_360' title='bbox 536 3922 670 3975; x_wconf 81' lang='lat' dir='ltr'><strong>tutis</strong></span> <span class='ocrx_word' id='word_1_361' title='bbox 697 3931 774 3975; x_wconf 81' lang='lat' dir='ltr'><strong>cst</strong></span> <span class='ocrx_word' id='word_1_362' title='bbox 794 3923 967 3976; x_wconf 72' lang='lat' dir='ltr'><strong>boans</strong></span> <span class='ocrx_word' id='word_1_363' title='bbox 992 3941 1123 3981; x_wconf 79' lang='lat' dir='ltr'><strong>usus</strong></span> <span class='ocrx_word' id='word_1_364' title='bbox 1142 3930 1394 3988; x_wconf 81' lang='lat' dir='ltr'><strong>iStorum.</strong></span> <span class='ocrx_word' id='word_1_365' title='bbox 1423 3932 1624 3999; x_wconf 85' lang='lat' dir='ltr'><strong>quibus</strong></span> <span class='ocrx_word' id='word_1_366' title='bbox 1647 3939 1812 3987; x_wconf 67' lang='lat' dir='ltr'><strong>etiam</strong></span> <span class='ocrx_word' id='word_1_367' title='bbox 1840 3952 1947 3989; x_wconf 87' lang='lat' dir='ltr'><strong>non</strong></span> <span class='ocrx_word' id='word_1_368' title='bbox 1971 3938 2111 3993; x_wconf 80' lang='lat' dir='ltr'><strong>bene</strong></span> 
     </span>
    </p>
   </div>
   <div class='ocr_carea' id='block_1_43' title="bbox 533 4016 2107 4086">
    <p class='ocr_par' dir='ltr' id='par_1_43' title="bbox 533 4016 2107 4086">
     <span class='ocr_line' id='line_1_43' title="bbox 533 4016 2107 4086; baseline 0.011 -18"><span class='ocrx_word' id='word_1_369' title='bbox 533 4017 609 4068; x_wconf 90' lang='lat' dir='ltr'><strong>uti</strong></span> <span class='ocrx_word' id='word_1_370' title='bbox 632 4031 940 4086; x_wconf 80' lang='lat' dir='ltr'><strong>possumus.</strong></span> <span class='ocrx_word' id='word_1_371' title='bbox 973 4016 1141 4075; x_wconf 77' lang='lat' dir='ltr'><strong>Nemo</strong></span> <span class='ocrx_word' id='word_1_372' title='bbox 1163 4030 1342 4074; x_wconf 86' lang='lat' dir='ltr'><strong>autem</strong></span> <span class='ocrx_word' id='word_1_373' title='bbox 1369 4021 1505 4077; x_wconf 81' lang='lat' dir='ltr'><strong>bene</strong></span> <span class='ocrx_word' id='word_1_374' title='bbox 1527 4027 1732 4078; x_wconf 79' lang='lat' dir='ltr'><strong>utendo</strong></span> <span class='ocrx_word' id='word_1_375' title='bbox 1751 4029 1884 4081; x_wconf 86' lang='lat' dir='ltr'><strong>male</strong></span> <span class='ocrx_word' id='word_1_376' title='bbox 1913 4029 2107 4086; x_wconf 89' lang='lat' dir='ltr'><strong>utitur.</strong></span> 
     </span>
    </p>
   </div>
   <div class='ocr_carea' id='block_1_44' title="bbox 532 4112 2104 4190">
    <p class='ocr_par' dir='ltr' id='par_1_44' title="bbox 532 4112 2104 4190">
     <span class='ocr_line' id='line_1_44' title="bbox 532 4112 2104 4190; baseline 0.01 -28"><span class='ocrx_word' id='word_1_377' title='bbox 532 4112 713 4176; x_wconf 77' lang='lat' dir='ltr'><strong>Quare.</strong></span> <span class='ocrx_word' id='word_1_378' title='bbox 739 4112 1077 4166; x_wconf 81' lang='lat' dir='ltr'><strong>abundantia</strong></span> <span class='ocrx_word' id='word_1_379' title='bbox 1111 4127 1167 4167; x_wconf 89' lang='lat' dir='ltr'><strong>et</strong></span> <span class='ocrx_word' id='word_1_380' title='bbox 1219 4117 1534 4185; x_wconf 73' lang='lat' dir='ltr'><strong>tnugnitudo</strong></span> <span class='ocrx_word' id='word_1_381' title='bbox 1561 4119 1825 4174; x_wconf 78' lang='lat' dir='ltr'><strong>bonitatis</strong></span> <span class='ocrx_word' id='word_1_382' title='bbox 1859 4122 1954 4177; x_wconf 87' lang='lat' dir='ltr'><strong>Dei</strong></span> <span class='ocrx_word' id='word_1_383' title='bbox 1996 4138 2104 4190; x_wconf 86' lang='lat' dir='ltr'><strong>non</strong></span> 
     </span>
    </p>
   </div>
   <div class='ocr_carea' id='block_1_45' title="bbox 527 4204 2107 4274">
    <p class='ocr_par' dir='ltr' id='par_1_45' title="bbox 527 4204 2107 4274">
     <span class='ocr_line' id='line_1_45' title="bbox 527 4204 2107 4274; baseline 0.008 -16"><span class='ocrx_word' id='word_1_384' title='bbox 527 4204 708 4258; x_wconf 81' lang='lat' dir='ltr'><strong>solum</strong></span> <span class='ocrx_word' id='word_1_385' title='bbox 732 4219 945 4274; x_wconf 76' lang='lat' dir='ltr'><strong>magna.</strong></span> <span class='ocrx_word' id='word_1_386' title='bbox 974 4211 1066 4260; x_wconf 83' lang='lat' dir='ltr'><strong>sed</strong></span> <span class='ocrx_word' id='word_1_387' title='bbox 1092 4207 1254 4260; x_wconf 74' lang='lat' dir='ltr'><strong>etiam</strong></span> <span class='ocrx_word' id='word_1_388' title='bbox 1309 4208 1482 4262; x_wconf 87' lang='lat' dir='ltr'><strong>media</strong></span> <span class='ocrx_word' id='word_1_389' title='bbox 1504 4221 1557 4262; x_wconf 89' lang='lat' dir='ltr'><strong>et</strong></span> <span class='ocrx_word' id='word_1_390' title='bbox 1579 4212 1798 4264; x_wconf 87' lang='lat' dir='ltr'><strong>minima</strong></span> <span class='ocrx_word' id='word_1_391' title='bbox 1829 4215 1964 4266; x_wconf 80' lang='lat' dir='ltr'><strong>bona</strong></span> <span class='ocrx_word' id='word_1_392' title='bbox 1987 4230 2107 4271; x_wconf 82' lang='lat' dir='ltr'><strong>esse</strong></span> 
     </span>
    </p>
   </div>
   <div class='ocr_carea' id='block_1_46' title="bbox 528 4293 2106 4370">
    <p class='ocr_par' dir='ltr' id='par_1_46' title="bbox 528 4293 2106 4370">
     <span class='ocr_line' id='line_1_46' title="bbox 528 4293 2106 4370; baseline 0.006 -24"><span class='ocrx_word' id='word_1_393' title='bbox 528 4295 826 4363; x_wconf 80' lang='lat' dir='ltr'><strong>praestitit.</strong></span> <span class='ocrx_word' id='word_1_394' title='bbox 845 4293 1014 4364; x_wconf 76' lang='lat' dir='ltr'><strong>Magis</strong></span> <span class='ocrx_word' id='word_1_395' title='bbox 1059 4294 1326 4349; x_wconf 71' lang='lat' dir='ltr'><strong>laudanda</strong></span> <span class='ocrx_word' id='word_1_396' title='bbox 1341 4309 1423 4350; x_wconf 86' lang='lat' dir='ltr'><strong>est</strong></span> <span class='ocrx_word' id='word_1_397' title='bbox 1439 4298 1651 4351; x_wconf 88' lang='lat' dir='ltr'><strong>bonitas</strong></span> <span class='ocrx_word' id='word_1_398' title='bbox 1671 4299 1787 4366; x_wconf 77' lang='lat' dir='ltr'><strong>ejus</strong></span> <span class='ocrx_word' id='word_1_399' title='bbox 1811 4299 1863 4353; x_wconf 91' lang='lat' dir='ltr'><strong>itt</strong></span> <span class='ocrx_word' id='word_1_400' title='bbox 1897 4303 2106 4370; x_wconf 79' lang='lat' dir='ltr'><strong>magnis</strong></span> 
     </span>
    </p>
   </div>
   <div class='ocr_carea' id='block_1_47' title="bbox 525 4389 2102 4460">
    <p class='ocr_par' dir='ltr' id='par_1_47' title="bbox 525 4389 2102 4460">
     <span class='ocr_line' id='line_1_47' title="bbox 525 4389 2102 4460; baseline 0.005 -23"><span class='ocrx_word' id='word_1_401' title='bbox 525 4403 692 4457; x_wconf 81' lang='lat' dir='ltr'><strong>quam</strong></span> <span class='ocrx_word' id='word_1_402' title='bbox 725 4389 777 4440; x_wconf 90' lang='lat' dir='ltr'><strong>itt</strong></span> <span class='ocrx_word' id='word_1_403' title='bbox 811 4389 1025 4448; x_wconf 81' lang='lat' dir='ltr'><strong>mediis,</strong></span> <span class='ocrx_word' id='word_1_404' title='bbox 1058 4403 1117 4441; x_wconf 88' lang='lat' dir='ltr'><strong>et</strong></span> <span class='ocrx_word' id='word_1_405' title='bbox 1151 4389 1321 4458; x_wconf 78' lang='lat' dir='ltr'><strong>magis</strong></span> <span class='ocrx_word' id='word_1_406' title='bbox 1373 4389 1426 4442; x_wconf 90' lang='lat' dir='ltr'><strong>itt</strong></span> <span class='ocrx_word' id='word_1_407' title='bbox 1454 4391 1644 4443; x_wconf 90' lang='lat' dir='ltr'><strong>mediis</strong></span> <span class='ocrx_word' id='word_1_408' title='bbox 1666 4408 1826 4460; x_wconf 86' lang='lat' dir='ltr'><strong>quam</strong></span> <span class='ocrx_word' id='word_1_409' title='bbox 1856 4391 1908 4445; x_wconf 87' lang='lat' dir='ltr'><strong>itt</strong></span> <span class='ocrx_word' id='word_1_410' title='bbox 1937 4391 2102 4447; x_wconf 84' lang='lat' dir='ltr'><strong>mini-</strong></span> 
     </span>
    </p>
   </div>
   <div class='ocr_carea' id='block_1_48' title="bbox 528 4483 2103 4556">
    <p class='ocr_par' dir='ltr' id='par_1_48' title="bbox 528 4483 2103 4556">
     <span class='ocr_line' id='line_1_48' title="bbox 528 4483 2103 4556; baseline 0.003 -18"><span class='ocrx_word' id='word_1_411' title='bbox 528 4483 636 4539; x_wconf 89' lang='lat' dir='ltr'><strong>mis</strong></span> <span class='ocrx_word' id='word_1_412' title='bbox 665 4485 823 4537; x_wconf 87' lang='lat' dir='ltr'><strong>bonis</strong></span> <span class='ocrx_word' id='word_1_413' title='bbox 855 4501 870 4546; x_wconf 85' lang='lat'>;</span> <span class='ocrx_word' id='word_1_414' title='bbox 898 4485 988 4537; x_wconf 87' lang='lat' dir='ltr'><strong>sed</strong></span> <span class='ocrx_word' id='word_1_415' title='bbox 1015 4485 1185 4552; x_wconf 74' lang='lat' dir='ltr'><strong>magis</strong></span> <span class='ocrx_word' id='word_1_416' title='bbox 1213 4486 1266 4540; x_wconf 90' lang='lat' dir='ltr'><strong>in</strong></span> <span class='ocrx_word' id='word_1_417' title='bbox 1291 4486 1571 4551; x_wconf 86' lang='lat' dir='ltr'><strong>omnibus,</strong></span> <span class='ocrx_word' id='word_1_418' title='bbox 1600 4501 1763 4556; x_wconf 86' lang='lat' dir='ltr'><strong>quant</strong></span> <span class='ocrx_word' id='word_1_419' title='bbox 1797 4487 1840 4542; x_wconf 88' lang='lat' dir='ltr'><strong>si</strong></span> <span class='ocrx_word' id='word_1_420' title='bbox 1863 4483 2103 4543; x_wconf 86' lang='lat' dir='ltr'><strong>nonom-</strong></span> 
     </span>
    </p>
   </div>
   <div class='ocr_carea' id='block_1_49' title="bbox 528 4571 2091 4633">
    <p class='ocr_par' dir='ltr' id='par_1_49' title="bbox 528 4571 2091 4633">
     <span class='ocr_line' id='line_1_49' title="bbox 528 4571 2091 4633; baseline -0.004 -1"><span class='ocrx_word' id='word_1_421' title='bbox 528 4576 616 4632; x_wconf 83' lang='lat' dir='ltr'><strong>nia</strong></span> <span class='ocrx_word' id='word_1_422' title='bbox 646 4577 927 4632; x_wconf 83' lang='lat' dir='ltr'><strong>tribuisset</strong></span> <span class='ocrx_word' id='word_1_423' title='bbox 955 4577 984 4618; x_wconf 71' lang='grc' dir='ltr'>δ</span> <span class='ocrx_word' id='word_1_424' title='bbox 1011 4618 1026 4633; x_wconf 93' lang='grc'><strong>.</strong></span> <span class='ocrx_word' id='word_1_425' title='bbox 1067 4594 1082 4630; x_wconf 88' lang='lat' dir='ltr'><strong>t</strong></span> <span class='ocrx_word' id='word_1_426' title='bbox 2085 4571 2091 4578; x_wconf 88' lang='grc'><em>’</em></span> 
     </span>
    </p>
   </div>
   <div class='ocr_carea' id='block_1_50' title="bbox 599 4667 2106 4744">
    <p class='ocr_par' dir='ltr' id='par_1_50' title="bbox 599 4667 2106 4744">
     <span class='ocr_line' id='line_1_50' title="bbox 599 4667 2106 4744; baseline 0.003 -20"><span class='ocrx_word' id='word_1_427' title='bbox 599 4667 689 4726; x_wconf 91' lang='lat' dir='ltr'><strong>lV.</strong></span> <span class='ocrx_word' id='word_1_428' title='bbox 722 4689 741 4723; x_wconf 74' lang='grc' dir='ltr'>ι</span> <span class='ocrx_word' id='word_1_429' title='bbox 767 4667 1028 4726; x_wconf 82' lang='lat' dir='ltr'><strong>Voluntas</strong></span> <span class='ocrx_word' id='word_1_430' title='bbox 1052 4687 1203 4740; x_wconf 77' lang='lat' dir='ltr'><strong>ergo,</strong></span> <span class='ocrx_word' id='word_1_431' title='bbox 1229 4672 1529 4727; x_wconf 75' lang='lat' dir='ltr'><strong>adhaerens</strong></span> <span class='ocrx_word' id='word_1_432' title='bbox 1550 4673 2002 4744; x_wconf 86' lang='lat' dir='ltr'><strong>communiatque</strong></span> <span class='ocrx_word' id='word_1_433' title='bbox 2020 4675 2106 4729; x_wconf 88' lang='lat' dir='ltr'><strong>in-</strong></span> 
     </span>
    </p>
   </div>
   <div class='ocr_carea' id='block_1_51' title="bbox 524 4767 2106 4840">
    <p class='ocr_par' dir='ltr' id='par_1_51' title="bbox 524 4767 2106 4840">
     <span class='ocr_line' id='line_1_51' title="bbox 524 4767 2106 4840; baseline 0.003 -20"><span class='ocrx_word' id='word_1_434' title='bbox 524 4767 899 4820; x_wconf 84' lang='lat' dir='ltr'><strong>commutabili</strong></span> <span class='ocrx_word' id='word_1_435' title='bbox 935 4769 1348 4836; x_wconf 84' lang='lat' dir='ltr'><strong>bono,imper:tt</strong></span> <span class='ocrx_word' id='word_1_436' title='bbox 1370 4770 1542 4836; x_wconf 87' lang='lat' dir='ltr'><strong>prima</strong></span> <span class='ocrx_word' id='word_1_437' title='bbox 1565 4783 1615 4822; x_wconf 74' lang='lat' dir='ltr'><strong>ei</strong></span> <span class='ocrx_word' id='word_1_438' title='bbox 1648 4786 1839 4840; x_wconf 81' lang='lat' dir='ltr'><strong>magna</strong></span> <span class='ocrx_word' id='word_1_439' title='bbox 1867 4771 2106 4825; x_wconf 84' lang='lat' dir='ltr'><strong>hominis</strong></span> 
     </span>
    </p>
   </div>
   <div class='ocr_carea' id='block_1_52' title="bbox 528 4858 2108 4930">
    <p class='ocr_par' dir='ltr' id='par_1_52' title="bbox 528 4858 2108 4930">
     <span class='ocr_line' id='line_1_52' title="bbox 528 4858 2108 4930; baseline 0.003 -17"><span class='ocrx_word' id='word_1_440' title='bbox 528 4858 692 4921; x_wconf 82' lang='lat' dir='ltr'><strong>bona,</strong></span> <span class='ocrx_word' id='word_1_441' title='bbox 726 4874 848 4912; x_wconf 87' lang='lat' dir='ltr'><strong>cum</strong></span> <span class='ocrx_word' id='word_1_442' title='bbox 881 4861 992 4928; x_wconf 82' lang='lat' dir='ltr'><strong>ipsa</strong></span> <span class='ocrx_word' id='word_1_443' title='bbox 1024 4858 1109 4930; x_wconf 19' lang='lat' dir='ltr'><strong>sit.</strong></span> <span class='ocrx_word' id='word_1_444' title='bbox 1151 4861 1389 4916; x_wconf 85' lang='lat' dir='ltr'><strong>medium</strong></span> <span class='ocrx_word' id='word_1_445' title='bbox 1421 4861 1693 4930; x_wconf 87' lang='lat' dir='ltr'><strong>quoddam</strong></span> <span class='ocrx_word' id='word_1_446' title='bbox 1730 4866 1930 4916; x_wconf 90' lang='lat' dir='ltr'><strong>bonum</strong></span> <span class='ocrx_word' id='word_1_447' title='bbox 1963 4879 1979 4928; x_wconf 89' lang='lat'><strong>;</strong></span> <span class='ocrx_word' id='word_1_448' title='bbox 2013 4880 2108 4918; x_wconf 83' lang='lat' dir='ltr'><strong>vo-</strong></span> 
     </span>
    </p>
   </div>
   <div class='ocr_carea' id='block_1_53' title="bbox 524 4952 2102 5023">
    <p class='ocr_par' dir='ltr' id='par_1_53' title="bbox 524 4952 2102 5023">
     <span class='ocr_line' id='line_1_53' title="bbox 524 4952 2102 5023; baseline 0.003 -19"><span class='ocrx_word' id='word_1_449' title='bbox 524 4952 705 5005; x_wconf 86' lang='lat' dir='ltr'><strong>luntas</strong></span> <span class='ocrx_word' id='word_1_450' title='bbox 735 4967 916 5006; x_wconf 84' lang='lat' dir='ltr'><strong>autem</strong></span> <span class='ocrx_word' id='word_1_451' title='bbox 947 4953 1137 5008; x_wconf 78' lang='lat' dir='ltr'><strong>aversa</strong></span> <span class='ocrx_word' id='word_1_452' title='bbox 1174 4955 1241 5007; x_wconf 87' lang='lat' dir='ltr'><strong>ab</strong></span> <span class='ocrx_word' id='word_1_453' title='bbox 1282 4954 1713 5023; x_wconf 71' lang='lat' dir='ltr'><strong>incommutalnli</strong></span> <span class='ocrx_word' id='word_1_454' title='bbox 1743 4965 1792 5008; x_wconf 79' lang='lat' dir='ltr'><strong>et</strong></span> <span class='ocrx_word' id='word_1_455' title='bbox 1824 4958 2102 5010; x_wconf 86' lang='lat' dir='ltr'><strong>communi</strong></span> 
     </span>
    </p>
   </div>
   <div class='ocr_carea' id='block_1_54' title="bbox 524 5029 2148 5114">
    <p class='ocr_par' dir='ltr' id='par_1_54' title="bbox 524 5029 2148 5114">
     <span class='ocr_line' id='line_1_54' title="bbox 524 5029 2148 5114; baseline 0.003 -20"><span class='ocrx_word' id='word_1_456' title='bbox 524 5040 766 5106; x_wconf 84' lang='lat' dir='ltr'><strong>bono,et</strong></span> <span class='ocrx_word' id='word_1_457' title='bbox 792 5057 1055 5097; x_wconf 82' lang='lat' dir='ltr'><strong>conversa</strong></span> <span class='ocrx_word' id='word_1_458' title='bbox 1078 5045 1146 5113; x_wconf 81' lang='lat' dir='ltr'><strong>ad</strong></span> <span class='ocrx_word' id='word_1_459' title='bbox 1176 5029 1454 5114; x_wconf 71' lang='lat' dir='ltr'><strong>[imprium</strong></span> <span class='ocrx_word' id='word_1_460' title='bbox 1489 5049 1823 5109; x_wconf 84' lang='lat' dir='ltr'><strong>bonum,aut</strong></span> <span class='ocrx_word' id='word_1_461' title='bbox 1854 5047 1919 5098; x_wconf 85' lang='lat' dir='ltr'><strong>ad</strong></span> <span class='ocrx_word' id='word_1_462' title='bbox 1952 5054 2105 5100; x_wconf 80' lang='lat' dir='ltr'><strong>exte-</strong></span> <span class='ocrx_word' id='word_1_463' title='bbox 2143 5045 2148 5049; x_wconf 82' lang='grc'><em>’</em></span> 
     </span>
    </p>
   </div>
   <div class='ocr_carea' id='block_1_55' title="bbox 2232 744 3816 818">
    <p class='ocr_par' dir='ltr' id='par_1_55' title="bbox 2232 744 3816 818">
     <span class='ocr_line' id='line_1_55' title="bbox 2232 744 3816 818; baseline 0.006 -23"><span class='ocrx_word' id='word_1_464' title='bbox 2232 745 2378 809; x_wconf 85' lang='lat' dir='ltr'><strong>poris</strong></span> <span class='ocrx_word' id='word_1_465' title='bbox 2403 744 2597 815; x_wconf 79' lang='lat' dir='ltr'><strong>diligit.</strong></span> <span class='ocrx_word' id='word_1_466' title='bbox 2629 746 2802 816; x_wconf 72' lang='lat' dir='ltr'><strong>Atque</strong></span> <span class='ocrx_word' id='word_1_467' title='bbox 2828 749 2898 800; x_wconf 89' lang='lat' dir='ltr'><strong>ita</strong></span> <span class='ocrx_word' id='word_1_468' title='bbox 2927 749 3086 802; x_wconf 75' lang='lat' dir='ltr'><strong>homo</strong></span> <span class='ocrx_word' id='word_1_469' title='bbox 3114 752 3380 818; x_wconf 84' lang='lat' dir='ltr'><strong>superbus</strong></span> <span class='ocrx_word' id='word_1_470' title='bbox 3407 759 3462 803; x_wconf 88' lang='lat' dir='ltr'><strong>et</strong></span> <span class='ocrx_word' id='word_1_471' title='bbox 3490 749 3738 805; x_wconf 87' lang='lat' dir='ltr'><strong>curiosus</strong></span> <span class='ocrx_word' id='word_1_472' title='bbox 3762 761 3816 804; x_wconf 86' lang='lat' dir='ltr'><strong>et</strong></span> 
     </span>
    </p>
   </div>
   <div class='ocr_carea' id='block_1_56' title="bbox 2233 833 3816 910">
    <p class='ocr_par' dir='ltr' id='par_1_56' title="bbox 2233 833 3816 910">
     <span class='ocr_line' id='line_1_56' title="bbox 2233 833 3816 910; baseline 0.007 -26"><span class='ocrx_word' id='word_1_473' title='bbox 2233 833 2462 889; x_wconf 81' lang='lat' dir='ltr'><strong>lascivus</strong></span> <span class='ocrx_word' id='word_1_474' title='bbox 2489 838 2731 902; x_wconf 73' lang='lat' dir='ltr'><strong>eticctus,</strong></span> <span class='ocrx_word' id='word_1_475' title='bbox 2760 840 3028 909; x_wconf 83' lang='lat' dir='ltr'><strong>excipitur</strong></span> <span class='ocrx_word' id='word_1_476' title='bbox 3054 841 3122 894; x_wconf 88' lang='lat' dir='ltr'><strong>ab</strong></span> <span class='ocrx_word' id='word_1_477' title='bbox 3144 844 3244 894; x_wconf 73' lang='lat' dir='ltr'><strong>alia</strong></span> <span class='ocrx_word' id='word_1_478' title='bbox 3277 843 3406 905; x_wconf 80' lang='lat' dir='ltr'><strong>vita,</strong></span> <span class='ocrx_word' id='word_1_479' title='bbox 3431 857 3568 910; x_wconf 89' lang='lat' dir='ltr'><strong>quae</strong></span> <span class='ocrx_word' id='word_1_480' title='bbox 3591 841 3644 896; x_wconf 91' lang='lat' dir='ltr'><strong>in</strong></span> <span class='ocrx_word' id='word_1_481' title='bbox 3671 858 3816 897; x_wconf 81' lang='lat' dir='ltr'><strong>com-</strong></span> 
     </span>
    </p>
   </div>
   <div class='ocr_carea' id='block_1_57' title="bbox 2231 925 3814 1000">
    <p class='ocr_par' dir='ltr' id='par_1_57' title="bbox 2231 925 3814 1000">
     <span class='ocr_line' id='line_1_57' title="bbox 2231 925 3814 1000; baseline 0.01 -26"><span class='ocrx_word' id='word_1_482' title='bbox 2231 928 2509 995; x_wconf 81' lang='lat' dir='ltr'><strong>paratione</strong></span> <span class='ocrx_word' id='word_1_483' title='bbox 2536 930 2835 998; x_wconf 74' lang='lat' dir='ltr'><strong>superioris</strong></span> <span class='ocrx_word' id='word_1_484' title='bbox 2867 925 3009 986; x_wconf 84' lang='lat' dir='ltr'><strong>vitae</strong></span> <span class='ocrx_word' id='word_1_485' title='bbox 3038 949 3184 986; x_wconf 85' lang='lat' dir='ltr'><strong>mors</strong></span> <span class='ocrx_word' id='word_1_486' title='bbox 3215 943 3315 987; x_wconf 80' lang='lat' dir='ltr'><strong>est.</strong></span> <span class='ocrx_word' id='word_1_487' title='bbox 3351 938 3498 1000; x_wconf 72' lang='lat' dir='ltr'><strong>Quae</strong></span> <span class='ocrx_word' id='word_1_488' title='bbox 3517 945 3695 988; x_wconf 85' lang='lat' dir='ltr'><strong>tamen</strong></span> <span class='ocrx_word' id='word_1_489' title='bbox 3725 949 3814 989; x_wconf 86' lang='lat' dir='ltr'><strong>re-</strong></span> 
     </span>
    </p>
   </div>
   <div class='ocr_carea' id='block_1_58' title="bbox 2227 1020 3818 1095">
    <p class='ocr_par' dir='ltr' id='par_1_58' title="bbox 2227 1020 3818 1095">
     <span class='ocr_line' id='line_1_58' title="bbox 2227 1020 3818 1095; baseline 0.006 -24"><span class='ocrx_word' id='word_1_490' title='bbox 2227 1020 2374 1088; x_wconf 80' lang='lat' dir='ltr'><strong>gitur</strong></span> <span class='ocrx_word' id='word_1_491' title='bbox 2392 1021 2858 1079; x_wconf 73' lang='lat' dir='ltr'><strong>adtniuistmtione</strong></span> <span class='ocrx_word' id='word_1_492' title='bbox 2873 1024 2894 1054; x_wconf 83' lang='grc'><strong>⁸</strong></span> <span class='ocrx_word' id='word_1_493' title='bbox 2911 1025 3124 1079; x_wconf 87' lang='lat' dir='ltr'><strong>divinae</strong></span> <span class='ocrx_word' id='word_1_494' title='bbox 3140 1027 3522 1094; x_wconf 80' lang='lat' dir='ltr'><strong>providentiae,</strong></span> <span class='ocrx_word' id='word_1_495' title='bbox 3541 1043 3678 1095; x_wconf 86' lang='lat' dir='ltr'><strong>quae</strong></span> <span class='ocrx_word' id='word_1_496' title='bbox 3693 1043 3818 1082; x_wconf 83' lang='lat' dir='ltr'><strong>eon-</strong></span> 
     </span>
    </p>
   </div>
   <div class='ocr_carea' id='block_1_59' title="bbox 2227 1111 3813 1187">
    <p class='ocr_par' dir='ltr' id='par_1_59' title="bbox 2227 1111 3813 1187">
     <span class='ocr_line' id='line_1_59' title="bbox 2227 1111 3813 1187; baseline 0.006 -25"><span class='ocrx_word' id='word_1_497' title='bbox 2227 1111 2378 1180; x_wconf 76' lang='lat' dir='ltr'><strong>gruis</strong></span> <span class='ocrx_word' id='word_1_498' title='bbox 2429 1113 2694 1187; x_wconf 61' lang='lat' dir='ltr'><strong>[sedibus]</strong></span> <span class='ocrx_word' id='word_1_499' title='bbox 2722 1114 2742 1146; x_wconf 86' lang='grc'><strong>⁷</strong></span> <span class='ocrx_word' id='word_1_500' title='bbox 2771 1116 2987 1170; x_wconf 88' lang='lat' dir='ltr'><strong>ordinat</strong></span> <span class='ocrx_word' id='word_1_501' title='bbox 3017 1117 3219 1181; x_wconf 86' lang='lat' dir='ltr'><strong>omnia,</strong></span> <span class='ocrx_word' id='word_1_502' title='bbox 3257 1125 3311 1170; x_wconf 88' lang='lat' dir='ltr'><strong>et</strong></span> <span class='ocrx_word' id='word_1_503' title='bbox 3352 1133 3448 1186; x_wconf 82' lang='lat' dir='ltr'><strong>pio</strong></span> <span class='ocrx_word' id='word_1_504' title='bbox 3482 1118 3689 1171; x_wconf 83' lang='lat' dir='ltr'><strong>meritis</strong></span> <span class='ocrx_word' id='word_1_505' title='bbox 3716 1133 3813 1172; x_wconf 89' lang='lat' dir='ltr'><strong>sua</strong></span> 
     </span>
    </p>
   </div>
   <div class='ocr_carea' id='block_1_60' title="bbox 2227 1203 3810 1279">
    <p class='ocr_par' dir='ltr' id='par_1_60' title="bbox 2227 1203 3810 1279">
     <span class='ocr_line' id='line_1_60' title="bbox 2227 1203 3810 1279; baseline 0.005 -23"><span class='ocrx_word' id='word_1_506' title='bbox 2227 1203 2419 1272; x_wconf 85' lang='lat' dir='ltr'><strong>cuique</strong></span> <span class='ocrx_word' id='word_1_507' title='bbox 2447 1203 2742 1259; x_wconf 85' lang='lat' dir='ltr'><strong>distribuit.</strong></span> <span class='ocrx_word' id='word_1_508' title='bbox 2776 1205 2851 1260; x_wconf 85' lang='lat' dir='ltr'><strong>ita</strong></span> <span class='ocrx_word' id='word_1_509' title='bbox 2881 1207 2972 1272; x_wconf 86' lang='lat' dir='ltr'><strong>lit,</strong></span> <span class='ocrx_word' id='word_1_510' title='bbox 3006 1217 3063 1262; x_wconf 89' lang='lat' dir='ltr'><strong>ut</strong></span> <span class='ocrx_word' id='word_1_511' title='bbox 3087 1224 3262 1279; x_wconf 77' lang='lat' dir='ltr'><strong>neque</strong></span> <span class='ocrx_word' id='word_1_512' title='bbox 3294 1208 3384 1262; x_wconf 89' lang='lat' dir='ltr'><strong>illa</strong></span> <span class='ocrx_word' id='word_1_513' title='bbox 3415 1210 3586 1265; x_wconf 68' lang='lat' dir='ltr'><strong>bona.</strong></span> <span class='ocrx_word' id='word_1_514' title='bbox 3611 1225 3751 1279; x_wconf 89' lang='lat' dir='ltr'><strong>quae</strong></span> <span class='ocrx_word' id='word_1_515' title='bbox 3781 1226 3810 1263; x_wconf 93' lang='lat' dir='ltr'><strong>a</strong></span> 
     </span>
    </p>
   </div>
   <div class='ocr_carea' id='block_1_61' title="bbox 2226 1295 3812 1369">
    <p class='ocr_par' dir='ltr' id='par_1_61' title="bbox 2226 1295 3812 1369">
     <span class='ocr_line' id='line_1_61' title="bbox 2226 1295 3812 1369; baseline 0.004 -21"><span class='ocrx_word' id='word_1_516' title='bbox 2226 1295 2574 1362; x_wconf 76' lang='lat' dir='ltr'><strong>peccantibus</strong></span> <span class='ocrx_word' id='word_1_517' title='bbox 2603 1307 2946 1365; x_wconf 78' lang='lat' dir='ltr'><strong>appetuntur,</strong></span> <span class='ocrx_word' id='word_1_518' title='bbox 2981 1299 3088 1354; x_wconf 91' lang='lat' dir='ltr'><strong>ullo</strong></span> <span class='ocrx_word' id='word_1_519' title='bbox 3117 1300 3275 1353; x_wconf 76' lang='lat' dir='ltr'><strong>modo</strong></span> <span class='ocrx_word' id='word_1_520' title='bbox 3315 1299 3452 1353; x_wconf 85' lang='lat' dir='ltr'><strong>mala</strong></span> <span class='ocrx_word' id='word_1_521' title='bbox 3481 1301 3609 1362; x_wconf 87' lang='lat' dir='ltr'><strong>sint,</strong></span> <span class='ocrx_word' id='word_1_522' title='bbox 3638 1315 3812 1369; x_wconf 80' lang='lat' dir='ltr'><strong>neque</strong></span> 
     </span>
    </p>
   </div>
   <div class='ocr_carea' id='block_1_62' title="bbox 2226 1383 3814 1459">
    <p class='ocr_par' dir='ltr' id='par_1_62' title="bbox 2226 1383 3814 1459">
     <span class='ocr_line' id='line_1_62' title="bbox 2226 1383 3814 1459; baseline 0.004 -23"><span class='ocrx_word' id='word_1_523' title='bbox 2226 1383 2341 1453; x_wconf 87' lang='lat' dir='ltr'><strong>ipsa</strong></span> <span class='ocrx_word' id='word_1_524' title='bbox 2373 1383 2621 1439; x_wconf 88' lang='lat' dir='ltr'><strong>voluntas</strong></span> <span class='ocrx_word' id='word_1_525' title='bbox 2658 1387 2852 1447; x_wconf 84' lang='lat' dir='ltr'><strong>libera,</strong></span> <span class='ocrx_word' id='word_1_526' title='bbox 2887 1403 3049 1457; x_wconf 86' lang='lat' dir='ltr'><strong>quam</strong></span> <span class='ocrx_word' id='word_1_527' title='bbox 3079 1388 3130 1441; x_wconf 92' lang='lat' dir='ltr'><strong>in</strong></span> <span class='ocrx_word' id='word_1_528' title='bbox 3163 1388 3318 1442; x_wconf 87' lang='lat' dir='ltr'><strong>bonis</strong></span> <span class='ocrx_word' id='word_1_529' title='bbox 3347 1389 3668 1459; x_wconf 79' lang='lat' dir='ltr'><strong>quibusdam</strong></span> <span class='ocrx_word' id='word_1_530' title='bbox 3699 1402 3814 1442; x_wconf 86' lang='lat' dir='ltr'><strong>me-</strong></span> 
     </span>
    </p>
   </div>
   <div class='ocr_carea' id='block_1_63' title="bbox 2224 1475 3813 1558">
    <p class='ocr_par' dir='ltr' id='par_1_63' title="bbox 2224 1475 3813 1558">
     <span class='ocr_line' id='line_1_63' title="bbox 2224 1475 3813 1558; baseline 0.006 -30"><span class='ocrx_word' id='word_1_531' title='bbox 2224 1475 2328 1558; x_wconf 67' lang='lat' dir='ltr'><strong>diis</strong></span> <span class='ocrx_word' id='word_1_532' title='bbox 2376 1481 2764 1533; x_wconf 75' lang='lat' dir='ltr'><strong>numerandum</strong></span> <span class='ocrx_word' id='word_1_533' title='bbox 2794 1495 2914 1538; x_wconf 84' lang='lat' dir='ltr'><strong>esse</strong></span> <span class='ocrx_word' id='word_1_534' title='bbox 2955 1482 3342 1551; x_wconf 78' lang='lat' dir='ltr'><strong>Comperimus,</strong></span> <span class='ocrx_word' id='word_1_535' title='bbox 3373 1484 3468 1538; x_wconf 86' lang='lat' dir='ltr'><strong>sed</strong></span> <span class='ocrx_word' id='word_1_536' title='bbox 3497 1483 3696 1536; x_wconf 85' lang='lat' dir='ltr'><strong>malum</strong></span> <span class='ocrx_word' id='word_1_537' title='bbox 3739 1481 3813 1538; x_wconf 84' lang='lat' dir='ltr'><strong>sit</strong></span> 
     </span>
    </p>
   </div>
   <div class='ocr_carea' id='block_1_64' title="bbox 2222 1570 3810 1640">
    <p class='ocr_par' dir='ltr' id='par_1_64' title="bbox 2222 1570 3810 1640">
     <span class='ocr_line' id='line_1_64' title="bbox 2222 1570 3810 1640; baseline 0.008 -18"><span class='ocrx_word' id='word_1_538' title='bbox 2222 1570 2448 1624; x_wconf 73' lang='lat' dir='ltr'><strong>avctsio.</strong></span> <span class='ocrx_word' id='word_1_539' title='bbox 2467 1570 2584 1640; x_wconf 69' lang='lat' dir='ltr'><strong>eius</strong></span> <span class='ocrx_word' id='word_1_540' title='bbox 2609 1572 2678 1626; x_wconf 91' lang='lat' dir='ltr'><strong>ab</strong></span> <span class='ocrx_word' id='word_1_541' title='bbox 2703 1574 3125 1630; x_wconf 81' lang='lat' dir='ltr'><strong>iucointuutabili</strong></span> <span class='ocrx_word' id='word_1_542' title='bbox 3159 1578 3318 1639; x_wconf 87' lang='lat' dir='ltr'><strong>bono,</strong></span> <span class='ocrx_word' id='word_1_543' title='bbox 3349 1588 3403 1633; x_wconf 86' lang='lat' dir='ltr'><strong>et</strong></span> <span class='ocrx_word' id='word_1_544' title='bbox 3433 1577 3716 1633; x_wconf 82' lang='lat' dir='ltr'><strong>conversio</strong></span> <span class='ocrx_word' id='word_1_545' title='bbox 3743 1578 3810 1634; x_wconf 84' lang='lat' dir='ltr'><strong>ad</strong></span> 
     </span>
    </p>
   </div>
   <div class='ocr_carea' id='block_1_65' title="bbox 2223 1663 3810 1739">
    <p class='ocr_par' dir='ltr' id='par_1_65' title="bbox 2223 1663 3810 1739">
     <span class='ocr_line' id='line_1_65' title="bbox 2223 1663 3810 1739; baseline 0.005 -23"><span class='ocrx_word' id='word_1_546' title='bbox 2223 1663 2503 1717; x_wconf 85' lang='lat' dir='ltr'><strong>mutabilia</strong></span> <span class='ocrx_word' id='word_1_547' title='bbox 2551 1665 2722 1730; x_wconf 79' lang='lat' dir='ltr'><strong>bona;</strong></span> <span class='ocrx_word' id='word_1_548' title='bbox 2745 1678 2906 1736; x_wconf 82' lang='lat' dir='ltr'><strong>‘quae</strong></span> <span class='ocrx_word' id='word_1_549' title='bbox 2939 1677 3118 1723; x_wconf 87' lang='lat' dir='ltr'><strong>tamen</strong></span> <span class='ocrx_word' id='word_1_550' title='bbox 3152 1671 3366 1724; x_wconf 82' lang='lat' dir='ltr'><strong>aversio</strong></span> <span class='ocrx_word' id='word_1_551' title='bbox 3394 1679 3555 1739; x_wconf 89' lang='lat' dir='ltr'><strong>atque</strong></span> <span class='ocrx_word' id='word_1_552' title='bbox 3583 1666 3810 1726; x_wconf 80' lang='lat' dir='ltr'><strong>conver-</strong></span> 
     </span>
    </p>
   </div>
   <div class='ocr_carea' id='block_1_66' title="bbox 2353 1755 3808 1828">
    <p class='ocr_par' dir='ltr' id='par_1_66' title="bbox 2353 1755 3808 1828">
     <span class='ocr_line' id='line_1_66' title="bbox 2353 1755 3808 1828; baseline 0.005 -22"><span class='ocrx_word' id='word_1_553' title='bbox 2353 1755 2610 1824; x_wconf 81' lang='lat' dir='ltr'><strong>quoniatn</strong></span> <span class='ocrx_word' id='word_1_554' title='bbox 2637 1772 2742 1810; x_wconf 89' lang='lat' dir='ltr'><strong>non</strong></span> <span class='ocrx_word' id='word_1_555' title='bbox 2781 1759 3013 1828; x_wconf 78' lang='lat' dir='ltr'><strong>cogitur,</strong></span> <span class='ocrx_word' id='word_1_556' title='bbox 3042 1761 3136 1814; x_wconf 85' lang='lat' dir='ltr'><strong>sed</strong></span> <span class='ocrx_word' id='word_1_557' title='bbox 3180 1769 3262 1814; x_wconf 83' lang='lat' dir='ltr'><strong>est</strong></span> <span class='ocrx_word' id='word_1_558' title='bbox 3290 1759 3614 1828; x_wconf 86' lang='lat' dir='ltr'><strong>voluntaria,</strong></span> <span class='ocrx_word' id='word_1_559' title='bbox 3645 1759 3808 1828; x_wconf 73' lang='lat' dir='ltr'><strong>digna</strong></span> 
     </span>
    </p>
   </div>
   <div class='ocr_carea' id='block_1_67' title="bbox 2222 1845 3584 1922">
    <p class='ocr_par' dir='ltr' id='par_1_67' title="bbox 2222 1845 3584 1922">
     <span class='ocr_line' id='line_1_67' title="bbox 2222 1845 3584 1922; baseline 0.005 -23"><span class='ocrx_word' id='word_1_560' title='bbox 2222 1854 2273 1900; x_wconf 83' lang='lat' dir='ltr'><strong>et</strong></span> <span class='ocrx_word' id='word_1_561' title='bbox 2299 1845 2442 1915; x_wconf 84' lang='lat' dir='ltr'><strong>jtsta</strong></span> <span class='ocrx_word' id='word_1_562' title='bbox 2462 1861 2584 1901; x_wconf 88' lang='lat' dir='ltr'><strong>eaut</strong></span> <span class='ocrx_word' id='word_1_563' title='bbox 2615 1849 2868 1904; x_wconf 85' lang='lat' dir='ltr'><strong>miseriae</strong></span> <span class='ocrx_word' id='word_1_564' title='bbox 2896 1864 3066 1918; x_wconf 89' lang='lat' dir='ltr'><strong>poena</strong></span> <span class='ocrx_word' id='word_1_565' title='bbox 3097 1849 3445 1922; x_wconf 81' lang='lat' dir='ltr'><strong>subsequitur</strong></span> <span class='ocrx_word' id='word_1_566' title='bbox 3469 1860 3493 1893; x_wconf 76' lang='grc' dir='ltr'><strong>ε</strong></span> <span class='ocrx_word' id='word_1_567' title='bbox 3530 1870 3584 1907; x_wconf 79' lang='grc' dir='ltr'><strong>ι.</strong></span> 
     </span>
    </p>
   </div>
   <div class='ocr_carea' id='block_1_68' title="bbox 2287 1937 3806 2010">
    <p class='ocr_par' dir='ltr' id='par_1_68' title="bbox 2287 1937 3806 2010">
     <span class='ocr_line' id='line_1_68' title="bbox 2287 1937 3806 2010; baseline -0.005 -9"><span class='ocrx_word' id='word_1_568' title='bbox 2287 1944 2354 2001; x_wconf 87' lang='lat' dir='ltr'><strong>V.</strong></span> <span class='ocrx_word' id='word_1_569' title='bbox 2392 1960 2412 1996; x_wconf 70' lang='grc' dir='ltr'>ι</span> <span class='ocrx_word' id='word_1_570' title='bbox 2443 1937 2548 1992; x_wconf 75' lang='lat' dir='ltr'><strong>Sed</strong></span> <span class='ocrx_word' id='word_1_571' title='bbox 2572 1945 2625 1990; x_wconf 91' lang='lat' dir='ltr'><strong>tu</strong></span> <span class='ocrx_word' id='word_1_572' title='bbox 2670 1941 2900 1996; x_wconf 55' lang='lat' dir='ltr'><strong>fortasse</strong></span> <span class='ocrx_word' id='word_1_573' title='bbox 2925 1943 3274 2010; x_wconf 80' lang='lat' dir='ltr'><strong>quaesiturus</strong></span> <span class='ocrx_word' id='word_1_574' title='bbox 3298 1958 3378 2004; x_wconf 77' lang='lat' dir='ltr'><strong>es,</strong></span> <span class='ocrx_word' id='word_1_575' title='bbox 3405 1942 3659 2008; x_wconf 85' lang='lat' dir='ltr'><strong>quoniam</strong></span> <span class='ocrx_word' id='word_1_576' title='bbox 3692 1955 3806 1994; x_wconf 82' lang='grc' dir='ltr'><strong>ιιιο-</strong></span> 
     </span>
    </p>
   </div>
   <div class='ocr_carea' id='block_1_69' title="bbox 2215 2032 3808 2098">
    <p class='ocr_par' dir='ltr' id='par_1_69' title="bbox 2215 2032 3808 2098">
     <span class='ocr_line' id='line_1_69' title="bbox 2215 2032 3808 2098; baseline -0.002 -6"><span class='ocrx_word' id='word_1_577' title='bbox 2215 2050 2370 2092; x_wconf 81' lang='lat' dir='ltr'><strong>vetur</strong></span> <span class='ocrx_word' id='word_1_578' title='bbox 2413 2035 2693 2097; x_wconf 84' lang='lat' dir='ltr'><strong>voluntas,</strong></span> <span class='ocrx_word' id='word_1_579' title='bbox 2746 2048 2870 2087; x_wconf 90' lang='lat' dir='ltr'><strong>cum</strong></span> <span class='ocrx_word' id='word_1_580' title='bbox 2907 2048 2966 2089; x_wconf 87' lang='lat' dir='ltr'><strong>se</strong></span> <span class='ocrx_word' id='word_1_581' title='bbox 3010 2035 3210 2090; x_wconf 79' lang='lat' dir='ltr'><strong>avertit</strong></span> <span class='ocrx_word' id='word_1_582' title='bbox 3261 2035 3328 2089; x_wconf 87' lang='lat' dir='ltr'><strong>ab</strong></span> <span class='ocrx_word' id='word_1_583' title='bbox 3382 2032 3808 2098; x_wconf 80' lang='lat' dir='ltr'><strong>incommutabili</strong></span> 
     </span>
    </p>
   </div>
   <div class='ocr_carea' id='block_1_70' title="bbox 2213 2124 3806 2193">
    <p class='ocr_par' dir='ltr' id='par_1_70' title="bbox 2213 2124 3806 2193">
     <span class='ocr_line' id='line_1_70' title="bbox 2213 2124 3806 2193; baseline -0.001 -13"><span class='ocrx_word' id='word_1_584' title='bbox 2213 2128 2355 2181; x_wconf 89' lang='lat' dir='ltr'><strong>bono</strong></span> <span class='ocrx_word' id='word_1_585' title='bbox 2383 2125 2451 2180; x_wconf 88' lang='lat' dir='ltr'><strong>ad</strong></span> <span class='ocrx_word' id='word_1_586' title='bbox 2478 2125 2735 2180; x_wconf 70' lang='lat' dir='ltr'><strong>mutabile</strong></span> <span class='ocrx_word' id='word_1_587' title='bbox 2760 2124 2983 2188; x_wconf 87' lang='lat' dir='ltr'><strong>bonum,</strong></span> <span class='ocrx_word' id='word_1_588' title='bbox 3009 2126 3154 2182; x_wconf 88' lang='lat' dir='ltr'><strong>unde</strong></span> <span class='ocrx_word' id='word_1_589' title='bbox 3180 2126 3232 2182; x_wconf 90' lang='lat' dir='ltr'><strong>ei</strong></span> <span class='ocrx_word' id='word_1_590' title='bbox 3258 2130 3358 2182; x_wconf 78' lang='lat' dir='ltr'><strong>iste</strong></span> <span class='ocrx_word' id='word_1_591' title='bbox 3389 2135 3566 2180; x_wconf 83' lang='lat' dir='ltr'><strong>motus</strong></span> <span class='ocrx_word' id='word_1_592' title='bbox 3587 2126 3806 2193; x_wconf 72' lang='lat' dir='ltr'><strong>existat,</strong></span> 
     </span>
    </p>
   </div>
   <div class='ocr_carea' id='block_1_71' title="bbox 2212 2217 3802 2289">
    <p class='ocr_par' dir='ltr' id='par_1_71' title="bbox 2212 2217 3802 2289">
     <span class='ocr_line' id='line_1_71' title="bbox 2212 2217 3802 2289; baseline 0.003 -19"><span class='ocrx_word' id='word_1_593' title='bbox 2212 2217 2300 2286; x_wconf 88' lang='lat' dir='ltr'><strong>qtti</strong></span> <span class='ocrx_word' id='word_1_594' title='bbox 2333 2217 2574 2287; x_wconf 78' lang='lat' dir='ltr'><strong>profecto</strong></span> <span class='ocrx_word' id='word_1_595' title='bbox 2600 2218 2773 2272; x_wconf 87' lang='lat' dir='ltr'><strong>malus</strong></span> <span class='ocrx_word' id='word_1_596' title='bbox 2799 2227 2903 2281; x_wconf 84' lang='lat' dir='ltr'><strong>est,</strong></span> <span class='ocrx_word' id='word_1_597' title='bbox 2933 2219 3148 2274; x_wconf 86' lang='lat' dir='ltr'><strong>tametsi</strong></span> <span class='ocrx_word' id='word_1_598' title='bbox 3182 2218 3430 2274; x_wconf 79' lang='lat' dir='ltr'><strong>voluntas</strong></span> <span class='ocrx_word' id='word_1_599' title='bbox 3457 2219 3650 2286; x_wconf 83' lang='lat' dir='ltr'><strong>libera,</strong></span> <span class='ocrx_word' id='word_1_600' title='bbox 3677 2218 3802 2289; x_wconf 80' lang='lat' dir='ltr'><strong>quia</strong></span> 
     </span>
    </p>
   </div>
   <div class='ocr_carea' id='block_1_72' title="bbox 2211 2297 3801 2379">
    <p class='ocr_par' dir='ltr' id='par_1_72' title="bbox 2211 2297 3801 2379">
     <span class='ocr_line' id='line_1_72' title="bbox 2211 2297 3801 2379; baseline 0.002 -17"><span class='ocrx_word' id='word_1_601' title='bbox 2211 2308 2327 2362; x_wconf 86' lang='lat' dir='ltr'><strong>sine</strong></span> <span class='ocrx_word' id='word_1_602' title='bbox 2359 2307 2443 2361; x_wconf 86' lang='lat' dir='ltr'><strong>illa</strong></span> <span class='ocrx_word' id='word_1_603' title='bbox 2475 2324 2576 2362; x_wconf 90' lang='lat' dir='ltr'><strong>nec</strong></span> <span class='ocrx_word' id='word_1_604' title='bbox 2611 2319 2759 2364; x_wconf 87' lang='lat' dir='ltr'><strong>recte</strong></span> <span class='ocrx_word' id='word_1_605' title='bbox 2789 2309 2896 2363; x_wconf 89' lang='lat' dir='ltr'><strong>vivi</strong></span> <span class='ocrx_word' id='word_1_606' title='bbox 2936 2317 3148 2379; x_wconf 82' lang='lat' dir='ltr'><strong>potest,</strong></span> <span class='ocrx_word' id='word_1_607' title='bbox 3182 2311 3236 2364; x_wconf 89' lang='lat' dir='ltr'><strong>in</strong></span> <span class='ocrx_word' id='word_1_608' title='bbox 3277 2297 3431 2365; x_wconf 78' lang='lat' dir='ltr'><strong>bonis</strong></span> <span class='ocrx_word' id='word_1_609' title='bbox 3471 2312 3801 2366; x_wconf 85' lang='lat' dir='ltr'><strong>numeranda</strong></span> 
     </span>
    </p>
   </div>
   <div class='ocr_carea' id='block_1_73' title="bbox 2211 2397 3798 2467">
    <p class='ocr_par' dir='ltr' id='par_1_73' title="bbox 2211 2397 3798 2467">
     <span class='ocr_line' id='line_1_73' title="bbox 2211 2397 3798 2467; baseline 0.003 -15"><span class='ocrx_word' id='word_1_610' title='bbox 2211 2400 2316 2453; x_wconf 89' lang='lat' dir='ltr'><strong>sit?</strong></span> <span class='ocrx_word' id='word_1_611' title='bbox 2354 2399 2412 2454; x_wconf 89' lang='lat' dir='ltr'><strong>Si</strong></span> <span class='ocrx_word' id='word_1_612' title='bbox 2438 2402 2582 2455; x_wconf 88' lang='lat' dir='ltr'><strong>enim</strong></span> <span class='ocrx_word' id='word_1_613' title='bbox 2613 2412 2792 2456; x_wconf 90' lang='lat' dir='ltr'><strong>motus</strong></span> <span class='ocrx_word' id='word_1_614' title='bbox 2827 2401 2948 2466; x_wconf 86' lang='lat' dir='ltr'><strong>iste,</strong></span> <span class='ocrx_word' id='word_1_615' title='bbox 2979 2401 3034 2457; x_wconf 91' lang='lat' dir='ltr'><strong>id</strong></span> <span class='ocrx_word' id='word_1_616' title='bbox 3064 2412 3182 2467; x_wconf 88' lang='lat' dir='ltr'><strong>est,</strong></span> <span class='ocrx_word' id='word_1_617' title='bbox 3213 2397 3425 2458; x_wconf 81' lang='lat' dir='ltr'><strong>aversio</strong></span> <span class='ocrx_word' id='word_1_618' title='bbox 3451 2403 3742 2458; x_wconf 84' lang='lat' dir='ltr'><strong>voluntatis</strong></span> <span class='ocrx_word' id='word_1_619' title='bbox 3767 2418 3798 2456; x_wconf 88' lang='lat' dir='ltr'><strong>a</strong></span> 
     </span>
    </p>
   </div>
   <div class='ocr_carea' id='block_1_74' title="bbox 2216 2485 3829 2563">
    <p class='ocr_par' dir='ltr' id='par_1_74' title="bbox 2216 2485 3829 2563">
     <span class='ocr_line' id='line_1_74' title="bbox 2216 2485 3829 2563; baseline 0.003 -23"><span class='ocrx_word' id='word_1_620' title='bbox 2216 2488 2440 2543; x_wconf 80' lang='lat' dir='ltr'><strong>Domitio</strong></span> <span class='ocrx_word' id='word_1_621' title='bbox 2469 2490 2578 2545; x_wconf 87' lang='lat' dir='ltr'><strong>Deo</strong></span> <span class='ocrx_word' id='word_1_622' title='bbox 2602 2490 2719 2545; x_wconf 87' lang='lat' dir='ltr'><strong>sine</strong></span> <span class='ocrx_word' id='word_1_623' title='bbox 2740 2490 3074 2546; x_wconf 87' lang='lat' dir='ltr'><strong>dubitatione</strong></span> <span class='ocrx_word' id='word_1_624' title='bbox 3097 2504 3374 2561; x_wconf 77' lang='lat' dir='ltr'><strong>peccatum</strong></span> <span class='ocrx_word' id='word_1_625' title='bbox 3399 2501 3501 2556; x_wconf 86' lang='lat' dir='ltr'><strong>est,</strong></span> <span class='ocrx_word' id='word_1_626' title='bbox 3525 2509 3656 2546; x_wconf 86' lang='lat' dir='ltr'><strong>num</strong></span> <span class='ocrx_word' id='word_1_627' title='bbox 3678 2485 3802 2563; x_wconf 81' lang='lat' dir='ltr'><strong>pos-</strong></span> <span class='ocrx_word' id='word_1_628' title='bbox 3825 2505 3829 2510; x_wconf 77' lang='lat'><strong>‘</strong></span> 
     </span>
    </p>
   </div>
   <div class='ocr_carea' id='block_1_75' title="bbox 2210 2580 3799 2652">
    <p class='ocr_par' dir='ltr' id='par_1_75' title="bbox 2210 2580 3799 2652">
     <span class='ocr_line' id='line_1_75' title="bbox 2210 2580 3799 2652; baseline 0.002 -21"><span class='ocrx_word' id='word_1_629' title='bbox 2210 2593 2396 2632; x_wconf 86' lang='lat' dir='ltr'><strong>sumus</strong></span> <span class='ocrx_word' id='word_1_630' title='bbox 2420 2588 2693 2633; x_wconf 87' lang='lat' dir='ltr'><strong>auctorem</strong></span> <span class='ocrx_word' id='word_1_631' title='bbox 2723 2580 2934 2649; x_wconf 83' lang='lat' dir='ltr'><strong>peccati</strong></span> <span class='ocrx_word' id='word_1_632' title='bbox 2963 2581 3126 2635; x_wconf 86' lang='lat' dir='ltr'><strong>Deum</strong></span> <span class='ocrx_word' id='word_1_633' title='bbox 3153 2581 3367 2636; x_wconf 79' lang='lat' dir='ltr'><strong>dicere?</strong></span> <span class='ocrx_word' id='word_1_634' title='bbox 3400 2580 3514 2635; x_wconf 75' lang='lat' dir='ltr'><strong>Non</strong></span> <span class='ocrx_word' id='word_1_635' title='bbox 3543 2582 3647 2636; x_wconf 84' lang='lat' dir='ltr'><strong>erit</strong></span> <span class='ocrx_word' id='word_1_636' title='bbox 3671 2597 3799 2652; x_wconf 81' lang='lat' dir='ltr'><strong>ergo</strong></span> 
     </span>
    </p>
   </div>
   <div class='ocr_carea' id='block_1_76' title="bbox 2213 2669 3801 2744">
    <p class='ocr_par' dir='ltr' id='par_1_76' title="bbox 2213 2669 3801 2744">
     <span class='ocr_line' id='line_1_76' title="bbox 2213 2669 3801 2744; baseline 0.004 -22"><span class='ocrx_word' id='word_1_637' title='bbox 2213 2669 2314 2724; x_wconf 90' lang='lat' dir='ltr'><strong>iste</strong></span> <span class='ocrx_word' id='word_1_638' title='bbox 2346 2679 2522 2725; x_wconf 89' lang='lat' dir='ltr'><strong>motus</strong></span> <span class='ocrx_word' id='word_1_639' title='bbox 2549 2686 2617 2725; x_wconf 78' lang='lat' dir='ltr'><strong>ex</strong></span> <span class='ocrx_word' id='word_1_640' title='bbox 2664 2672 2794 2726; x_wconf 86' lang='lat' dir='ltr'><strong>Deo.</strong></span> <span class='ocrx_word' id='word_1_641' title='bbox 2844 2670 2997 2730; x_wconf 82' lang='lat' dir='ltr'><strong>Unde</strong></span> <span class='ocrx_word' id='word_1_642' title='bbox 3045 2671 3210 2741; x_wconf 80' lang='lat' dir='ltr'><strong>igitur</strong></span> <span class='ocrx_word' id='word_1_643' title='bbox 3238 2673 3376 2728; x_wconf 86' lang='lat' dir='ltr'><strong>erit?</strong></span> <span class='ocrx_word' id='word_1_644' title='bbox 3405 2673 3481 2728; x_wconf 88' lang='lat' dir='ltr'><strong>ita</strong></span> <span class='ocrx_word' id='word_1_645' title='bbox 3517 2673 3801 2744; x_wconf 86' lang='lat' dir='ltr'><strong>quaerenti</strong></span> 
     </span>
    </p>
   </div>
   <div class='ocr_carea' id='block_1_77' title="bbox 2213 2759 3873 2832">
    <p class='ocr_par' dir='ltr' id='par_1_77' title="bbox 2213 2759 3873 2832">
     <span class='ocr_line' id='line_1_77' title="bbox 2213 2759 3873 2832; baseline 0.004 -19"><span class='ocrx_word' id='word_1_646' title='bbox 2213 2759 2313 2813; x_wconf 90' lang='lat' dir='ltr'><strong>tibi</strong></span> <span class='ocrx_word' id='word_1_647' title='bbox 2352 2760 2397 2815; x_wconf 87' lang='lat' dir='ltr'><strong>si</strong></span> <span class='ocrx_word' id='word_1_648' title='bbox 2438 2763 2804 2832; x_wconf 79' lang='lat' dir='ltr'><strong>respondeam</strong></span> <span class='ocrx_word' id='word_1_649' title='bbox 2850 2765 3060 2818; x_wconf 85' lang='lat' dir='ltr'><strong>nescire</strong></span> <span class='ocrx_word' id='word_1_650' title='bbox 3103 2779 3218 2827; x_wconf 88' lang='lat' dir='ltr'><strong>me,</strong></span> <span class='ocrx_word' id='word_1_651' title='bbox 3259 2764 3487 2820; x_wconf 74' lang='lat' dir='ltr'><strong>fortasse</strong></span> <span class='ocrx_word' id='word_1_652' title='bbox 3514 2765 3536 2796; x_wconf 83' lang='grc'><strong>⁸</strong></span> <span class='ocrx_word' id='word_1_653' title='bbox 3565 2766 3674 2820; x_wconf 85' lang='lat' dir='ltr'><strong>eris</strong></span> <span class='ocrx_word' id='word_1_654' title='bbox 3707 2766 3803 2821; x_wconf 87' lang='lat' dir='ltr'><strong>tri-</strong></span> <span class='ocrx_word' id='word_1_655' title='bbox 3869 2769 3873 2776; x_wconf 84' lang='lat'><strong><em>&#39;</em></strong></span> 
     </span>
    </p>
   </div>
   <div class='ocr_carea' id='block_1_78' title="bbox 2211 2851 3802 2926">
    <p class='ocr_par' dir='ltr' id='par_1_78' title="bbox 2211 2851 3802 2926">
     <span class='ocr_line' id='line_1_78' title="bbox 2211 2851 3802 2926; baseline 0.006 -22"><span class='ocrx_word' id='word_1_656' title='bbox 2211 2851 2384 2907; x_wconf 70' lang='lat' dir='ltr'><strong>stiori</strong></span> <span class='ocrx_word' id='word_1_657' title='bbox 2415 2852 2519 2907; x_wconf 89' lang='lat' dir='ltr'><strong>Sed</strong></span> <span class='ocrx_word' id='word_1_658' title='bbox 2554 2862 2730 2909; x_wconf 86' lang='lat' dir='ltr'><strong>tamen</strong></span> <span class='ocrx_word' id='word_1_659' title='bbox 2763 2870 2890 2909; x_wconf 86' lang='lat' dir='ltr'><strong>vera</strong></span> <span class='ocrx_word' id='word_1_660' title='bbox 2919 2857 3312 2926; x_wconf 75' lang='lat' dir='ltr'><strong>responderim.</strong></span> <span class='ocrx_word' id='word_1_661' title='bbox 3346 2856 3488 2912; x_wconf 76' lang='lat' dir='ltr'><strong>Sciri</strong></span> <span class='ocrx_word' id='word_1_662' title='bbox 3519 2858 3661 2912; x_wconf 90' lang='lat' dir='ltr'><strong>enim</strong></span> <span class='ocrx_word' id='word_1_663' title='bbox 3695 2873 3802 2913; x_wconf 88' lang='lat' dir='ltr'><strong>non</strong></span> 
     </span>
    </p>
   </div>
   <div class='ocr_carea' id='block_1_79' title="bbox 2212 2944 3804 3018">
    <p class='ocr_par' dir='ltr' id='par_1_79' title="bbox 2212 2944 3804 3018">
     <span class='ocr_line' id='line_1_79' title="bbox 2212 2944 3804 3018; baseline 0.003 -21"><span class='ocrx_word' id='word_1_664' title='bbox 2212 2952 2425 3012; x_wconf 86' lang='lat' dir='ltr'><strong>potest,</strong></span> <span class='ocrx_word' id='word_1_665' title='bbox 2463 2945 2606 3015; x_wconf 91' lang='lat' dir='ltr'><strong>quod</strong></span> <span class='ocrx_word' id='word_1_666' title='bbox 2645 2944 2781 2999; x_wconf 88' lang='lat' dir='ltr'><strong>nihil</strong></span> <span class='ocrx_word' id='word_1_667' title='bbox 2820 2948 2922 3000; x_wconf 72' lang='lat' dir='ltr'><strong>est‘.</strong></span> <span class='ocrx_word' id='word_1_668' title='bbox 2963 2946 3044 3000; x_wconf 62' lang='lat' dir='ltr'><strong>&#39;l‘u</strong></span> <span class='ocrx_word' id='word_1_669' title='bbox 3089 2957 3291 3002; x_wconf 87' lang='lat' dir='ltr'><strong>tantum</strong></span> <span class='ocrx_word' id='word_1_670' title='bbox 3329 2949 3582 3018; x_wconf 87' lang='lat' dir='ltr'><strong>pietatem</strong></span> <span class='ocrx_word' id='word_1_671' title='bbox 3616 2948 3804 3004; x_wconf 81' lang='lat' dir='ltr'><strong>incon-</strong></span> 
     </span>
    </p>
   </div>
   <div class='ocr_carea' id='block_1_80' title="bbox 2215 3037 3804 3108">
    <p class='ocr_par' dir='ltr' id='par_1_80' title="bbox 2215 3037 3804 3108">
     <span class='ocr_line' id='line_1_80' title="bbox 2215 3037 3804 3108; baseline 0.003 -19"><span class='ocrx_word' id='word_1_672' title='bbox 2215 3050 2428 3090; x_wconf 89' lang='lat' dir='ltr'><strong>cussam</strong></span> <span class='ocrx_word' id='word_1_673' title='bbox 2461 3045 2604 3101; x_wconf 84' lang='lat' dir='ltr'><strong>tene,</strong></span> <span class='ocrx_word' id='word_1_674' title='bbox 2631 3046 2689 3091; x_wconf 92' lang='lat' dir='ltr'><strong>ut</strong></span> <span class='ocrx_word' id='word_1_675' title='bbox 2714 3037 2922 3091; x_wconf 91' lang='lat' dir='ltr'><strong>nullum</strong></span> <span class='ocrx_word' id='word_1_676' title='bbox 2949 3037 3044 3108; x_wconf 76' lang='lat' dir='ltr'><strong>tibi</strong></span> <span class='ocrx_word' id='word_1_677' title='bbox 3077 3038 3275 3094; x_wconf 89' lang='lat' dir='ltr'><strong>bonum</strong></span> <span class='ocrx_word' id='word_1_678' title='bbox 3307 3039 3388 3094; x_wconf 84' lang='lat' dir='ltr'><strong>vel</strong></span> <span class='ocrx_word' id='word_1_679' title='bbox 3414 3040 3688 3105; x_wconf 86' lang='lat' dir='ltr'><strong>sentienti,</strong></span> <span class='ocrx_word' id='word_1_680' title='bbox 3717 3037 3804 3094; x_wconf 73' lang='lat' dir='ltr'><strong>vel</strong></span> 
     </span>
    </p>
   </div>
   <div class='ocr_carea' id='block_1_81' title="bbox 2138 3103 3801 3208">
    <p class='ocr_par' dir='ltr' id='par_1_81' title="bbox 2138 3103 3801 3208">
     <span class='ocr_line' id='line_1_81' title="bbox 2138 3103 3801 3208; baseline 0.003 -28"><span class='ocrx_word' id='word_1_681' title='bbox 2138 3103 2182 3164; x_wconf 61' lang='grc' dir='ltr'><strong>(ἶ</strong></span> <span class='ocrx_word' id='word_1_682' title='bbox 2215 3126 2551 3198; x_wconf 82' lang='lat' dir='ltr'><strong>intelligenti,</strong></span> <span class='ocrx_word' id='word_1_683' title='bbox 2576 3127 2659 3182; x_wconf 87' lang='lat' dir='ltr'><strong>vel</strong></span> <span class='ocrx_word' id='word_1_684' title='bbox 2677 3143 2895 3199; x_wconf 85' lang='lat' dir='ltr'><strong>quoquo</strong></span> <span class='ocrx_word' id='word_1_685' title='bbox 2911 3106 3068 3208; x_wconf 78' lang='lat' dir='ltr'><strong>modo</strong></span> <span class='ocrx_word' id='word_1_686' title='bbox 3082 3130 3339 3200; x_wconf 80' lang='lat' dir='ltr'><strong>cogitanti</strong></span> <span class='ocrx_word' id='word_1_687' title='bbox 3361 3141 3635 3197; x_wconf 86' lang='lat' dir='ltr'><strong>occurrat,</strong></span> <span class='ocrx_word' id='word_1_688' title='bbox 3656 3137 3801 3202; x_wconf 84' lang='lat' dir='ltr'><strong>quod</strong></span> 
     </span>
    </p>
   </div>
   <div class='ocr_carea' id='block_1_82' title="bbox 2214 3220 3803 3298">
    <p class='ocr_par' dir='ltr' id='par_1_82' title="bbox 2214 3220 3803 3298">
     <span class='ocr_line' id='line_1_82' title="bbox 2214 3220 3803 3298; baseline 0.004 -25"><span class='ocrx_word' id='word_1_689' title='bbox 2214 3235 2319 3274; x_wconf 92' lang='lat' dir='ltr'><strong>non</strong></span> <span class='ocrx_word' id='word_1_690' title='bbox 2346 3221 2415 3274; x_wconf 88' lang='lat' dir='ltr'><strong>sit</strong></span> <span class='ocrx_word' id='word_1_691' title='bbox 2441 3234 2507 3275; x_wconf 77' lang='lat' dir='ltr'><strong>ex</strong></span> <span class='ocrx_word' id='word_1_692' title='bbox 2538 3220 2666 3276; x_wconf 87' lang='lat' dir='ltr'><strong>Deo.</strong></span> <span class='ocrx_word' id='word_1_693' title='bbox 2704 3222 2780 3276; x_wconf 87' lang='lat' dir='ltr'><strong>lta</strong></span> <span class='ocrx_word' id='word_1_694' title='bbox 2812 3222 2955 3276; x_wconf 89' lang='lat' dir='ltr'><strong>euitn</strong></span> <span class='ocrx_word' id='word_1_695' title='bbox 2982 3221 3126 3276; x_wconf 88' lang='lat' dir='ltr'><strong>nulla</strong></span> <span class='ocrx_word' id='word_1_696' title='bbox 3156 3235 3347 3278; x_wconf 86' lang='lat' dir='ltr'><strong>natura</strong></span> <span class='ocrx_word' id='word_1_697' title='bbox 3371 3225 3633 3298; x_wconf 87' lang='lat' dir='ltr'><strong>occurrit,</strong></span> <span class='ocrx_word' id='word_1_698' title='bbox 3660 3236 3803 3295; x_wconf 83' lang='lat' dir='ltr'><strong>quae</strong></span> 
     </span>
    </p>
   </div>
   <div class='ocr_carea' id='block_1_83' title="bbox 2213 3311 3801 3390">
    <p class='ocr_par' dir='ltr' id='par_1_83' title="bbox 2213 3311 3801 3390">
     <span class='ocr_line' id='line_1_83' title="bbox 2213 3311 3801 3390; baseline 0.004 -27"><span class='ocrx_word' id='word_1_699' title='bbox 2213 3325 2320 3366; x_wconf 88' lang='lat' dir='ltr'><strong>non</strong></span> <span class='ocrx_word' id='word_1_700' title='bbox 2344 3311 2416 3366; x_wconf 90' lang='lat' dir='ltr'><strong>sit</strong></span> <span class='ocrx_word' id='word_1_701' title='bbox 2440 3326 2504 3367; x_wconf 79' lang='lat' dir='ltr'><strong>ex</strong></span> <span class='ocrx_word' id='word_1_702' title='bbox 2533 3313 2674 3378; x_wconf 72' lang='lat' dir='ltr'><strong>Deo;</strong></span> <span class='ocrx_word' id='word_1_703' title='bbox 2703 3327 2919 3368; x_wconf 87' lang='lat' dir='ltr'><strong>omnem</strong></span> <span class='ocrx_word' id='word_1_704' title='bbox 2948 3313 3146 3390; x_wconf 89' lang='lat' dir='ltr'><strong>quippe</strong></span> <span class='ocrx_word' id='word_1_705' title='bbox 3175 3329 3312 3380; x_wconf 91' lang='lat' dir='ltr'><strong>rem,</strong></span> <span class='ocrx_word' id='word_1_706' title='bbox 3369 3315 3459 3370; x_wconf 90' lang='lat' dir='ltr'><strong>ubi</strong></span> <span class='ocrx_word' id='word_1_707' title='bbox 3489 3329 3801 3374; x_wconf 83' lang='lat' dir='ltr'><strong>mensuram</strong></span> 
     </span>
    </p>
   </div>
   <div class='ocr_carea' id='block_1_84' title="bbox 2157 3403 3816 3474">
    <p class='ocr_par' dir='ltr' id='par_1_84' title="bbox 2157 3403 3816 3474">
     <span class='ocr_line' id='line_1_84' title="bbox 2157 3403 3816 3474; baseline 0.01 -22"><span class='ocrx_word' id='word_1_708' title='bbox 2157 3443 2160 3452; x_wconf 52' lang='grc' dir='ltr'>τ</span> <span class='ocrx_word' id='word_1_709' title='bbox 2212 3410 2268 3456; x_wconf 88' lang='lat' dir='ltr'><strong>et</strong></span> <span class='ocrx_word' id='word_1_710' title='bbox 2291 3416 2576 3458; x_wconf 87' lang='lat' dir='ltr'><strong>numerum</strong></span> <span class='ocrx_word' id='word_1_711' title='bbox 2601 3414 2655 3460; x_wconf 90' lang='lat' dir='ltr'><strong>et</strong></span> <span class='ocrx_word' id='word_1_712' title='bbox 2699 3403 2946 3459; x_wconf 86' lang='lat' dir='ltr'><strong>ordinem</strong></span> <span class='ocrx_word' id='word_1_713' title='bbox 2968 3407 3193 3474; x_wconf 87' lang='lat' dir='ltr'><strong>videris,</strong></span> <span class='ocrx_word' id='word_1_714' title='bbox 3215 3406 3325 3462; x_wconf 85' lang='lat' dir='ltr'><strong>Deo</strong></span> <span class='ocrx_word' id='word_1_715' title='bbox 3349 3407 3543 3465; x_wconf 79' lang='lat' dir='ltr'><strong>artiﬁci</strong></span> <span class='ocrx_word' id='word_1_716' title='bbox 3569 3408 3816 3468; x_wconf 66' lang='lat' dir='ltr'><strong>tribuere</strong></span> 
     </span>
    </p>
   </div>
   <div class='ocr_carea' id='block_1_85' title="bbox 2213 3497 3802 3571">
    <p class='ocr_par' dir='ltr' id='par_1_85' title="bbox 2213 3497 3802 3571">
     <span class='ocr_line' id='line_1_85' title="bbox 2213 3497 3802 3571; baseline 0.004 -18"><span class='ocrx_word' id='word_1_717' title='bbox 2213 3511 2284 3553; x_wconf 85' lang='lat' dir='ltr'><strong>ne</strong></span> <span class='ocrx_word' id='word_1_718' title='bbox 2307 3498 2600 3555; x_wconf 79' lang='lat' dir='ltr'><strong>cuncteris.</strong></span> <span class='ocrx_word' id='word_1_719' title='bbox 2636 3497 2804 3554; x_wconf 69' lang='lat' dir='ltr'><strong>[inde</strong></span> <span class='ocrx_word' id='word_1_720' title='bbox 2840 3509 3022 3555; x_wconf 88' lang='lat' dir='ltr'><strong>autem</strong></span> <span class='ocrx_word' id='word_1_721' title='bbox 3074 3499 3180 3556; x_wconf 85' lang='lat' dir='ltr'><strong>ista</strong></span> <span class='ocrx_word' id='word_1_722' title='bbox 3211 3503 3428 3571; x_wconf 80' lang='lat' dir='ltr'><strong>penitus</strong></span> <span class='ocrx_word' id='word_1_723' title='bbox 3451 3501 3474 3533; x_wconf 80' lang='lat'><strong>’</strong></span> <span class='ocrx_word' id='word_1_724' title='bbox 3502 3502 3802 3559; x_wconf 74' lang='lat' dir='ltr'><strong>detraxeris</strong></span> 
     </span>
    </p>
   </div>
   <div class='ocr_carea' id='block_1_86' title="bbox 2214 3586 3798 3664">
    <p class='ocr_par' dir='ltr' id='par_1_86' title="bbox 2214 3586 3798 3664">
     <span class='ocr_line' id='line_1_86' title="bbox 2214 3586 3798 3664; baseline 0.004 -23"><span class='ocrx_word' id='word_1_725' title='bbox 2214 3586 2347 3642; x_wconf 87' lang='lat' dir='ltr'><strong>nihil</strong></span> <span class='ocrx_word' id='word_1_726' title='bbox 2367 3586 2590 3643; x_wconf 89' lang='lat' dir='ltr'><strong>omnino</strong></span> <span class='ocrx_word' id='word_1_727' title='bbox 2619 3590 2934 3655; x_wconf 88' lang='lat' dir='ltr'><strong>remanebit,</strong></span> <span class='ocrx_word' id='word_1_728' title='bbox 2961 3591 3110 3661; x_wconf 88' lang='lat' dir='ltr'><strong>quia,</strong></span> <span class='ocrx_word' id='word_1_729' title='bbox 3137 3591 3241 3647; x_wconf 88' lang='lat' dir='ltr'><strong>etsi</strong></span> <span class='ocrx_word' id='word_1_730' title='bbox 3271 3595 3594 3649; x_wconf 87' lang='lat' dir='ltr'><strong>remanserit</strong></span> <span class='ocrx_word' id='word_1_731' title='bbox 3621 3593 3798 3664; x_wconf 88' lang='lat' dir='ltr'><strong>aliqua</strong></span> 
     </span>
    </p>
   </div>
   <div class='ocr_carea' id='block_1_87' title="bbox 2212 3665 3799 3754">
    <p class='ocr_par' dir='ltr' id='par_1_87' title="bbox 2212 3665 3799 3754">
     <span class='ocr_line' id='line_1_87' title="bbox 2212 3665 3799 3754; baseline 0.006 -24"><span class='ocrx_word' id='word_1_732' title='bbox 2212 3675 2421 3732; x_wconf 80' lang='lat' dir='ltr'><strong>formae</strong></span> <span class='ocrx_word' id='word_1_733' title='bbox 2441 3665 2676 3748; x_wconf 79' lang='lat' dir='ltr'><strong>alicujus</strong></span> <span class='ocrx_word' id='word_1_734' title='bbox 2694 3680 2990 3747; x_wconf 82' lang='lat' dir='ltr'><strong>inchoatio,</strong></span> <span class='ocrx_word' id='word_1_735' title='bbox 3016 3681 3104 3736; x_wconf 90' lang='lat' dir='ltr'><strong>ubi</strong></span> <span class='ocrx_word' id='word_1_736' title='bbox 3138 3697 3312 3754; x_wconf 87' lang='lat' dir='ltr'><strong>neque</strong></span> <span class='ocrx_word' id='word_1_737' title='bbox 3340 3698 3647 3740; x_wconf 85' lang='lat' dir='ltr'><strong>mensuram</strong></span> <span class='ocrx_word' id='word_1_738' title='bbox 3702 3700 3799 3740; x_wconf 78' lang='lat' dir='ltr'><strong>ue—</strong></span> 
     </span>
    </p>
   </div>
   <div class='ocr_carea' id='block_1_88' title="bbox 2212 3772 3799 3844">
    <p class='ocr_par' dir='ltr' id='par_1_88' title="bbox 2212 3772 3799 3844">
     <span class='ocr_line' id='line_1_88' title="bbox 2212 3772 3799 3844; baseline 0.009 -27"><span class='ocrx_word' id='word_1_739' title='bbox 2212 3780 2316 3838; x_wconf 90' lang='lat' dir='ltr'><strong>que</strong></span> <span class='ocrx_word' id='word_1_740' title='bbox 2355 3782 2638 3823; x_wconf 88' lang='lat' dir='ltr'><strong>numerum</strong></span> <span class='ocrx_word' id='word_1_741' title='bbox 2689 3785 2865 3839; x_wconf 90' lang='lat' dir='ltr'><strong>neque</strong></span> <span class='ocrx_word' id='word_1_742' title='bbox 2927 3772 3174 3827; x_wconf 88' lang='lat' dir='ltr'><strong>ordinent</strong></span> <span class='ocrx_word' id='word_1_743' title='bbox 3216 3773 3490 3840; x_wconf 85' lang='lat' dir='ltr'><strong>invenias,</strong></span> <span class='ocrx_word' id='word_1_744' title='bbox 3520 3775 3645 3844; x_wconf 84' lang='lat' dir='ltr'><strong>quia</strong></span> <span class='ocrx_word' id='word_1_745' title='bbox 3678 3776 3799 3831; x_wconf 86' lang='lat' dir='ltr'><strong>ubi-</strong></span> 
     </span>
    </p>
   </div>
   <div class='ocr_carea' id='block_1_89' title="bbox 2212 3858 3800 3935">
    <p class='ocr_par' dir='ltr' id='par_1_89' title="bbox 2212 3858 3800 3935">
     <span class='ocr_line' id='line_1_89' title="bbox 2212 3858 3800 3935; baseline 0.006 -25"><span class='ocrx_word' id='word_1_746' title='bbox 2212 3873 2422 3935; x_wconf 78' lang='lat' dir='ltr'><strong>cunque</strong></span> <span class='ocrx_word' id='word_1_747' title='bbox 2449 3859 2548 3912; x_wconf 87' lang='lat' dir='ltr'><strong>ista</strong></span> <span class='ocrx_word' id='word_1_748' title='bbox 2579 3871 2727 3924; x_wconf 88' lang='lat' dir='ltr'><strong>sunt,</strong></span> <span class='ocrx_word' id='word_1_749' title='bbox 2752 3858 2926 3915; x_wconf 80' lang='lat' dir='ltr'><strong>forma</strong></span> <span class='ocrx_word' id='word_1_750' title='bbox 2952 3861 3188 3931; x_wconf 79' lang='lat' dir='ltr'><strong>perfecta</strong></span> <span class='ocrx_word' id='word_1_751' title='bbox 3216 3873 3319 3929; x_wconf 87' lang='lat' dir='ltr'><strong>est,</strong></span> <span class='ocrx_word' id='word_1_752' title='bbox 3344 3874 3559 3935; x_wconf 86' lang='lat' dir='ltr'><strong>oportet</strong></span> <span class='ocrx_word' id='word_1_753' title='bbox 3583 3863 3800 3920; x_wconf 74' lang='lat' dir='ltr'><strong>auferas</strong></span> 
     </span>
    </p>
   </div>
   <div class='ocr_carea' id='block_1_90' title="bbox 2214 3933 3800 4024">
    <p class='ocr_par' dir='ltr' id='par_1_90' title="bbox 2214 3933 3800 4024">
     <span class='ocr_line' id='line_1_90' title="bbox 2214 3933 3800 4024; baseline 0.006 -23"><span class='ocrx_word' id='word_1_754' title='bbox 2214 3948 2372 4003; x_wconf 84' lang='lat' dir='ltr'><strong>istaut</strong></span> <span class='ocrx_word' id='word_1_755' title='bbox 2390 3933 2431 3980; x_wconf 68' lang='grc' dir='ltr'><strong>ιδ</strong></span> <span class='ocrx_word' id='word_1_756' title='bbox 2450 3950 2845 4007; x_wconf 85' lang='lat' dir='ltr'><strong>inchoationem</strong></span> <span class='ocrx_word' id='word_1_757' title='bbox 2866 3951 3096 4017; x_wconf 77' lang='lat' dir='ltr'><strong>formae,</strong></span> <span class='ocrx_word' id='word_1_758' title='bbox 3119 3969 3258 4024; x_wconf 84' lang='lat' dir='ltr'><strong>quae</strong></span> <span class='ocrx_word' id='word_1_759' title='bbox 3274 3933 3529 4024; x_wconf 81' lang='lat' dir='ltr'><strong>tanquam</strong></span> <span class='ocrx_word' id='word_1_760' title='bbox 3543 3955 3800 4011; x_wconf 85' lang='lat' dir='ltr'><strong>materies</strong></span> 
     </span>
    </p>
   </div>
   <div class='ocr_carea' id='block_1_91' title="bbox 2213 4036 3796 4110">
    <p class='ocr_par' dir='ltr' id='par_1_91' title="bbox 2213 4036 3796 4110">
     <span class='ocr_line' id='line_1_91' title="bbox 2213 4036 3796 4110; baseline 0.004 -18"><span class='ocrx_word' id='word_1_761' title='bbox 2213 4041 2280 4095; x_wconf 90' lang='lat' dir='ltr'><strong>ad</strong></span> <span class='ocrx_word' id='word_1_762' title='bbox 2307 4038 2692 4110; x_wconf 86' lang='lat' dir='ltr'><strong>perliciendum</strong></span> <span class='ocrx_word' id='word_1_763' title='bbox 2722 4041 3004 4110; x_wconf 69' lang='lat' dir='ltr'><strong>subiacere</strong></span> <span class='ocrx_word' id='word_1_764' title='bbox 3042 4036 3255 4098; x_wconf 78' lang='lat' dir='ltr'><strong>videtur</strong></span> <span class='ocrx_word' id='word_1_765' title='bbox 3295 4045 3508 4102; x_wconf 87' lang='lat' dir='ltr'><strong>artilici.</strong></span> <span class='ocrx_word' id='word_1_766' title='bbox 3557 4043 3614 4100; x_wconf 89' lang='lat' dir='ltr'><strong>Si</strong></span> <span class='ocrx_word' id='word_1_767' title='bbox 3653 4046 3796 4100; x_wconf 88' lang='lat' dir='ltr'><strong>enim</strong></span> 
     </span>
    </p>
   </div>
   <div class='ocr_carea' id='block_1_92' title="bbox 2214 4130 3796 4208">
    <p class='ocr_par' dir='ltr' id='par_1_92' title="bbox 2214 4130 3796 4208">
     <span class='ocr_line' id='line_1_92' title="bbox 2214 4130 3796 4208; baseline 0.003 -24"><span class='ocrx_word' id='word_1_768' title='bbox 2214 4130 2419 4186; x_wconf 79' lang='lat' dir='ltr'><strong>formae</strong></span> <span class='ocrx_word' id='word_1_769' title='bbox 2440 4131 2700 4202; x_wconf 79' lang='lat' dir='ltr'><strong>perfectio</strong></span> <span class='ocrx_word' id='word_1_770' title='bbox 2734 4133 2935 4189; x_wconf 91' lang='lat' dir='ltr'><strong>bonum</strong></span> <span class='ocrx_word' id='word_1_771' title='bbox 2965 4143 3078 4199; x_wconf 86' lang='lat' dir='ltr'><strong>est,</strong></span> <span class='ocrx_word' id='word_1_772' title='bbox 3118 4135 3432 4191; x_wconf 91' lang='lat' dir='ltr'><strong>nonnullum</strong></span> <span class='ocrx_word' id='word_1_773' title='bbox 3456 4133 3567 4208; x_wconf 87' lang='lat' dir='ltr'><strong>jam</strong></span> <span class='ocrx_word' id='word_1_774' title='bbox 3596 4136 3796 4191; x_wconf 88' lang='lat' dir='ltr'><strong>bonum</strong></span> 
     </span>
    </p>
   </div>
   <div class='ocr_carea' id='block_1_93' title="bbox 2213 4224 3799 4297">
    <p class='ocr_par' dir='ltr' id='par_1_93' title="bbox 2213 4224 3799 4297">
     <span class='ocr_line' id='line_1_93' title="bbox 2213 4224 3799 4297; baseline 0.001 -18"><span class='ocrx_word' id='word_1_775' title='bbox 2213 4234 2298 4280; x_wconf 83' lang='lat' dir='ltr'><strong>est</strong></span> <span class='ocrx_word' id='word_1_776' title='bbox 2343 4233 2396 4278; x_wconf 88' lang='lat' dir='ltr'><strong>et</strong></span> <span class='ocrx_word' id='word_1_777' title='bbox 2429 4224 2635 4280; x_wconf 82' lang='lat' dir='ltr'><strong>formae</strong></span> <span class='ocrx_word' id='word_1_778' title='bbox 2660 4225 2953 4281; x_wconf 81' lang='lat' dir='ltr'><strong>inchoatio.</strong></span> <span class='ocrx_word' id='word_1_779' title='bbox 2991 4227 3067 4280; x_wconf 84' lang='lat' dir='ltr'><strong>ita</strong></span> <span class='ocrx_word' id='word_1_780' title='bbox 3111 4227 3358 4282; x_wconf 88' lang='lat' dir='ltr'><strong>detracto</strong></span> <span class='ocrx_word' id='word_1_781' title='bbox 3399 4228 3611 4297; x_wconf 87' lang='lat' dir='ltr'><strong>penitus</strong></span> <span class='ocrx_word' id='word_1_782' title='bbox 3650 4226 3799 4282; x_wconf 90' lang='lat' dir='ltr'><strong>omni</strong></span> 
     </span>
    </p>
   </div>
   <div class='ocr_carea' id='block_1_94' title="bbox 2213 4305 3796 4375">
    <p class='ocr_par' dir='ltr' id='par_1_94' title="bbox 2213 4305 3796 4375">
     <span class='ocr_line' id='line_1_94' title="bbox 2213 4305 3796 4375; baseline 0 -4"><span class='ocrx_word' id='word_1_783' title='bbox 2213 4318 2352 4371; x_wconf 79' lang='lat' dir='ltr'><strong>bono</strong></span> <span class='ocrx_word' id='word_1_784' title='bbox 2382 4318 2511 4371; x_wconf 88' lang='lat' dir='ltr'><strong>nihil</strong></span> <span class='ocrx_word' id='word_1_785' title='bbox 2537 4320 2758 4374; x_wconf 88' lang='lat' dir='ltr'><strong>omnino</strong></span> <span class='ocrx_word' id='word_1_786' title='bbox 2785 4320 3083 4374; x_wconf 86' lang='lat' dir='ltr'><strong>remanebit</strong></span> <span class='ocrx_word' id='word_1_787' title='bbox 3105 4319 3170 4371; x_wconf 82' lang='lat'><strong>“.</strong></span> <span class='ocrx_word' id='word_1_788' title='bbox 3193 4305 3367 4375; x_wconf 86' lang='lat' dir='ltr'><strong>Omne</strong></span> <span class='ocrx_word' id='word_1_789' title='bbox 3395 4330 3569 4373; x_wconf 87' lang='lat' dir='ltr'><strong>autem</strong></span> <span class='ocrx_word' id='word_1_790' title='bbox 3599 4319 3796 4374; x_wconf 88' lang='lat' dir='ltr'><strong>bonum</strong></span> 
     </span>
    </p>
   </div>
   <div class='ocr_carea' id='block_1_95' title="bbox 2213 4398 3785 4472">
    <p class='ocr_par' dir='ltr' id='par_1_95' title="bbox 2213 4398 3785 4472">
     <span class='ocr_line' id='line_1_95' title="bbox 2213 4398 3785 4472; baseline 0.008 -24"><span class='ocrx_word' id='word_1_791' title='bbox 2213 4407 2280 4448; x_wconf 77' lang='lat' dir='ltr'><strong>ex</strong></span> <span class='ocrx_word' id='word_1_792' title='bbox 2316 4398 2423 4448; x_wconf 87' lang='lat' dir='ltr'><strong>Deo</strong></span> <span class='ocrx_word' id='word_1_793' title='bbox 2449 4412 2463 4448; x_wconf 85' lang='lat'><strong>:</strong></span> <span class='ocrx_word' id='word_1_794' title='bbox 2487 4403 2636 4451; x_wconf 84' lang='lat' dir='ltr'><strong>nulla</strong></span> <span class='ocrx_word' id='word_1_795' title='bbox 2655 4412 2784 4470; x_wconf 78' lang='lat' dir='ltr'><strong>ergo</strong></span> <span class='ocrx_word' id='word_1_796' title='bbox 2811 4410 3005 4455; x_wconf 88' lang='lat' dir='ltr'><strong>natura</strong></span> <span class='ocrx_word' id='word_1_797' title='bbox 3034 4408 3142 4466; x_wconf 86' lang='lat' dir='ltr'><strong>est,</strong></span> <span class='ocrx_word' id='word_1_798' title='bbox 3168 4415 3311 4472; x_wconf 86' lang='lat' dir='ltr'><strong>quae</strong></span> <span class='ocrx_word' id='word_1_799' title='bbox 3329 4417 3437 4456; x_wconf 89' lang='lat' dir='ltr'><strong>non</strong></span> <span class='ocrx_word' id='word_1_800' title='bbox 3463 4408 3530 4459; x_wconf 88' lang='lat' dir='ltr'><strong>sit</strong></span> <span class='ocrx_word' id='word_1_801' title='bbox 3560 4420 3626 4460; x_wconf 75' lang='lat' dir='ltr'><strong>ex</strong></span> <span class='ocrx_word' id='word_1_802' title='bbox 3654 4405 3785 4460; x_wconf 86' lang='lat' dir='ltr'><strong>Deo.</strong></span> 
     </span>
    </p>
   </div>
   <div class='ocr_carea' id='block_1_96' title="bbox 2213 4486 3790 4568">
    <p class='ocr_par' dir='ltr' id='par_1_96' title="bbox 2213 4486 3790 4568">
     <span class='ocr_line' id='line_1_96' title="bbox 2213 4486 3790 4568; baseline 0.008 -29"><span class='ocrx_word' id='word_1_803' title='bbox 2213 4486 2388 4541; x_wconf 81' lang='lat' dir='ltr'><strong>Motus</strong></span> <span class='ocrx_word' id='word_1_804' title='bbox 2415 4505 2546 4559; x_wconf 72' lang='lat' dir='ltr'><strong>ergo</strong></span> <span class='ocrx_word' id='word_1_805' title='bbox 2581 4490 2670 4546; x_wconf 90' lang='lat' dir='ltr'><strong>ille</strong></span> <span class='ocrx_word' id='word_1_806' title='bbox 2699 4493 3029 4560; x_wconf 75' lang='lat' dir='ltr'><strong>aversiouis,</strong></span> <span class='ocrx_word' id='word_1_807' title='bbox 3063 4493 3208 4563; x_wconf 85' lang='lat' dir='ltr'><strong>quod</strong></span> <span class='ocrx_word' id='word_1_808' title='bbox 3243 4493 3480 4565; x_wconf 72' lang='lat' dir='ltr'><strong>fatemur</strong></span> <span class='ocrx_word' id='word_1_809' title='bbox 3507 4513 3630 4553; x_wconf 73' lang='lat' dir='ltr'><strong>esse</strong></span> <span class='ocrx_word' id='word_1_810' title='bbox 3662 4514 3790 4568; x_wconf 86' lang='lat' dir='ltr'><strong>pec-</strong></span> 
     </span>
    </p>
   </div>
   <div class='ocr_carea' id='block_1_97' title="bbox 2211 4573 3789 4652">
    <p class='ocr_par' dir='ltr' id='par_1_97' title="bbox 2211 4573 3789 4652">
     <span class='ocr_line' id='line_1_97' title="bbox 2211 4573 3789 4652; baseline 0.006 -18"><span class='ocrx_word' id='word_1_811' title='bbox 2211 4592 2416 4646; x_wconf 83' lang='lat' dir='ltr'><strong>catum,</strong></span> <span class='ocrx_word' id='word_1_812' title='bbox 2451 4585 2711 4652; x_wconf 85' lang='lat' dir='ltr'><strong>quoniam</strong></span> <span class='ocrx_word' id='word_1_813' title='bbox 2729 4585 3034 4640; x_wconf 68' lang='lat' dir='ltr'><strong>defectivus</strong></span> <span class='ocrx_word' id='word_1_814' title='bbox 3063 4598 3244 4642; x_wconf 87' lang='lat' dir='ltr'><strong>motus</strong></span> <span class='ocrx_word' id='word_1_815' title='bbox 3262 4598 3365 4652; x_wconf 84' lang='lat' dir='ltr'><strong>est,</strong></span> <span class='ocrx_word' id='word_1_816' title='bbox 3382 4573 3578 4643; x_wconf 31' lang='grc' dir='ltr'><strong>ὀιιιιιὶε</strong></span> <span class='ocrx_word' id='word_1_817' title='bbox 3603 4599 3789 4644; x_wconf 82' lang='lat' dir='ltr'><strong>autem</strong></span> 
     </span>
    </p>
   </div>
   <div class='ocr_carea' id='block_1_98' title="bbox 2214 4676 3786 4756">
    <p class='ocr_par' dir='ltr' id='par_1_98' title="bbox 2214 4676 3786 4756">
     <span class='ocr_line' id='line_1_98' title="bbox 2214 4676 3786 4756; baseline 0.005 -26"><span class='ocrx_word' id='word_1_818' title='bbox 2214 4676 2463 4732; x_wconf 68' lang='lat' dir='ltr'><strong>deiectus</strong></span> <span class='ocrx_word' id='word_1_819' title='bbox 2519 4693 2590 4732; x_wconf 80' lang='lat' dir='ltr'><strong>ex</strong></span> <span class='ocrx_word' id='word_1_820' title='bbox 2651 4678 2823 4734; x_wconf 79' lang='lat' dir='ltr'><strong>nihilo</strong></span> <span class='ocrx_word' id='word_1_821' title='bbox 2853 4690 2956 4743; x_wconf 87' lang='lat' dir='ltr'><strong>est,</strong></span> <span class='ocrx_word' id='word_1_822' title='bbox 2989 4681 3109 4734; x_wconf 75' lang='lat' dir='ltr'><strong>vide</strong></span> <span class='ocrx_word' id='word_1_823' title='bbox 3142 4695 3252 4756; x_wconf 86' lang='lat' dir='ltr'><strong>quo</strong></span> <span class='ocrx_word' id='word_1_824' title='bbox 3288 4681 3560 4750; x_wconf 88' lang='lat' dir='ltr'><strong>pertineat</strong></span> <span class='ocrx_word' id='word_1_825' title='bbox 3588 4701 3602 4747; x_wconf 90' lang='lat'><strong>;</strong></span> <span class='ocrx_word' id='word_1_826' title='bbox 3635 4685 3786 4742; x_wconf 84' lang='lat' dir='ltr'><strong>ctad</strong></span> 
     </span>
    </p>
   </div>
   <div class='ocr_carea' id='block_1_99' title="bbox 2219 4755 3786 4840">
    <p class='ocr_par' dir='ltr' id='par_1_99' title="bbox 2219 4755 3786 4840">
     <span class='ocr_line' id='line_1_99' title="bbox 2219 4755 3786 4840; baseline 0.006 -18"><span class='ocrx_word' id='word_1_827' title='bbox 2219 4771 2385 4824; x_wconf 86' lang='lat' dir='ltr'><strong>Deum</strong></span> <span class='ocrx_word' id='word_1_828' title='bbox 2429 4786 2533 4824; x_wconf 88' lang='lat' dir='ltr'><strong>non</strong></span> <span class='ocrx_word' id='word_1_829' title='bbox 2572 4772 2847 4838; x_wconf 88' lang='lat' dir='ltr'><strong>pertinere</strong></span> <span class='ocrx_word' id='word_1_830' title='bbox 2896 4786 3006 4826; x_wconf 87' lang='lat' dir='ltr'><strong>non</strong></span> <span class='ocrx_word' id='word_1_831' title='bbox 3057 4755 3294 4828; x_wconf 86' lang='lat' dir='ltr'><strong>dubites.</strong></span> <span class='ocrx_word' id='word_1_832' title='bbox 3327 4773 3430 4840; x_wconf 84' lang='lat' dir='ltr'><strong>Qui</strong></span> <span class='ocrx_word' id='word_1_833' title='bbox 3465 4787 3647 4828; x_wconf 84' lang='lat' dir='ltr'><strong>tamen</strong></span> <span class='ocrx_word' id='word_1_834' title='bbox 3686 4776 3786 4831; x_wconf 80' lang='lat' dir='ltr'><strong>de-</strong></span> 
     </span>
    </p>
   </div>
   <div class='ocr_carea' id='block_1_100' title="bbox 2212 4858 3784 4938">
    <p class='ocr_par' dir='ltr' id='par_1_100' title="bbox 2212 4858 3784 4938">
     <span class='ocr_line' id='line_1_100' title="bbox 2212 4858 3784 4938; baseline 0.004 -22"><span class='ocrx_word' id='word_1_835' title='bbox 2212 4861 2410 4929; x_wconf 77' lang='lat' dir='ltr'><strong>fectus,</strong></span> <span class='ocrx_word' id='word_1_836' title='bbox 2457 4859 2724 4933; x_wconf 78' lang='lat' dir='ltr'><strong>quoniam.</strong></span> <span class='ocrx_word' id='word_1_837' title='bbox 2749 4874 2834 4919; x_wconf 89' lang='lat' dir='ltr'><strong>est</strong></span> <span class='ocrx_word' id='word_1_838' title='bbox 2861 4865 3224 4927; x_wconf 84' lang='lat' dir='ltr'><strong>voluntarius,</strong></span> <span class='ocrx_word' id='word_1_839' title='bbox 3266 4867 3319 4920; x_wconf 90' lang='lat' dir='ltr'><strong>in</strong></span> <span class='ocrx_word' id='word_1_840' title='bbox 3355 4879 3540 4922; x_wconf 85' lang='lat' dir='ltr'><strong>nostra</strong></span> <span class='ocrx_word' id='word_1_841' title='bbox 3579 4879 3660 4923; x_wconf 89' lang='lat' dir='ltr'><strong>est</strong></span> <span class='ocrx_word' id='word_1_842' title='bbox 3678 4858 3784 4938; x_wconf 85' lang='lat' dir='ltr'><strong>po-</strong></span> 
     </span>
    </p>
   </div>
   <div class='ocr_carea' id='block_1_101' title="bbox 2213 4953 3790 5028">
    <p class='ocr_par' dir='ltr' id='par_1_101' title="bbox 2213 4953 3790 5028">
     <span class='ocr_line' id='line_1_101' title="bbox 2213 4953 3790 5028; baseline 0.007 -23"><span class='ocrx_word' id='word_1_843' title='bbox 2213 4953 2354 5006; x_wconf 84' lang='lat' dir='ltr'><strong>situs</strong></span> <span class='ocrx_word' id='word_1_844' title='bbox 2383 4953 2744 5022; x_wconf 74' lang='lat' dir='ltr'><strong>poSsibilitate</strong></span> <span class='ocrx_word' id='word_1_845' title='bbox 2765 4957 2828 5009; x_wconf 81' lang='grc'><strong>⁸³.</strong></span> <span class='ocrx_word' id='word_1_846' title='bbox 2862 4953 2917 5008; x_wconf 87' lang='lat' dir='ltr'><strong>Si</strong></span> <span class='ocrx_word' id='word_1_847' title='bbox 2943 4957 3084 5010; x_wconf 80' lang='lat' dir='ltr'><strong>i-nim</strong></span> <span class='ocrx_word' id='word_1_848' title='bbox 3106 4960 3265 5017; x_wconf 86' lang='lat' dir='ltr'><strong>times</strong></span> <span class='ocrx_word' id='word_1_849' title='bbox 3291 4957 3464 5022; x_wconf 89' lang='lat' dir='ltr'><strong>illum,</strong></span> <span class='ocrx_word' id='word_1_850' title='bbox 3492 4971 3707 5028; x_wconf 85' lang='lat' dir='ltr'><strong>oportet</strong></span> <span class='ocrx_word' id='word_1_851' title='bbox 3731 4967 3790 5016; x_wconf 72' lang='lat' dir='ltr'><strong>ut</strong></span> 
     </span>
    </p>
   </div>
   <div class='ocr_carea' id='block_1_102' title="bbox 2216 5041 3787 5129">
    <p class='ocr_par' dir='ltr' id='par_1_102' title="bbox 2216 5041 3787 5129">
     <span class='ocr_line' id='line_1_102' title="bbox 2216 5041 3787 5129; baseline 0.008 -31"><span class='ocrx_word' id='word_1_852' title='bbox 2216 5045 2355 5101; x_wconf 85' lang='lat' dir='ltr'><strong>nolis</strong></span> <span class='ocrx_word' id='word_1_853' title='bbox 2380 5062 2396 5114; x_wconf 83' lang='lat'><strong>;</strong></span> <span class='ocrx_word' id='word_1_854' title='bbox 2423 5047 2469 5100; x_wconf 84' lang='lat' dir='ltr'><strong>si</strong></span> <span class='ocrx_word' id='word_1_855' title='bbox 2508 5059 2686 5102; x_wconf 86' lang='lat' dir='ltr'><strong>autem</strong></span> <span class='ocrx_word' id='word_1_856' title='bbox 2708 5047 2873 5117; x_wconf 86' lang='lat' dir='ltr'><strong>nolis,</strong></span> <span class='ocrx_word' id='word_1_857' title='bbox 2900 5063 3009 5104; x_wconf 88' lang='lat' dir='ltr'><strong>non</strong></span> <span class='ocrx_word' id='word_1_858' title='bbox 3037 5053 3164 5107; x_wconf 88' lang='lat' dir='ltr'><strong>erit.</strong></span> <span class='ocrx_word' id='word_1_859' title='bbox 3184 5051 3325 5119; x_wconf 79' lang='lat' dir='ltr'><strong>Quid</strong></span> <span class='ocrx_word' id='word_1_860' title='bbox 3351 5066 3484 5129; x_wconf 73' lang='lat' dir='ltr'><strong>ergo</strong></span> <span class='ocrx_word' id='word_1_861' title='bbox 3513 5041 3787 5121; x_wconf 77' lang='lat' dir='ltr'><strong>securius.</strong></span> 
     </span>
    </p>
   </div>
   <div class='ocr_carea' id='block_1_103' title="bbox 840 5140 2508 5216">
    <p class='ocr_par' dir='ltr' id='par_1_103' title="bbox 840 5140 2508 5216">
     <span class='ocr_line' id='line_1_103' title="bbox 840 5140 2508 5216; baseline 0.013 -36"><span class='ocrx_word' id='word_1_862' title='bbox 840 5207 851 5216; x_wconf 37' lang='lat'>&#39;</span> <span class='ocrx_word' id='word_1_863' title='bbox 900 5209 902 5212; x_wconf 21' lang='grc' dir='ltr'><strong>Ι</strong></span> <span class='ocrx_word' id='word_1_864' title='bbox 1804 5140 2054 5198; x_wconf 76' lang='lat' dir='ltr'><strong>VAlllAE</strong></span> <span class='ocrx_word' id='word_1_865' title='bbox 2105 5140 2508 5202; x_wconf 72' lang='lat' dir='ltr'><strong>LECTIONES.</strong></span> 
     </span>
    </p>
   </div>
   <div class='ocr_carea' id='block_1_104' title="bbox 601 5235 3784 5310">
    <p class='ocr_par' dir='ltr' id='par_1_104' title="bbox 601 5235 3784 5310">
     <span class='ocr_line' id='line_1_104' title="bbox 601 5235 3784 5310; baseline 0.002 -18"><span class='ocrx_word' id='word_1_866' title='bbox 601 5238 616 5268; x_wconf 81' lang='grc'><strong><em>³</em></strong></span> <span class='ocrx_word' id='word_1_867' title='bbox 650 5235 745 5292; x_wconf 89' lang='lat' dir='ltr'><strong>Sic</strong></span> <span class='ocrx_word' id='word_1_868' title='bbox 768 5241 916 5302; x_wconf 71' lang='lat' dir='ltr'><strong>coil.,</strong></span> <span class='ocrx_word' id='word_1_869' title='bbox 958 5241 1025 5293; x_wconf 87' lang='lat' dir='ltr'><strong>al.</strong></span> <span class='ocrx_word' id='word_1_870' title='bbox 1061 5241 1205 5308; x_wconf 84' lang='lat' dir='ltr'><strong>quia.</strong></span> <span class='ocrx_word' id='word_1_871' title='bbox 1267 5238 1301 5310; x_wconf 15' lang='grc' dir='ltr'><strong>γ’</strong></span> <span class='ocrx_word' id='word_1_872' title='bbox 1329 5238 1417 5310; x_wconf 82' lang='lat' dir='ltr'><strong>Sic</strong></span> <span class='ocrx_word' id='word_1_873' title='bbox 1449 5238 1595 5310; x_wconf 82' lang='lat' dir='ltr'><strong>cod.,</strong></span> <span class='ocrx_word' id='word_1_874' title='bbox 1637 5238 1680 5292; x_wconf 80' lang='grc' dir='ltr'><em>Μ</em></span> <span class='ocrx_word' id='word_1_875' title='bbox 1740 5239 2172 5310; x_wconf 61' lang='grc' dir='ltr'><strong>συθηυδςὲηηιεβι</strong></span> <span class='ocrx_word' id='word_1_876' title='bbox 2226 5242 2291 5294; x_wconf 87' lang='lat' dir='ltr'><strong>ad</strong></span> <span class='ocrx_word' id='word_1_877' title='bbox 2323 5257 2495 5310; x_wconf 75' lang='lat' dir='ltr'><strong>marg.</strong></span> <span class='ocrx_word' id='word_1_878' title='bbox 2534 5243 2718 5296; x_wconf 87' lang='lat' dir='ltr'><strong>adscr.</strong></span> <span class='ocrx_word' id='word_1_879' title='bbox 2744 5243 2814 5297; x_wconf 87' lang='lat' dir='ltr'><strong>al.</strong></span> <span class='ocrx_word' id='word_1_880' title='bbox 2849 5243 3272 5298; x_wconf 74' lang='lat' dir='ltr'><strong>internoscimus.</strong></span> <span class='ocrx_word' id='word_1_881' title='bbox 3354 5243 3373 5274; x_wconf 88' lang='grc'>³</span> <span class='ocrx_word' id='word_1_882' title='bbox 3400 5241 3538 5299; x_wconf 90' lang='lat' dir='ltr'><strong>Cod.</strong></span> <span class='ocrx_word' id='word_1_883' title='bbox 3577 5257 3784 5301; x_wconf 71' lang='lat' dir='ltr'><strong>assum.</strong></span> 
     </span>
    </p>
   </div>
   <div class='ocr_carea' id='block_1_105' title="bbox 525 5308 1851 5379">
    <p class='ocr_par' dir='ltr' id='par_1_105' title="bbox 525 5308 1851 5379">
     <span class='ocr_line' id='line_1_105' title="bbox 525 5308 1851 5379; baseline -0.004 -16"><span class='ocrx_word' id='word_1_884' title='bbox 525 5310 545 5340; x_wconf 77' lang='grc'>⁸</span> <span class='ocrx_word' id='word_1_885' title='bbox 573 5308 664 5363; x_wconf 85' lang='lat' dir='ltr'><strong>Sic</strong></span> <span class='ocrx_word' id='word_1_886' title='bbox 684 5313 833 5367; x_wconf 62' lang='grc' dir='ltr'><strong>ϐοά..</strong></span> <span class='ocrx_word' id='word_1_887' title='bbox 860 5311 930 5361; x_wconf 84' lang='lat' dir='ltr'><strong>al.</strong></span> <span class='ocrx_word' id='word_1_888' title='bbox 957 5314 1188 5364; x_wconf 75' lang='lat' dir='ltr'><strong>attitude.</strong></span> <span class='ocrx_word' id='word_1_889' title='bbox 1262 5309 1282 5341; x_wconf 82' lang='grc'>⁸</span> <span class='ocrx_word' id='word_1_890' title='bbox 1313 5309 1468 5363; x_wconf 76' lang='lat' dir='ltr'><strong>Corr.</strong></span> <span class='ocrx_word' id='word_1_891' title='bbox 1500 5309 1569 5362; x_wconf 76' lang='grc' dir='ltr'><strong>Μ.</strong></span> <span class='ocrx_word' id='word_1_892' title='bbox 1595 5326 1658 5361; x_wconf 87' lang='lat' dir='ltr'><strong>cu</strong></span> <span class='ocrx_word' id='word_1_893' title='bbox 1683 5319 1716 5360; x_wconf 88' lang='grc' dir='ltr'><strong>Ι.</strong></span> <span class='ocrx_word' id='word_1_894' title='bbox 1743 5310 1851 5379; x_wconf 81' lang='lat' dir='ltr'><strong>qui.</strong></span> 
     </span>
    </p>
   </div>
   <div class='ocr_carea' id='block_1_106' title="bbox 523 5379 1707 5449">
    <p class='ocr_par' dir='ltr' id='par_1_106' title="bbox 523 5379 1707 5449">
     <span class='ocr_line' id='line_1_106' title="bbox 523 5379 1707 5449; baseline -0.002 -17"><span class='ocrx_word' id='word_1_895' title='bbox 523 5382 774 5449; x_wconf 69' lang='lat' dir='ltr'><strong>fortasse.</strong></span> <span class='ocrx_word' id='word_1_896' title='bbox 854 5383 873 5413; x_wconf 61' lang='grc' dir='ltr'><strong>ε’</strong></span> <span class='ocrx_word' id='word_1_897' title='bbox 906 5380 1038 5436; x_wconf 85' lang='lat' dir='ltr'><strong>Cod.</strong></span> <span class='ocrx_word' id='word_1_898' title='bbox 1072 5383 1332 5448; x_wconf 81' lang='lat' dir='ltr'><strong>poenitus,</strong></span> <span class='ocrx_word' id='word_1_899' title='bbox 1366 5379 1444 5432; x_wconf 75' lang='lat' dir='ltr'><strong>sic</strong></span> <span class='ocrx_word' id='word_1_900' title='bbox 1490 5381 1707 5447; x_wconf 81' lang='lat' dir='ltr'><strong>ubique.</strong></span> 
     </span>
    </p>
   </div>
   <div class='ocr_carea' id='block_1_107' title="bbox 1924 5309 2646 5367">
    <p class='ocr_par' dir='ltr' id='par_1_107' title="bbox 1924 5309 2646 5367">
     <span class='ocr_line' id='line_1_107' title="bbox 1924 5309 2646 5367; baseline 0.003 -3"><span class='ocrx_word' id='word_1_901' title='bbox 1924 5309 1943 5340; x_wconf 82' lang='lat'>‘</span> <span class='ocrx_word' id='word_1_902' title='bbox 1965 5311 2102 5364; x_wconf 74' lang='lat' dir='ltr'><strong>Cod.</strong></span> <span class='ocrx_word' id='word_1_903' title='bbox 2138 5309 2646 5367; x_wconf 70' lang='lat' dir='ltr'><strong>umministrutione.</strong></span> 
     </span>
    </p>
   </div>
   <div class='ocr_carea' id='block_1_108' title="bbox 1796 5380 3787 5458">
    <p class='ocr_par' dir='ltr' id='par_1_108' title="bbox 1796 5380 3787 5458">
     <span class='ocr_line' id='line_1_108' title="bbox 1796 5380 3787 5458; baseline 0.005 -26"><span class='ocrx_word' id='word_1_904' title='bbox 1796 5380 1836 5411; x_wconf 83' lang='lat'><strong>&#39;°</strong></span> <span class='ocrx_word' id='word_1_905' title='bbox 1886 5381 1956 5434; x_wconf 84' lang='lat' dir='ltr'><strong>ai.</strong></span> <span class='ocrx_word' id='word_1_906' title='bbox 1988 5383 2148 5442; x_wconf 74' lang='lat' dir='ltr'><strong>etiam</strong></span> <span class='ocrx_word' id='word_1_907' title='bbox 2176 5383 2372 5449; x_wconf 80' lang='lat' dir='ltr'><strong>ipsum.</strong></span> <span class='ocrx_word' id='word_1_908' title='bbox 2454 5384 2492 5415; x_wconf 80' lang='lat'>“</span> <span class='ocrx_word' id='word_1_909' title='bbox 2536 5386 2626 5439; x_wconf 79' lang='lat' dir='ltr'><strong>Sic</strong></span> <span class='ocrx_word' id='word_1_910' title='bbox 2657 5385 2780 5452; x_wconf 89' lang='lat' dir='ltr'><strong>cod.</strong></span> <span class='ocrx_word' id='word_1_911' title='bbox 2841 5383 2914 5439; x_wconf 77' lang='grc' dir='ltr'><strong>Μ.</strong></span> <span class='ocrx_word' id='word_1_912' title='bbox 2962 5385 3108 5446; x_wconf 80' lang='lat' dir='ltr'><strong>omni</strong></span> <span class='ocrx_word' id='word_1_913' title='bbox 3141 5387 3285 5450; x_wconf 83' lang='lat' dir='ltr'><strong>bono</strong></span> <span class='ocrx_word' id='word_1_914' title='bbox 3307 5401 3410 5440; x_wconf 80' lang='lat' dir='ltr'><strong>non</strong></span> <span class='ocrx_word' id='word_1_915' title='bbox 3439 5385 3647 5458; x_wconf 75' lang='lat' dir='ltr'><strong>quidem</strong></span> <span class='ocrx_word' id='word_1_916' title='bbox 3683 5401 3787 5441; x_wconf 73' lang='lat' dir='ltr'><strong>non</strong></span> 
     </span>
    </p>
   </div>
   <div class='ocr_carea' id='block_1_109' title="bbox 523 5449 3294 5531">
    <p class='ocr_par' dir='ltr' id='par_1_109' title="bbox 523 5449 3294 5531">
     <span class='ocr_line' id='line_1_109' title="bbox 523 5449 3294 5531; baseline 0 -28"><span class='ocrx_word' id='word_1_917' title='bbox 523 5452 680 5511; x_wconf 78' lang='lat' dir='ltr'><strong>nihil,</strong></span> <span class='ocrx_word' id='word_1_918' title='bbox 707 5451 797 5503; x_wconf 77' lang='lat' dir='ltr'><strong>sed</strong></span> <span class='ocrx_word' id='word_1_919' title='bbox 828 5455 962 5506; x_wconf 84' lang='lat' dir='ltr'><strong>nihil</strong></span> <span class='ocrx_word' id='word_1_920' title='bbox 991 5456 1214 5506; x_wconf 84' lang='lat' dir='ltr'><strong>omnino</strong></span> <span class='ocrx_word' id='word_1_921' title='bbox 1255 5449 1609 5531; x_wconf 41' lang='lat' dir='ltr'><strong>remanebit.-</strong></span> <span class='ocrx_word' id='word_1_922' title='bbox 1661 5455 1702 5482; x_wconf 85' lang='lat'>”</span> <span class='ocrx_word' id='word_1_923' title='bbox 1737 5451 1812 5505; x_wconf 87' lang='lat' dir='ltr'><strong>al.</strong></span> <span class='ocrx_word' id='word_1_924' title='bbox 1847 5463 2125 5521; x_wconf 71' lang='lat' dir='ltr'><strong>potestate.</strong></span> <span class='ocrx_word' id='word_1_925' title='bbox 2704 5450 2706 5452; x_wconf 49' lang='grc'><strong>⁷</strong></span> <span class='ocrx_word' id='word_1_926' title='bbox 3292 5463 3294 5465; x_wconf 84' lang='grc'><em>’</em></span> 
     </span>
    </p>
   </div>
   <div class='ocr_carea' id='block_1_110' title="bbox 2726 5313 3782 5376">
    <p class='ocr_par' dir='ltr' id='par_1_110' title="bbox 2726 5313 3782 5376">
     <span class='ocr_line' id='line_1_110' title="bbox 2726 5313 3782 5376; baseline 0.002 -9"><span class='ocrx_word' id='word_1_927' title='bbox 2726 5313 2743 5343; x_wconf 81' lang='grc'><strong>⁷</strong></span> <span class='ocrx_word' id='word_1_928' title='bbox 2766 5314 2969 5368; x_wconf 70' lang='lat' dir='ltr'><strong>sedibus</strong></span> <span class='ocrx_word' id='word_1_929' title='bbox 2995 5331 3107 5368; x_wconf 90' lang='lat' dir='ltr'><strong>om.</strong></span> <span class='ocrx_word' id='word_1_930' title='bbox 3130 5319 3280 5376; x_wconf 88' lang='lat' dir='ltr'><strong>cod.,</strong></span> <span class='ocrx_word' id='word_1_931' title='bbox 3304 5315 3430 5368; x_wconf 86' lang='lat' dir='ltr'><strong>add.</strong></span> <span class='ocrx_word' id='word_1_932' title='bbox 3460 5315 3530 5367; x_wconf 70' lang='grc' dir='ltr'><strong>Μ.</strong></span> <span class='ocrx_word' id='word_1_933' title='bbox 3597 5315 3620 5346; x_wconf 82' lang='grc'><strong>⁸</strong></span> <span class='ocrx_word' id='word_1_934' title='bbox 3651 5320 3782 5369; x_wconf 85' lang='lat' dir='ltr'><strong>Cod.</strong></span> 
     </span>
    </p>
   </div>
   <div class='ocr_carea' id='block_1_111' title="bbox 2065 5546 2315 5604">
    <p class='ocr_par' dir='ltr' id='par_1_111' title="bbox 2065 5546 2315 5604">
     <span class='ocr_line' id='line_1_111' title="bbox 2065 5546 2315 5604; baseline 0.004 -1"><span class='ocrx_word' id='word_1_935' title='bbox 2065 5546 2247 5604; x_wconf 74' lang='lat' dir='ltr'><strong>NOTA</strong></span> <span class='ocrx_word' id='word_1_936' title='bbox 2257 5547 2315 5604; x_wconf 84' lang='lat' dir='ltr'><strong>E.</strong></span> 
     </span>
    </p>
   </div>
   <div class='ocr_carea' id='block_1_112' title="bbox 595 5644 1536 5712">
    <p class='ocr_par' dir='ltr' id='par_1_112' title="bbox 595 5644 1536 5712">
     <span class='ocr_line' id='line_1_112' title="bbox 595 5644 1536 5712; baseline -0.002 -14"><span class='ocrx_word' id='word_1_937' title='bbox 595 5664 617 5684; x_wconf 76' lang='grc' dir='ltr'><strong>ι·</strong></span> <span class='ocrx_word' id='word_1_938' title='bbox 663 5647 924 5712; x_wconf 66' lang='lat' dir='ltr'><strong>Attgustm</strong></span> <span class='ocrx_word' id='word_1_939' title='bbox 983 5647 1045 5697; x_wconf 73' lang='lat' dir='ltr'><strong>de</strong></span> <span class='ocrx_word' id='word_1_940' title='bbox 1079 5647 1170 5697; x_wconf 79' lang='lat' dir='ltr'><strong>lib.</strong></span> <span class='ocrx_word' id='word_1_941' title='bbox 1207 5649 1320 5697; x_wconf 80' lang='lat' dir='ltr'><strong>arb.</strong></span> <span class='ocrx_word' id='word_1_942' title='bbox 1365 5644 1427 5706; x_wconf 80' lang='lat' dir='ltr'><strong>ll,</strong></span> <span class='ocrx_word' id='word_1_943' title='bbox 1461 5646 1536 5698; x_wconf 86' lang='lat' dir='ltr'><strong>l8.</strong></span> 
     </span>
    </p>
   </div>
   <div class='ocr_carea' id='block_1_113' title="bbox 599 5716 1229 5787">
    <p class='ocr_par' dir='ltr' id='par_1_113' title="bbox 599 5716 1229 5787">
     <span class='ocr_line' id='line_1_113' title="bbox 599 5716 1229 5787; baseline -0.006 -15"><span class='ocrx_word' id='word_1_944' title='bbox 599 5726 623 5756; x_wconf 71' lang='grc' dir='ltr'><strong>ι’</strong></span> <span class='ocrx_word' id='word_1_945' title='bbox 664 5719 946 5787; x_wconf 74' lang='lat' dir='ltr'><strong>Augustin.</strong></span> <span class='ocrx_word' id='word_1_946' title='bbox 985 5721 1105 5770; x_wconf 69' lang='lat' dir='ltr'><strong>llud.</strong></span> <span class='ocrx_word' id='word_1_947' title='bbox 1158 5716 1229 5770; x_wconf 87' lang='lat' dir='ltr'><strong>I9.</strong></span> 
     </span>
    </p>
   </div>
   <div class='ocr_carea' id='block_1_114' title="bbox 2285 5608 3036 5717">
    <p class='ocr_par' dir='ltr' id='par_1_114' title="bbox 2285 5608 3036 5717">
     <span class='ocr_line' id='line_1_114' title="bbox 2285 5608 3036 5717; baseline -0.001 -17"><span class='ocrx_word' id='word_1_948' title='bbox 2285 5655 2308 5685; x_wconf 72' lang='grc' dir='ltr'><strong>ε</strong></span> <span class='ocrx_word' id='word_1_949' title='bbox 2355 5643 2645 5717; x_wconf 80' lang='lat' dir='ltr'><strong>Augustin.</strong></span> <span class='ocrx_word' id='word_1_950' title='bbox 2677 5608 2782 5702; x_wconf 65' lang='lat' dir='ltr'><strong>Li.</strong></span> <span class='ocrx_word' id='word_1_951' title='bbox 2820 5645 2874 5699; x_wconf 89' lang='lat' dir='ltr'><strong>itt</strong></span> <span class='ocrx_word' id='word_1_952' title='bbox 2908 5646 3036 5699; x_wconf 76' lang='lat' dir='ltr'><strong>ﬁne.</strong></span> 
     </span>
    </p>
   </div>
  </div>
