4174 6196
271 292 385 361 335

1387 296 1584 354 LIBER
1622 298 1711 354 DE
1749 267 2457 353 PRAEDESTINATIONE.

3448 288 3557 349 388

273 432 437 490 quam
474 430 598 474 esse
641 418 693 472 in
734 428 799 473 ea
827 416 960 483 vita,
992 414 1083 472 ubi
1127 429 1234 472 non
1275 417 1444 492 possit
1484 416 1578 472 tibi
1618 416 1857 479 evenire,
1890 419 1939 478 λ
1967 412 2143 469 tatisa
2164 422 2223 466 se
2239 411 2547 467 condendae
2571 411 2901 469 Substantias
2915 409 3151 467 condidit
3174 410 3413 467 bonitate
3430 425 3551 475 sua,

275 511 418 583 quod
444 524 553 565 non
580 510 683 563 vis.
716 507 824 564 Sed
847 507 1103 579 quoniam
1122 547 1139 573 ,
1167 522 1274 564 non
1304 507 1444 564 sicut
1478 517 1670 578 sponte
1701 507 1865 562 homo

275 598 503 664 cecidit,
534 601 608 652 ita
634 598 1024 668 etiamsponte
1056 611 1282 668 surgere
1311 606 1521 667 potest,
1558 606 1862 666 porrectam

274 694 433 749 nobis
459 690 692 762 desuper
722 689 1000 746 dexteram
1033 689 1160 755 Dei,
1197 688 1250 743 id
1287 697 1416 755 est,
1443 688 1729 745 Dominum
1770 702 1866 745 no-

274 794 447 839 strum
470 783 656 842 Jesnm
681 782 956 840 Christum
998 781 1151 836 ﬁrma
1192 782 1297 836 lldc
1336 788 1650 843 teneamus,
1689 789 1744 834 et
1770 794 1866 835 ex-

275 883 581 945 spectemus
621 881 772 929 certa
819 886 948 943 spe,
996 880 1052 927 et
1092 870 1319 926 caritate
1347 870 1558 925 ardenti
1594 870 1866 926 desidere-

276 951 399 1021 mus
427 976 455 1007 ι
492 982 537 1020 ι.

792 1053 1190 1111 CAPITULUM
1234 1053 1363 1109 Vlll.

276 1143 359 1201 De
382 1146 682 1221 timeretuis
709 1149 843 1203 inter
865 1159 1113 1272 ιιαιαὶᾳηι
1146 1146 1373 1202 Ιιοιιιὶηέε
1410 1156 1459 1201 et
1492 1147 1712 1202 liberum
1753 1148 1864 1217 ejus

922 1235 984 1271 ar
1019 1228 1221 1272 unum.
1753 1264 1757 1269 .

922 1228 1221 1273 arbitrium.

343 1332 390 1383 Ι.
427 1324 547 1384 1am
585 1341 729 1383 nunc
761 1325 1021 1398 pulsanda
1050 1335 1135 1382 est
1170 1325 1353 1383 divina
1381 1327 1772 1403 misericordia,
1809 1338 1869 1383 ut

278 1423 437 1482 nobis
468 1422 682 1495 aperire
713 1422 969 1495 dignetur
1002 1421 1334 1478 imminentis
1360 1421 1693 1492 quaestionis
1725 1422 1863 1477 dilli—

277 1514 556 1572 eultatem.
590 1514 775 1585 Longe
820 1521 1057 1583 namque
1100 1521 1366 1568 remotum
1396 1522 1513 1579 est,
1551 1521 1609 1568 et
1650 1514 1702 1567 in
1743 1529 1867 1583 pro-

279 1606 477 1667 fundae
518 1604 910 1675 intelligentiae
957 1610 1168 1659 secreto
1206 1602 1329 1659 sinu
1375 1604 1704 1674 repositum,
1737 1604 1867 1676 quid

275 1697 444 1754 distat
484 1696 629 1752 inter
675 1695 899 1752 liberam
946 1694 1184 1751 hominis
1227 1694 1584 1761 voluntatem,
1632 1712 1773 1766 quae
1800 1712 1866 1753 ex

1969 501 2162 557 deinde
2193 499 2483 571 unicuique
2504 514 2601 570 pro
2626 500 2880 571 gradibus
2912 499 3025 559 suis
3049 501 3188 556 dona
3219 500 3349 556 dare
3371 499 3555 572 dispo-

1967 592 2075 646 suit
2107 591 2355 661 largitate
2375 604 2494 643 sua.
2514 589 2656 643 Inter
2676 603 2813 659 quas
2835 588 3078 643 videlicet
3105 588 3436 643 substantias
3456 603 3553 644 na.

1968 682 2420 755 turatnﬂliominis
2460 682 2513 735 in
2553 680 2827 736 voluntate
2865 680 3167 736 rationabili
3192 681 3214 714 ⁸
3249 679 3550 738 substituit.

1967 774 2080 829 Non
2098 776 2251 832 'Cllllll
2280 775 2401 831 ideo
2424 776 2584 849 homo
2612 774 2857 830 voluntas
2882 783 2981 836 est,
3015 775 3139 845 quia
3166 774 3410 829 voluntas
3444 783 3554 838 est,

1968 867 2197 937 sedquia
2217 864 2495 925 rationalis
2510 865 2756 919 voluntas
2774 875 2876 923 est.
2894 863 3043 921 Tolle
3068 879 3297 934 namque
3316 864 3552 919 rationa-

1969 956 2071 1013 lem
2098 957 2443 1015 voluntatem,
2468 971 2574 1010 non
2598 957 2702 1010 erit
2729 957 2907 1009 homo.
2935 955 3088 1022 Quod
3123 962 3301 1008 tamen
3329 967 3435 1007 non
3467 968 3551 1008 re-

1966 1044 2168 1109 currit,
2199 1053 2281 1102 nt.
2314 1045 2359 1099 si
2391 1044 2545 1102 tollas
2574 1044 2844 1099 hominem
2865 1086 2880 1107 ,
2909 1059 3012 1096 non
3040 1042 3112 1098 sit
3148 1042 3425 1098 rationalis
3456 1058 3550 1095 vo-

1969 1137 2166 1197 luntas,
2196 1152 2337 1207 quae
2365 1152 2469 1191 non
2503 1137 2557 1190 in
2583 1136 2802 1191 homine
2828 1146 3058 1198 tantum,
3092 1151 3276 1191 verum
3308 1135 3471 1189 etiam
3499 1134 3555 1189 itt

1967 1228 2180 1298 angelo,
2208 1239 2371 1299 atque
2403 1228 2520 1298 ipso
2550 1225 2659 1283 Deo
2688 1227 3051 1300 cognoscitur.
3080 1226 3216 1282 llinc
3246 1226 3555 1283 necessario

1967 1319 2419 1374 considerandum
2446 1320 2487 1383 “,
2513 1318 2641 1387 quid
2694 1320 2794 1375 ista
2823 1318 3053 1372 humana
3084 1317 3331 1374 voluntas
3357 1319 3553 1373 habeat

1966 1426 2034 1466 c.\'
2065 1420 2255 1465 natura
2278 1451 2292 1475 ,
2336 1408 2464 1479 quid
2494 1427 2561 1465 ex
2610 1409 2769 1465 dono.
2822 1412 2928 1466 Sed
2963 1412 3009 1467 si
3055 1410 3179 1467 luce
3205 1410 3405 1466 rlarins
3432 1420 3553 1475 est,

1967 1502 2287 1558 naturaliter
2326 1517 2443 1557 cant
2489 1498 2707 1567 habere,
2752 1502 2896 1572 quod
2935 1501 3008 1557 sit
3041 1500 3413 1557 substantialis
3459 1516 3552 1558 v0-

1969 1593 2166 1661 luntas,
2207 1603 2376 1649 restat
2402 1595 2610 1663 quaeri.
2637 1592 2778 1648 unde
2808 1593 2875 1650 sit
2904 1592 2952 1648 ei
2987 1592 3226 1649 libertas.
3260 1591 3376 1648 Non
3407 1592 3552 1648 enim

1969 1687 2214 1743 absolute
2255 1688 2453 1741 dicitur
2507 1685 2774 1745 voluntas.
2825 1685 2920 1742 sed
2971 1686 3140 1741 libera
3184 1685 3449 1741 voluntas.
3496 1683 3555 1741 Si

279 1798 476 1844 natura
506 1797 615 1852 est,
641 1794 698 1842 et
727 1783 957 1841 liberum
983 1783 1101 1854 eius
1131 1784 1448 1848 arbitrium,
1480 1786 1623 1854 quod
1677 1789 1865 1857 procul
1897 1782 1943 1841 Β
1970 1795 2101 1852 ergo
2142 1789 2347 1835 tantum
2388 1794 2457 1834 ex
2488 1778 2873 1835 substitutione
2898 1779 2916 1810 ⁷
2950 1794 3047 1833 sua
3112 1777 3338 1841 habeat,
3385 1789 3444 1834 ut
3484 1778 3556 1832 sit

276 1879 442 1935 dubio
476 1879 675 1934 donum
707 1876 984 1948 creatoris
1019 1891 1141 1932 esse
1180 1877 1529 1933 manifestum
1562 1881 1601 1933 ⁸.
1658 1878 1868 1938 Sancto

267 1970 540 2041 siquidem
590 1968 895 2040 Augustino
964 1969 1243 2026 multoties
1283 1971 1306 2003 ⁸
1361 1971 1518 2028 nobis
1564 1972 1869 2031 inculcante

272 2062 619 2135 apertissime
639 2061 930 2126 credimus.
962 2062 1241 2119 interioris
1266 2063 1502 2120 hominis
1529 2065 1867 2123 substantia-

274 2152 380 2207 lem
427 2152 729 2207 trinitatem
771 2151 826 2207 in
873 2152 958 2208 his
1005 2151 1199 2227 tribus,
1239 2152 1486 2209 essentia.
1513 2155 1782 2223 videlicet,
1813 2164 1869 2213 et

272 2240 587 2305 voluntate,
632 2251 689 2297 et
718 2241 947 2297 scientia
987 2240 1257 2300 contineri
1285 2240 1335 2296 δ.
1378 2241 1434 2298 Si
1471 2244 1618 2299 enim
1658 2249 1867 2319 sumina

273 2330 717 2403 sapientia,qnae
733 2331 1026 2385 humanam
1049 2337 1296 2386 naturam
1320 2331 1402 2387 sui
1426 2332 1658 2389 similem
1680 2349 1871 2392 creare

272 2422 468 2484 voluit,
502 2420 555 2475 in
583 2434 643 2476 se
672 2420 786 2491 ipsa
820 2435 927 2475 una
955 2420 1335 2495 trinaqueest,
1370 2423 1565 2478 merito
1595 2424 1866 2481 hominem

273 2514 358 2571 sic
383 2514 537 2580 fecit,
560 2515 853 2570 essentiam
884 2514 1152 2584 profecto,
1183 2513 1537 2579 voluntatem,
1564 2515 1864 2579 scientiam,

277 2622 422 2681 quae
454 2609 558 2663 tria
587 2622 752 2662 unum
784 2614 926 2661 sunt.
965 2605 1082 2662 Non
1122 2607 1268 2663 enim
1304 2606 1447 2662 aliud
1487 2617 1576 2664 est
1619 2608 1867 2664 rationali

271 2700 420 2757 vitae
443 2714 588 2765 esse,
609 2708 663 2754 et
690 2698 848 2764 velle,
871 2711 973 2753 nec
999 2697 1147 2753 aliud
1172 2699 1329 2763 velle,
1358 2691 1418 2753 ρι’
1434 2700 1594 2761 scire.
1623 2700 1716 2756 sed
1749 2713 1870 2756 esse

271 2790 396 2863 ejus
426 2790 674 2846 voluntas
695 2790 897 2855 sciens,
921 2796 978 2846 et
1005 2789 1255 2845 voluntas
1275 2791 1393 2862 ejus
1407 2791 1643 2857 essentia
1664 2793 1869 2860 sciens,

270 2893 333 2941 et
368 2885 596 2941 scientia
633 2883 753 2955 ejus
784 2883 970 2940 volens
994 2883 1227 2939 essentia
1256 2892 1358 2939 est.

344 2974 409 3029 ll.
451 2974 596 3030 Haec
638 2972 805 3047 igitur
846 2973 951 3029 tria
995 2986 1160 3028 unum
1204 2984 1350 3040 sunt,
1400 2983 1453 3031 et
1500 2990 1602 3030 una
1650 2985 1863 3031 natura.

245 3057 414 3121 .Tbta
445 3063 642 3121 deinde
679 3062 895 3121 animae
922 3073 1116 3119 natura
1144 3063 1391 3119 voluntas
1422 3073 1531 3124 cst.
1557 3062 1664 3121 Sed
1693 3066 1871 3123 consi-

1969 1869 2235 1934 voluntas,
2284 1882 2390 1923 non
2437 1878 2618 1923 autem
2658 1867 2860 1933 libera;
2901 1867 3243 1938 relinquitur,
3293 1867 3338 1924 si
3386 1867 3555 1924 libera

1966 1969 2072 2024 est,
2113 1959 2257 2029 quod
2304 1974 2503 2030 negare
2543 1957 2861 2023 absurdum,
2905 1960 3047 2014 dono
3086 1960 3169 2014 sui
3209 1958 3482 2015 Creatoris
3505 1966 3554 2015 ei

1967 2050 2221 2106 donatam
2248 2065 2369 2107 esse
2395 2050 2719 2106 libertatem.
2761 2052 2829 2106 Et
2854 2052 2957 2105 erit
2989 2052 3111 2107 talis
3137 2050 3438 2107 dill‘erentia
3471 2053 3555 2106 in-

1970 2151 2054 2198 ter
2091 2153 2341 2197 naturam
2386 2152 2443 2197 et
2484 2142 2714 2197 liberant
2758 2142 3078 2209 arbitrium,
3118 2158 3183 2199 ac
3217 2143 3263 2199 si
3318 2142 3553 2197 humana

1969 2232 2219 2292 voluntas
2244 2251 2351 2291 non
2381 2234 2557 2291 solum
2587 2250 2681 2289 sua
2711 2236 3096 2292 substitutions
3122 2237 3353 2309 accepit,
3379 2248 3433 2292 ut
3458 2238 3552 2295 sit.

1969 2332 2063 2388 sed
2089 2344 2254 2387 etiam
2282 2342 2340 2385 ut
2367 2332 2536 2390 libera
2564 2332 2654 2387 sit.

2039 2420 2127 2475 IV.
2169 2420 2360 2477 Adhuc
2408 2436 2517 2477 non
2564 2430 2650 2477 est
2690 2422 2938 2492 quaestio
2984 2423 3257 2495 proposita
3289 2430 3551 2480 reserata.

1969 2508 2271 2567 Praedictis
2302 2513 2500 2583 quippe
2521 2513 3082 2583 argumentationibus
3125 2514 3406 2570 collectum
3436 2525 3551 2575 est,

1969 2604 2550 2671 Ontntpotentissintant
2581 2602 2817 2657 divinam
2859 2602 3213 2667 voluntatem,
3241 2619 3378 2674 quae
3407 2605 3550 2660 nulla

1971 2693 2090 2767 lege
2136 2704 2446 2760 coartatur,
2501 2708 2602 2749 nec
2658 2694 2970 2764 impeditur,
3017 2694 3266 2751 debuisse
3301 2696 3547 2754 volunta-

1970 2793 2079 2840 tem
2105 2785 2188 2840 sui
2213 2776 2667 2849 similemcreare,
2684 2800 2823 2856 quae
2847 2786 3084 2840 aeternis
3110 2785 3317 2856 legibus
3330 2789 3527 2843 creatri
3543 2817 3556 2826 -

1972 2893 2052 2934 ets
2076 2876 2545 2950 regeretttr,,nulla
2577 2876 2628 2932 vi
2656 2877 2726 2933 ab
2755 2878 2980 2948 agendo,
3013 2877 3142 2947 quid
3193 2877 3345 2933 vellet
3365 2916 3379 2942 ,
3410 2889 3556 2933 arta-

1926 2980 1943 2999 κ
1972 2976 2153 3033 retur,
2185 2968 2265 3023 vel
2290 2971 2359 3023 ad
2387 2969 2685 3040 agendum,
2715 2967 2857 3037 quod
2885 2966 3085 3034 nollet,
3119 2967 3555 3039 compelleretur.

1974 3059 2244 3132 Quidquid
2291 3060 2437 3117 enim
2484 3059 2662 3115 facere
2708 3059 3020 3125 maluisset,
3067 3060 3181 3116 sive
3234 3060 3391 3127 boni,
3441 3061 3554 3118 sive

274 3155 578 3213 derandum
595 3194 611 3220 ,
644 3161 826 3210 utrum
851 3169 917 3210 ea
947 3153 1215 3219 voluntas,
1244 3156 1384 3210 sicut
1412 3156 1732 3212 naturaliter
1760 3168 1864 3223 est,
1896 3145 1941 3207 C
1969 3152 2121 3214 mali,
2149 3150 2603 3222 sapientissimam
2627 3150 2905 3206 ercatrieis
2930 3165 3060 3206 suae
3084 3150 3419 3221 disciplinam
3445 3142 3552 3206 non

274 3247 357 3304 ita
384 3245 556 3302 libera
582 3255 664 3302 est
692 3246 1032 3312 naturaliter,
1058 3260 1128 3302 an
1154 3254 1386 3310 tantum,
1413 3256 1467 3301 ut
1500 3247 1747 3303 voluntas
1772 3251 1865 3314 sit,

274 3352 347 3395 ex
374 3348 569 3393 natura
601 3337 816 3400 habeat,
844 3344 905 3391 ut
934 3345 1116 3393 autem
1144 3336 1338 3399 libera,
1369 3352 1434 3391 ex
1469 3337 1612 3393 dono
1644 3339 1868 3408 Creato-

275 3428 380 3486 ris.
407 3426 544 3485 Cum
569 3430 725 3483 enim
745 3442 909 3484 omne
935 3425 1132 3483 bonum
1178 3436 1273 3482 aut
1311 3425 1455 3483 Dens
1493 3430 1606 3498 ipse
1629 3438 1741 3497 est,
1775 3441 1869 3485 ant

277 3515 542 3591 quidquid
568 3517 637 3572 ab
663 3533 729 3573 eo
756 3528 840 3574 est
857 3558 874 3585 ,
900 3533 1009 3574 non
1034 3528 1212 3574 tamen
1238 3519 1420 3574 onniia
1448 3519 1608 3587 bona,
1632 3535 1773 3592 quae
1800 3525 1868 3577 ab

276 3626 348 3667 eo
386 3616 545 3670 sunt.
574 3607 764 3663 eodem
798 3605 960 3662 modo
991 3607 1063 3662 ab
1089 3622 1155 3663 eo
1182 3608 1298 3663 ﬁeri
1333 3608 1581 3665 dicimus.
1612 3610 1866 3668 Omnium

288 3688 812 3757 quippobonorttm,
840 3700 981 3756 quae
1006 3687 1152 3743 Deus
1181 3690 1405 3754 creavit,
1436 3694 1699 3757 quaedam
1731 3694 1863 3743 sunt

291 3776 414 3845 ejus
463 3777 726 3845 bonitate,
774 3779 1043 3850 quaedam
1073 3780 1217 3853 ejus
1263 3781 1527 3851 largitate.
1579 3779 1729 3848 Quae
1761 3796 1861 3836 auo

295 3875 406 3924 tem
431 3867 506 3925 ab
531 3870 706 3939 ipsius
758 3874 1001 3928 bonitate
1037 3877 1195 3934 tiunt.
1228 3876 1663 3929 subsrantiatiter
1696 3873 1856 3938 tiunt,

293 3973 421 4013 cum
443 3958 702 4016 omnibus
724 3964 1121 4029 accidentibus,
1145 3978 1286 4035 quae
1303 3966 1383 4021 eis
1411 3967 1734 4025 naturaliter
1763 3967 1864 4022 ad-
1883 3955 1916 4037 ί

292 4051 547 4117 haercnt,
579 4062 639 4107 ut
663 4064 793 4111 sunt
814 4057 1126 4127 qualitates.
1158 4060 1512 4129 quantitates,
1547 4062 1863 4127 relationes,

294 4151 454 4214 situs,
492 4150 733 4215 habitus,
763 4151 901 4215 loca,
940 4159 1208 4221 tempora,
1230 4169 1413 4225 agere.
1451 4156 1597 4224 pati;
1627 4171 1737 4226 quo
1763 4171 1865 4210 nu-

296 4257 450 4298 mero
476 4243 704 4295 denario
735 4252 794 4295 ct
821 4242 1001 4298 omnis
1026 4253 1208 4299 creata
1236 4246 1566 4308 substantia,
1593 4256 1648 4300 et
1678 4247 1863 4302 omnia

297 4337 347 4389 φὶ
370 4337 710 4422 naturaliter
741 4337 1045 4392 accidentia
1074 4339 1464 4410 comprehendi
1496 4340 1865 4415 possuntdiiec

296 4441 398 4484 nos
426 4444 664 4492 moveat,
690 4430 735 4485 si
765 4430 1019 4487 dicantur
1040 4430 1342 4488 accidentia
1371 4432 1393 4463 ⁸
1413 4433 1702 4502 quaedam.
1725 4448 1867 4502 quae

292 4530 577 4577 curatura
601 4538 707 4576 non
733 4537 880 4577 sunt.
901 4522 1017 4579 Non
1039 4525 1187 4579 enim
1216 4535 1344 4579 sunt
1363 4539 1490 4580 vere
1514 4525 1861 4585 accidentia‘,

298 4618 391 4669 sed
427 4615 762 4671 naturalium
796 4616 1164 4671 accidentium
1194 4627 1288 4672 ant
1316 4619 1616 4675 absentiae.
1649 4626 1743 4671 aut
1772 4617 1865 4671 de-

301 4708 496 4769 lectus.
518 4707 569 4760 id
589 4717 670 4761 est
702 4709 1104 4777 corruptiones.
1130 4709 1282 4776 Quae
1308 4725 1438 4767 vero
1464 4710 1711 4772 largitate
1733 4724 1835 4764 con

289 4792 477 4846 ditorts
506 4788 756 4854 veniunt,
789 4789 1033 4859 proiecto
1055 4790 1194 4845 dona
1229 4789 1347 4861 ejus
1378 4794 1735 4863 appellantur,
1768 4814 1867 4855 nec

287 4884 441 4938 aliter
468 4880 616 4938 credi
646 4889 875 4951 oportet,
913 4880 1165 4951 quoniam
1207 4883 1424 4953 quidem
1468 4888 1569 4941 tria
1598 4895 1863 4957 quaedam

290 4972 513 5042 intelligi
547 4959 771 5026 necesse
795 4980 876 5027 est
932 4970 983 5028 in
1018 4973 1165 5027 omni
1193 4972 1426 5030 donandi
1457 4985 1602 5039 actu.
1630 4980 1721 5047 qui
1753 4980 1863 5046 dat,

292 5064 431 5133 quod
455 5064 635 5125 datur,
665 5062 751 5129 cui
783 5061 957 5115 datur.

359 5153 443 5209 ill.
481 5153 714 5209 Proinde
741 5153 881 5208 Deus
907 5151 1147 5207 omnium
1178 5153 1353 5224 opifex
1394 5156 1570 5226 primo
1597 5163 1864 5217 universi-

1970 3245 2282 3307 exeedcrct,
2308 3257 2446 3313 quae
2469 3256 2659 3297 omnes
2684 3249 2860 3296 motus
2885 3239 3084 3297 liberae
3111 3241 3419 3306 voluntatis,
3440 3240 3553 3297 sive

1971 3346 2170 3393 rectos.
2197 3335 2311 3391 sive
2337 3347 2647 3405 perversos,
2671 3332 2925 3404 congruis
2948 3332 3229 3389 ordinibus
3257 3332 3551 3404 exciperet.

1970 3427 2089 3485 Non
2126 3428 2272 3483 enim
2310 3427 2614 3483 credendus
2645 3435 2730 3481 est
2768 3424 3137 3481 universitatis
3191 3426 3437 3481 conditor
3469 3441 3553 3481 ra»

1970 3519 2226 3576 tionalem
2259 3518 2590 3574 voluntatem
2627 3516 2821 3584 fecisse
2851 3515 3125 3572 servilem.
3154 3516 3237 3570 An
3275 3514 3415 3571 forte
3446 3531 3554 3571 non

1971 3620 2057 3665 est
2102 3607 2770 3685 hominisubstantialiter
2815 3607 2990 3661 ratio?
3032 3604 3165 3676 Quis
3204 3604 3400 3663 audeat
3451 3609 3556 3662 hoc

1971 3703 2170 3765 dicere,
2219 3715 2342 3755 cum
2388 3700 2460 3754 sit
2504 3714 2631 3755 vera
2674 3698 2909 3753 hominis
2953 3697 3218 3761 delinitio,
3264 3692 3425 3755 homo
3471 3711 3555 3755 est

1969 3791 2275 3861 substantia
2318 3789 2615 3854 rationalis,
2655 3788 2951 3861 sapientiae
2994 3790 3194 3859 Capax!
3239 3788 3379 3856 Quid
3424 3802 3557 3855 ergo

1970 3885 2187 3949 mirum,
2221 3874 2486 3938 humanae
2513 3883 2770 3937 voluntati
2799 3898 2866 3938 ex
2894 3893 3086 3938 natura
3113 3882 3198 3938 sui
3232 3898 3353 3940 esse
3392 3884 3556 3940 liber-

1973 3984 2138 4030 tatem
2202 3989 2322 4046 cum
2364 3988 2467 4029 non
2498 3974 2567 4028 sit
2597 3973 2827 4038 mirum,
2868 3988 2932 4028 ea
2969 3972 3088 4028 tieri
3120 3974 3419 4029 rationem?
3446 3974 3557 4030 Ant

1971 4070 2239 4137 quomodo
2288 4067 2402 4119 lieri
2435 4066 2607 4135 potuit
2655 4074 2848 4120 natura
2898 4064 3553 4131 servilis.voluntas,‘eni

1969 4158 2165 4213 metito
2204 4156 2544 4213 ohedientiae
2589 4157 2921 4228 promittitur
2967 4157 3053 4211 illa
3086 4156 3266 4212 futura
3306 4159 3548 4223 libertas,

1969 4252 2225 4321 quoniam
2270 4264 2372 4304 non
2417 4251 2520 4303 erit
2556 4249 2811 4320 peccandi
2855 4250 3155 4319 cupiditas?
3203 4247 3360 4305 Nullo
3406 4253 3550 4305 enim

1967 4350 2127 4412 pacto
2169 4341 2307 4395 Deus
2347 4341 2603 4403 destruit,
2648 4342 2790 4409 quod
2836 4341 2888 4394 in
2938 4348 3128 4396 natura
3172 4342 3403 4407 creavit,
3454 4344 3555 4398 sed

1969 4436 2232 4505 quaedam
2254 4435 2389 4488 bona
2416 4434 2696 4494 naturalia.
2726 4418 2866 4503 quae
2891 4431 3149 4497 condidit,
3170 4434 3221 4488 in
3248 4432 3437 4492 melius
3456 4451 3551 4495 ea-

1970 4525 2093 4579 dem
2119 4525 2379 4579 t-onvertit
2398 4565 2413 4589 ,
2444 4541 2548 4580 non
2589 4534 2650 4582 ut
2675 4523 2746 4578 ab
2771 4529 2870 4587 eis,
2896 4526 3038 4594 quod
3065 4524 3212 4590 fecit,
3245 4534 3423 4592 eruat,
3452 4529 3547 4585 sed

1972 4620 2030 4667 ut
2059 4614 2154 4669 eis.
2182 4613 2323 4683 quod
2340 4615 2551 4670 'addere
2576 4615 2775 4681 voluit,
2808 4615 3044 4686 adjiciat.

2044 4704 2109 4761 Υ.
2153 4706 2408 4778 Exemplo
2449 4708 2516 4764 sit
2562 4722 2758 4776 corpus.
2792 4708 3034 4764 hominis
3074 4719 3202 4765 ante
3243 4724 3546 4779 peccatum.
3580 4699 3585 4708 ’

1973 4803 2117 4870 quod
2154 4812 2270 4857 erat
2311 4802 2539 4870 primum
2585 4799 2834 4861 animale,
2876 4801 3067 4857 deinde
3110 4800 3347 4878 futurum
3391 4806 3547 4875 spiri-

1978 4891 2118 4945 tuale
2175 4890 2366 4945 merito
2411 4892 2775 4952 obedientiae,
2822 4888 2963 4946 nulla
3008 4892 3322 4963 interposita
3350 4906 3546 4951 morte.

1968 4977 2077 5035 Cur
2103 4980 2330 5050 primum
2372 4979 2640 5034 animale?
2677 4979 2754 5033 An
2782 4979 2908 5049 quia
2946 4982 3122 5057 adhuc
3150 4981 3373 5049 deerat,
3402 4989 3545 5055 quod

1967 5073 2016 5125 ei
2047 5081 2265 5142 propter
2300 5073 2566 5141 praecepti
2593 5072 2889 5127 custodiam
2922 5073 3093 5128 fuerat
3123 5075 3457 5138 addendum.
3493 5080 3546 5133 id

1968 5171 2052 5216 est
2084 5162 2381 5233 spirituale,
2413 5177 2475 5218 ac
2517 5174 2610 5232 per
2632 5163 2731 5216 hoc
2759 5178 2822 5216 ex
2851 5178 2938 5227 eo,
2968 5163 3108 5233 quod
3139 5160 3338 5235 aliquid
3358 5179 3393 5222 α
3418 5181 3543 5237 per-

1564 5271 1644 5326 VA
1656 5272 1812 5329 ΜΔΕ
1850 5272 2248 5329 ΙιΙεΕΤΙΟΝΙέΞ.

365 5359 502 5416 ‘Sic
528 5361 647 5429 cod.
724 5360 744 5391 '
774 5358 1099 5423 maltaciens,
1152 5358 1233 5414 sic
1258 5361 1474 5429 nhiqne.
1550 5358 1726 5417 aCod.
1776 5365 2094 5418 accedentia.

2176 5365 2195 5395 ³
2220 5362 2311 5418 Sit
2336 5364 2456 5419 eod.
2536 5363 2557 5394 ⁸
2584 5362 2675 5418 Sic
2731 5364 2849 5417 cod.
2872 5405 2885 5425 .
2948 5362 3018 5417 Μ.
3050 5365 3319 5423 rationali.
3394 5368 3416 5401 ⁸
3443 5367 3541 5425 Sic

298 5433 434 5489 eod..
464 5424 638 5485 ηλωι
668 5429 1137 5503 considerandum.
1216 5429 1349 5503 'Sic
1370 5424 1519 5493 eod”
1545 5431 1612 5485 Μ.
1666 5434 1731 5487 ad
1781 5450 1952 5503 marg.
1990 5435 2154 5489 adscr
2182 5476 2195 5495 .
2230 5437 2365 5488 forte
2412 5436 2766 5500 institutione;
2809 5433 2902 5489 sed
2944 5433 3163 5499 frustra,
3216 5452 3337 5491 nam
3379 5424 3545 5495 lectio

301 5503 651 5557 substitution
686 5509 742 5553 et
783 5501 885 5554 hoc
925 5499 1046 5554 loco
1110 5511 1167 5554 et
1211 5500 1373 5570 paulo
1413 5510 1532 5571 post
1576 5503 1852 5557 retinenda
1898 5499 1996 5559 est.

1770 5578 2020 5649 noras.

364 5692 393 5724 ι
428 5680 707 5753 Augustin.
744 5676 780 5732 Ι.
809 5678 845 5731 ι.
874 5678 935 5738 ll,
964 5678 1035 5736 ρο
1064 5680 1236 5735 initio.

688 5772 959 5834 ΡΑτιιυι..
1005 5771 1271 5839 CXXII.

2067 5684 2099 5722 β
2134 5679 2419 5755 Augustin.
2454 5683 2687 5756 Canius.
2721 5684 2861 5755 XIII,
2892 5685 2977 5740 ll.

2988 5775 3064 5838 13
