4236 6072
591 241 691 303 58,7

1937 244 1941 249 ’
1976 232 2266 298 JOANNIS
2306 231 2501 299 SCOTI

3750 238 3858 298 388

590 361 821 414 lectione
848 364 1071 411 naturae
1115 355 1301 417 deluit,
1352 363 1467 408 erat
1514 355 1766 419 animale,
1799 369 1862 409 ex
1888 370 1952 410 co
1974 397 1987 419 ,
2035 361 2178 427 quod
2206 368 2252 422 Α
2284 369 2484 414 motum
2514 358 2627 413 liet-i
2663 358 2786 429 quis
2827 358 3073 415 dubitare
3098 332 3332 417 etiam?
3360 358 3592 415 Proinde
3619 360 3747 430 quia
3793 364 3860 416 de

590 451 719 507 nihil
748 450 794 503 ei
842 449 1069 509 deesset,
1100 447 1338 500 futurum
1375 445 1674 516 Spiritnale.
1708 445 1846 502 Hinc
1888 448 2047 502 datur
2091 448 2172 501 in-

593 541 772 611 telligi,
806 540 1032 610 primam
1064 538 1299 613 hominis
1332 537 1661 592 voluntath
1693 536 1916 594 liberam
1955 548 2173 601 natura-

588 635 707 687 liter
738 632 901 688 luisse
924 640 1183 693 creatam,
1218 628 1303 683 cui
1335 638 1510 686 tamen
1555 629 1755 698 aliquid
1786 628 2096 692 adderetur,
2127 630 2172 684 si

592 733 935 797 praeceptum
961 722 1052 777 Dei
1080 735 1299 799 servare
1332 720 1512 785 vellet,
1531 730 1605 782 ut,
1636 720 1772 774 sicut
1796 720 2030 774 animale
2056 736 2175 775 cor-

590 837 691 888 pus
718 817 890 888 putuit
920 815 1079 879 mori,
1106 814 1231 882 quia
1259 812 1435 867 adhuc
1467 829 1572 866 non
1603 823 1716 867 erat
1748 812 2067 882 perlectum,
2101 813 2176 866 ita

598 913 842 969 voluntas
868 907 1035 963 libera
1064 906 1237 960 adhuc
1263 903 1513 959 animalis
1567 902 1782 969 merito,
1817 904 1943 975 quia
1973 912 2176 958 morta-

593 1006 673 1065 lis,
707 985 875 1075 potuit
900 1016 1144 1073 peccare,
1163 999 1609 1070 qtmniamadlmc
1638 1016 1744 1052 non
1771 1009 1887 1053 erat
1916 999 2174 1070 perfecta,

591 1109 730 1164 quae
759 1092 943 1162 utique
971 1090 1231 1162 perfectio
1274 1088 1539 1145 libertatis
1567 1100 1689 1157 post
1731 1089 1966 1143 mandati
1999 1096 2178 1144 custo—

590 1190 732 1243 diam
772 1185 1102 1256 impleretur,
1134 1184 1261 1238 dum
1290 1197 1351 1237 ea
1392 1180 1648 1252 peccandi
1676 1181 1924 1235 voluntas
1964 1180 2178 1250 penitus

592 1281 913 1342 auferretur,
955 1277 1131 1345 qualis
1174 1276 1279 1331 erit
1323 1274 1412 1329 illa
1458 1273 1662 1332 futura.
1712 1287 1872 1341 quam
1921 1272 2180 1353 Dominus

594 1381 775 1428 noster
793 1370 951 1425 Jesus
968 1368 1215 1423 Christus
1240 1366 1463 1422 daturus
1484 1376 1565 1419 est
1588 1364 1938 1434 diligentibus
1964 1378 2043 1419 se.
2072 1361 2178 1418 Sed

596 1475 645 1518 ιιι
678 1438 805 1519 haec
833 1464 969 1517 ratio
995 1463 1296 1531 roboretur,
1319 1467 1639 1531 argumento
1665 1467 1879 1512 utamur
1902 1456 2012 1520 illo,
2036 1457 2180 1526 quod

593 1555 825 1614 sumitur
852 1569 883 1608 a
915 1551 1109 1607 minori
1139 1552 1206 1606 ad
1247 1549 1442 1619 majus.
1474 1548 1530 1604 Si
1570 1548 1887 1603 naturaliter
1920 1546 2180 1602 habemus

599 1643 822 1702 liberum
842 1646 847 1649 “
866 1658 1083 1700 sensum
1110 1644 1165 1698 in
1192 1642 1363 1697 oculis
1394 1640 1565 1696 nostri
1595 1640 1862 1710 corporis,
1908 1647 1965 1695 ut
1991 1654 2180 1696 eorum

2275 450 2511 505 hominis
2542 450 2814 507 voluntate
2836 462 2961 505 ante
2988 462 3271 520 peccatum
3322 451 3623 520 quaeritur,
3668 466 3863 506 conce-

2274 524 2508 595 dendum
2528 550 2632 604 cst,
2662 534 2809 593 motu
2856 554 2951 593 suo
2980 540 3198 610 proprio
3223 542 3463 608 potuisse
3494 549 3549 594 et
3588 542 3659 595 ad
3687 540 3856 595 Deum

2275 646 2430 686 suum
2456 630 2588 685 velle
2616 633 2882 694 converti,
2911 648 2977 686 ne
3000 640 3271 701 peccaret,
3298 639 3355 687 et
3390 634 3458 686 ab
3485 646 3552 685 eo
3578 632 3773 697 averti,
3806 643 3860 688 ut

2275 733 2559 792 peccaret;
2610 723 2932 794 asuperiori
2963 731 3140 778 autem
3186 739 3350 780 causa
3390 725 3595 779 moveri
3628 734 3862 790 tantum,

2278 826 2345 867 ne
2373 811 2529 866 vellet
2548 827 2797 883 peccare.
2828 811 2883 867 Si
2909 826 3059 884 ergo,
3085 822 3145 867 ιιι
3162 814 3475 884 praedictae
3489 814 3721 869 rationis
3743 814 3867 869 edo-

2277 912 2364 956 cet
2390 902 2752 975 investigatio,
2786 902 3059 959 humanae
3077 904 3417 962 substantiae
3444 915 3623 961 motus
3644 918 3867 962 natura-

2276 993 2364 1059 lis,
2401 1009 2509 1064 quo
2537 993 2786 1050 videlicet
2822 994 2891 1050 ad
2913 995 3080 1050 Deum
3105 1012 3264 1051 suum
3311 998 3746 1070 cognoscendum
3786 999 3867 1054 di-

2276 1087 2659 1161 ligendamque
2704 1088 2882 1159 primo
2935 1099 3381 1156 converteretur,
3431 1090 3627 1147 deinde
3675 1093 3747 1148 ad
3822 1107 3867 1148 ,ε

2280 1179 2481 1251 ipsam,
2511 1176 2706 1250 duplici
2756 1194 2922 1235 causa
2953 1178 3090 1235 εἰὶὶεί
3138 1196 3456 1251 persuasum
3500 1192 3602 1247 est,
3634 1191 3855 1253 quarurt

2280 1284 2388 1324 una
2402 1270 2673 1343 superior,
2689 1284 2827 1340 quae
2844 1279 3157 1328 naturarum
3179 1274 3482 1328 communis
3502 1285 3583 1329 est
3604 1276 3866 1340 omnium,

2282 1357 2452 1414 altera
2486 1374 2611 1414 vera
2651 1359 2902 1426 inferior,
2928 1376 3069 1431 quae
3100 1361 3154 1417 in
3183 1362 3321 1433 ‘ipSa
3348 1365 3580 1418 humana
3621 1367 3869 1419 substan-

2234 1486 2237 1499 .
2270 1450 2357 1504 .tia
2389 1460 2470 1504 est
2492 1449 2784 1506 constituta
2812 1470 2825 1506 :
2861 1452 2991 1522 quid
3017 1467 3113 1507 nos
3136 1453 3408 1524 prohibet,
3430 1468 3620 1508 omnes
3644 1453 3670 1487 ⁸
3695 1465 3871 1511 rectos

2282 1552 2462 1595 motus
2513 1540 2679 1597 animi
2729 1543 2899 1597 nostri
2953 1543 3220 1597 conditori
3271 1553 3460 1600 ltOSll‘o
3510 1543 3737 1609 referre,
3778 1547 3869 1614 qui

2283 1645 2406 1684 cum
2428 1645 2486 1683 se
2514 1629 2691 1699 ipsum
2722 1640 2952 1697 moveat
2989 1631 3104 1686 sine
3132 1642 3373 1702 tempore
3413 1642 3470 1689 ει
3501 1633 3641 1698 loco,
3688 1646 3870 1689 movet

598 1737 796 1790 lumine
828 1744 1044 1790 utamur
1070 1734 1137 1789 ad
1163 1732 1392 1787 videnda
1425 1734 1649 1786 honesta
1676 1744 1770 1785 seu
1804 1729 1976 1800 turpia
2006 1745 2021 1783 :
2051 1729 2181 1799 quid
2212 1716 2257 1775 Β
2285 1720 2561 1776 conditum
2598 1731 2855 1775 ιιιοεῑνιιιιι
2888 1723 3134 1794 spiritum
3176 1738 3273 1795 per
3324 1733 3534 1795 tempus
3566 1726 3685 1782 sine
3728 1727 3867 1793 loco,

597 1829 825 1890 mirum,
854 1825 898 1879 si
928 1825 1069 1880 Deus
1096 1822 1255 1877 talem
1298 1820 1349 1875 in
1379 1820 1596 1877 homine
1622 1820 1952 1874 voluntatem
1983 1817 2183 1873 substi-

600 1921 809 1983 tuisset,
835 1932 977 1988 quae
1003 1932 1099 1971 sua
1125 1912 1354 1968 naturali
1387 1913 1636 1967 libertati,-
1666 1920 1912 1965 uteretur
1935 1910 2181 1973 honeste,

595 2015 640 2068 si
675 2028 777 2065 non
806 2016 1076 2080 peccaret,
1101 2015 1194 2059 aut
1217 2004 1465 2073 turpiter,
1494 2003 1537 2057 si
1569 2002 1853 2070 peccaret?
1877 1998 2029 2067 Quod
2054 2014 2183 2071 ergo

598 2104 777 2171 agitur
820 2097 1138 2154 naturaliter
1168 2097 1222 2151 in
1264 2108 1493 2165 eoa-pore
1538 2100 1747 2153 mistro,
1778 2107 1877 2145 cur
1918 2091 1971 2145 in
2002 2092 2185 2145 anima

602 2204 782 2249 nostra
811 2209 917 2246 non
953 2192 1225 2259 ageretur,
1245 2186 1563 2257 praesertim
1594 2183 1761 2257 [omn]
1796 2186 1832 2247 ¹,
1864 2183 1954 2238 ubi
1982 2192 2065 2239 est
2093 2200 2182 2238 rae

602 2282 954 2345 tionabilitas,
990 2280 1062 2333 ibi
1096 2276 1405 2332 necessario
1432 2277 1530 2332 erit
1567 2275 1826 2330 libertas?
1866 2274 1959 2329 Est
2002 2282 2184 2328 autem

603 2366 936 2425 rationabilis
992 2362 1418 2419 substantialiter
1479 2361 1725 2415 voluntas
1781 2362 2034 2414 lunnana.
2088 2359 2186 2414 Est

603 2463 766 2533 igitur
796 2455 1223 2513 substantialiter
1253 2454 1447 2509 libera.
2038 2464 2039 2467 ‘
2093 2502 2099 2511 ,

680 2553 763 2607 γι.
793 2553 942 2621 Quae
963 2566 1084 2605 cum
1109 2549 1184 2603 ita
1211 2549 1342 2611 sint,
1376 2545 1687 2614 diligentius
1713 2540 2185 2623 considerandum,

601 2646 731 2715 quid
778 2652 863 2699 est
910 2642 1139 2696 liberum
1173 2637 1497 2693 arbitrium?
1546 2633 1699 2701 Quod
1731 2632 1915 2703 procul
1944 2631 2107 2685 dubio
2156 2647 2184 2683 a

603 2742 713 2795 Deo
741 2731 824 2794 est
847 2739 1111 2791 humanae
1142 2743 1368 2787 naturae
1390 2745 1706 2786 (anticessum
1734 2729 1774 2778 ε,
1803 2727 2016 2783 Eisdem
2043 2726 2187 2782 enim

606 2828 783 2883 verbis
824 2838 875 2879 et
922 2822 1280 2878 substantiam
1328 2820 1582 2881 hominis,
1629 2829 1684 2872 et
1724 2818 1923 2871 donum
1955 2815 2189 2872 solemus

604 2919 905 2979 enuntiare,
935 2918 1011 2971 ita
1033 2924 1091 2968 ut
1124 2911 1344 2967 dubium
1372 2911 1463 2973 sit,
1495 2909 1623 2978 quid
1648 2907 1699 2961 in
1721 2907 1803 2961 eis
1826 2904 2029 2961 natura
2052 2905 2182 2962 insi-

606 3021 758 3075 nuet,
783 3009 912 3079 quid
943 3007 1160 3061 donum.
1192 3002 1330 3071 Quid
1377 3002 1523 3069 enim
1565 2998 1713 3052 aliud
1750 2997 2035 3061 sentimus,
2087 3013 2186 3051 au-

2287 1822 2467 1868 movet
2493 1827 2721 1885 corpora
2746 1823 2928 1869 nostra
2952 1829 3052 1893 per
3082 1825 3292 1887 tempus
3325 1829 3379 1872 et
3415 1818 3612 1874 locum.
3638 1816 3871 1877 Nostrae

2285 1920 2501 1977 quoque
2538 1918 2766 1962 naturae
2810 1908 3039 1965 inseruit
3087 1926 3324 1977 causam,
3363 1928 3469 1983 qua
3514 1916 3872 1987 nosmetipsos

2282 1999 3008 2065 possemusmoverelibere,
3062 2001 3477 2068 rationabiliter,
3527 2002 3871 2061 voluntarie”

2286 2090 2353 2143 ad
2400 2104 2501 2156 ea,
2535 2104 2677 2163 quae
2718 2090 2872 2148 nobis
2918 2093 3188 2163 sequenda
3233 2092 3467 2161 fuerant,
3509 2100 3869 2168 assequenda.

2286 2184 2386 2253 Qui
2410 2197 2589 2241 motus
2616 2188 2810 2242 merito
2836 2198 3057 2242 vocatur
3090 2186 3317 2243 liberum
3342 2189 3628 2246 arbitrium
3655 2202 3875 2246 nostrae

2288 2268 2596 2339 voluntatis,
2624 2276 2879 2346 quoniam
2920 2278 3173 2345 potestati
3201 2288 3421 2334 nostrae
3448 2279 3725 2350 subjectus
3767 2290 3851 2337 est

2279 2367 2576 2442 Possumus
2597 2366 2795 2439 quippe
2824 2383 2920 2438 pro
2942 2376 3129 2423 nostro
3149 2358 3357 2436 judicio
3381 2376 3531 2425 recto
3560 2386 3728 2426 cursu
3750 2386 3873 2427 eum

2287 2456 2541 2527 dirigere,
2560 2471 2849 2527 possemus
2875 2457 3148 2513 cohibere.
3185 2456 3337 2512 Unde
3363 2458 3525 2529 igitur
3554 2459 3877 2518 haberemus

2289 2544 2450 2599 talem
2474 2555 2680 2601 motum
2729 2546 3004 2618 talemque
3026 2547 3344 2615 potentiam,
3400 2548 3503 2602 nisi
3546 2564 3575 2603 a
3616 2547 3751 2614 Deo,
3782 2550 3875 2619 qui

2288 2634 2444 2688 nobis
2466 2631 2692 2706 largitus
2715 2635 2913 2690 esthoc
2928 2635 3225 2706 prcipu-ium,
3246 2638 3391 2707 quod
3410 2646 3552 2693 esset
3579 2646 3635 2695 et
3661 2649 3878 2694 nostrae

2289 2732 2515 2777 naturae
2538 2737 2643 2777 non
2668 2722 2950 2779 minimum
2983 2724 3207 2789 bonum,
3234 2734 3289 2780 ει
3311 2724 3587 2782 Creatoris
3611 2718 3878 2786 laudabile

2288 2815 2525 2875 doinnn?
2576 2814 2675 2869 Cui
2726 2814 2987 2874 debemus
3025 2815 3327 2873 ineffabiles
3376 2817 3581 2889 gratias
3632 2819 3879 2879 reddere.

2270 2922 2395 2961 .non
2426 2905 2601 2961 solum
2642 2905 2788 2975 quod
2830 2914 3081 2965 naturam
3117 2918 3336 2963 nostrae
3378 2909 3576 2966 mentis
3620 2909 3880 2966 bonitatis

2290 3010 2421 3051 suae
2458 2997 2615 3067 copia
2644 2996 2949 3073 condiderit
2973 2996 3308 3063 rationalem,
3335 2997 3584 3065 liberam,
3626 3000 3885 3056 voluntaa

604 3071 816 3160 dientes
858 3099 1080 3155 liberum
1141 3092 1432 3149 voluntatis
1478 3090 1764 3147 arbitrium
1788 3133 1803 3155 ,
1834 3086 1943 3144 nisi
1983 3089 2188 3144 liberae
2214 3071 2275 3134 θ’
2293 3088 2447 3150 riam,
2477 3071 2747 3151 mobilem,
2766 3088 2860 3142 sed
2874 3088 3018 3157 quod
3042 3088 3196 3144 nobis
3218 3088 3482 3162 largitatis
3507 3105 3637 3147 suae
3656 3106 3879 3148 munere

608 3194 900 3252 voluntatis
920 3201 1145 3255 mutum,
1164 3203 1304 3260 quae
1328 3186 1507 3242 omnia
1522 3194 1770 3240 naturam
1801 3184 2070 3238 htnnanae
2100 3196 2190 3237 vo-

610 3290 832 3344 luntatis
866 3284 1197 3357 exprimunt.
1232 3281 1323 3337 Est
1349 3264 1768 3335 enim-voluntas
1793 3275 1987 3338 libera,
2019 3272 2189 3328 ratio-

609 3380 765 3444 nalis,
803 3374 1094 3433 mutabilis.
1150 3374 1234 3426 Au
1274 3369 1435 3432 forte,
1486 3368 1533 3422 si
1578 3365 1852 3421 mutabilis
1895 3373 1997 3429 est,
2046 3363 2191 3433 quod

608 3473 829 3527 omnino
878 3466 1174 3528 latendum,
1226 3461 1270 3517 si
1319 3460 1465 3516 solus
1510 3457 1654 3513 Deus
1686 3453 2037 3511 immutabilis
2070 3467 2192 3507 esse

556 3614 563 3619 .
611 3559 919 3619 rectissime
932 3556 1190 3620 creditur,
1210 3552 1396 3624 quaeri
1419 3558 1617 3624 potest,
1636 3547 1774 3602 unde
1784 3544 2061 3603 mutabilis
2074 3552 2153 3598 est
2167 3545 2190 3595 ’ξ

608 3654 689 3709 Ad
719 3651 859 3723 quod
884 3646 1160 3703 verissime
1181 3642 1558 3714 respondetur,
1584 3641 1724 3693 unde
1746 3646 1831 3692 est
1849 3636 2036 3700 libera,
2066 3634 2192 3690 inde

612 3740 898 3798 mutabilis.
928 3737 1023 3791 Est
1052 3743 1233 3790 autent
1260 3742 1548 3787 cx‘natura
1584 3729 1773 3785 libera.
1802 3726 1899 3782 Est
1923 3726 2087 3798 igitur
2124 3740 2192 3781 ex

543 3808 547 3813 ⁸
611 3844 806 3887 natura
837 3824 1143 3884 mutabilis.
1708 3892 1719 3895 _

684 3921 791 3979 νιι.
825 3918 1025 3974 Deinde
1060 3916 1360 3987 quaeritur,
1397 3911 1536 3967 unde
1563 3906 1844 3964 movetur?
1888 3905 1984 3961 Cui
2016 3903 2194 3959 reddi.

613 4027 699 4071 tur
742 4033 755 4067 :
805 4027 836 4066 a
866 4026 925 4066 se
958 4011 1089 4079 ipsa,
1122 4006 1247 4079 quia
1275 4006 1445 4059 libera
1470 4013 1571 4057 est.
1602 4000 1791 4057 Potest
1810 3996 2058 4052 aliunde?
2086 3996 2192 4052 Po-

616 4116 741 4170 test,
799 4104 924 4175 quia
973 4116 1035 4154 ea
1087 4096 1259 4165 major
1286 4094 1579 4162 meliorque
1607 4091 1853 4145 voluntas
1896 4100 1999 4150 est,
2036 4088 2193 4157 qua?

615 4199 817 4253 moveri
850 4203 1040 4265 (totust.
1074 4191 1224 4258 Quae
1253 4198 1336 4243 est
1362 4185 1490 4240 illa?
1528 4184 1639 4238 Non
1671 4183 1795 4246 alia,
1845 4181 1948 4236 nisi
1984 4195 2195 4235 summa

614 4289 921 4355 divinaque,
970 4298 1117 4353 quae
1152 4295 1274 4333 eam
1320 4274 1526 4350 creavit
1584 4283 1642 4328 et
1694 4280 1891 4329 movet.
1942 4269 2222 4325 Potestne

618 4377 823 4435 moveri
869 4393 900 4430 ιι
946 4373 1084 4443 pari,
1123 4378 1216 4424 aut
1260 4366 1462 4423 minori
1494 4365 1557 4441 5?,
1581 4364 1698 4419 Non
1730 4371 1925 4435 potest.
1962 4360 2021 4419 Si
2050 4362 2195 4417 enim

2274 3179 2581 3244 concessit,
2604 3179 2827 3251 proprio
2857 3188 3040 3255 nostro
3070 3189 3204 3236 nutu
3231 3183 3654 3249 rationabiliter,
3684 3184 3875 3243 libere.

2293 3269 2591 3325 voluntarie
2614 3260 2797 3340 “posse
2837 3285 2935 3321 nos
2965 3284 3205 3341 movero.
3245 3268 3347 3336 Qui
3394 3283 3572 3328 motus
3601 3273 3733 3328 nulli
3763 3272 3880 3327 ani-

2290 3359 2529 3423 malium,
2558 3370 2774 3428 praeter
2802 3359 3097 3424 hominem,
3124 3374 3425 3416 concessus
3450 3362 3491 3393 ⁸⁵
3515 3372 3621 3417 cst.
3652 3362 3709 3418 Si
3736 3363 3878 3418 enini

2291 3449 2788 3519 praecipimnream
2813 3448 3037 3515 laudare
3058 3450 3455 3521 pulchritudine
3478 3452 3519 3484 “
3540 3462 3878 3518 naturarum,

2292 3556 2428 3609 quas
2478 3541 2595 3594 sine
2649 3539 2957 3595 rationabili
3012 3542 3308 3596 Voltlttlztlls
3350 3542 3601 3599 libertate
3653 3544 3881 3609 creavit,

2292 3642 2495 3703 quanto
2523 3634 2694 3703 magis
2719 3634 2786 3688 de
2817 3642 3002 3687 nostra
3047 3634 3369 3701 substantia,
3417 3636 3504 3690 cui
3549 3636 3658 3693 tale
3687 3653 3882 3693 munus
3913 3680 3921 3689 .

2292 3725 2532 3788 donavit,
2565 3734 2622 3779 ut
2647 3738 2746 3779 suo
2778 3725 2995 3796 proprio
3025 3733 3171 3780 metu
3200 3728 3467 3783 conditori
3498 3742 3598 3783 Suo
3617 3730 3882 3785 adhaero~

2293 3827 2397 3879 ret,
2428 3818 2707 3886 ipsumque
2730 3828 2934 3871 motum
2956 3818 3209 3873 cohibere
3229 3826 3431 3889 posset,
3456 3821 3502 3874 si
3527 3820 3707 3885 vellet,
3735 3836 3801 3876 ne
3815 3823 3883 3876 ab

2291 3924 2359 3963 eo
2390 3908 2698 3964 recederet!
2734 3908 2835 3975 Qui
2866 3909 3085 3978 quidem
3127 3918 3328 3975 motus,
3358 3911 3411 3967 si
3442 3906 3495 3967 in
3523 3914 3745 3984 propria
3771 3915 3875 3969 hu-

2296 4016 2486 4060 manae
2517 4000 2808 4057 voluntatis
2855 4010 3122 4071 potestate
3184 4018 3289 4057 non
3342 4002 3517 4069 fleret,
3561 4006 3687 4076 quis
3738 4015 3885 4062 recte

2293 4092 2477 4147 vivere
2512 4101 2714 4162 posset,
2738 4093 2862 4161 quis
2892 4093 3082 4147 deinde
3105 4104 3509 4164 peccaret,cum
3533 4097 3601 4152 ad
3636 4097 3774 4154 bene
3807 4099 3882 4153 vi—

2293 4180 2527 4235 vendum
2541 4198 2571 4234 ιι
2591 4181 2699 4235 Deo
2711 4182 2867 4236 datus
2879 4182 2968 4246 sit,
2984 4181 3294 4239 nullmnodo
3309 4183 3377 4239 ad
3398 4186 3538 4242 male
3564 4186 3877 4244 vivendum!

2370 4271 2499 4326 ιἰιι.
2542 4271 2678 4327 llinc
2724 4274 3302 4331 sanctum-audiamus
3333 4276 3695 4348 Augustinum
3725 4297 3738 4333 :
3774 4300 3794 4332 ι
3826 4280 3881 4336 Si

2301 4365 2461 4419 homo
2485 4364 2701 4435 aliquod
2746 4366 2943 4421 bonum
2967 4375 3130 4428 esset,
3160 4376 3217 4421 et
3243 4382 3348 4423 non
3387 4381 3592 4437 posset,
3624 4371 3728 4425 nisi
3760 4387 3883 4427 cum

612 4429 966 4535 ξιιῖιιέςήηοιί
1008 4429 1210 4524 movet,
1264 4458 1383 4529 plus
1408 4464 1513 4520 est,
1554 4429 1895 4524 quam-quod
1928 4461 2195 4526 movetur,
2225 4429 2275 4490 D
2307 4453 2485 4519 vellet,
2514 4429 2660 4511 recte
2689 4454 2891 4521 facere,
2935 4455 3121 4521 debuit
3161 4456 3361 4512 habere
3386 4456 3615 4513 liberam
3642 4459 3885 4514 volunta-

615 4553 1133 4623 nocessariomajora
1160 4546 1492 4604 minoribus"
1523 4546 1727 4602 moveri
1756 4559 1861 4605 non
1880 4545 2085 4599 sinunt.
2109 4542 2194 4598 Si-

618 4650 728 4705 mili
742 4626 959 4703 ratione
986 4642 1136 4713 paria
1173 4654 1278 4694 non
1311 4644 1540 4709 possunt
1571 4635 1723 4706 paria
1764 4649 2014 4699 movere;
2058 4632 2194 4688 alio-

616 4741 745 4813 quin
774 4752 881 4792 non
924 4740 1083 4791 erunt
1108 4731 1257 4803 paria
1284 4728 1624 4786 moventibus
1651 4734 1830 4791 nauta;
1873 4742 1938 4782 ac
1966 4739 2064 4797 per
2094 4726 2200 4781 hoc

623 4830 828 4888 fortiori
875 4827 898 4860 ε
929 4842 987 4881 se
1026 4839 1201 4898 causa
1245 4831 1530 4877 moventur
1574 4818 1746 4890 paria.
1802 4817 1992 4895 Restat
2019 4817 2194 4888 plane,

619 4933 908 4983 humanam
951 4920 1278 4974 voluntatum
1308 4922 1401 4966 aut
1449 4927 1479 4966 ιι
1520 4926 1577 4966 se
1604 4911 1720 4982 ipsa
1757 4910 1983 4980 moveri,
2010 4917 2105 4965 aut
2131 4910 2199 4965 ab

617 5033 704 5078 ea,
723 5028 859 5083 quae
888 5025 1008 5066 eam
1036 5004 1307 5062 condidit:
1322 5001 1485 5071 Quid,
1510 5017 1631 5057 cum
1652 5017 1681 5055 a
1710 5016 1768 5059 se
1788 5001 1903 5074 ipsa
1932 5010 2197 5065 movetur,

618 5114 866 5177 potestne
907 5110 963 5157 et
1017 5106 1164 5153 recte
1216 5106 1271 5152 et
1305 5107 1559 5177 perverse
1582 5094 1599 5124 ⁷
1630 5092 1871 5147 moveri?
1902 5089 2200 5160 Utrumque

619 5175 818 5270 potest,
852 5206 910 5250 ιιι
940 5192 1083 5256 velit,
1115 5188 1240 5260 quia
1270 5175 1502 5242 liberum
1554 5186 1717 5240 habet
1762 5194 1988 5238 motum.
2038 5182 2199 5251 Quid,

620 5293 666 5346 si
710 5290 777 5345 ab
803 5304 865 5344 ea
888 5294 1185 5347 moveatur,
1233 5296 1371 5351 quae
1415 5294 1537 5334 eam
1565 5277 1789 5342 creavit,
1843 5277 1965 5332 inde
1992 5285 2202 5331 rectum

2304 4557 2445 4610 teut,
2468 4546 2587 4599 sine
2625 4561 2732 4619 qua
2779 4555 2924 4601 recte
2961 4547 3141 4623 facere
3169 4563 3273 4604 non
3301 4559 3505 4620 posset.
3552 4549 3670 4605 Non
3712 4553 3883 4617 enim,

2299 4637 2425 4708 quia
2480 4651 2576 4706 per
2624 4635 2768 4692 illam
2817 4638 2977 4691 etiam
3010 4647 3285 4708 peccatur,
3316 4639 3517 4696 adhoc
3553 4656 3673 4696 eam
3717 4642 3885 4698 Deum

2301 4727 2515 4782 dedisse
2541 4726 2866 4784 credendum
2894 4737 2998 4785 est.
3040 4727 3186 4783 Sa'tis
3228 4743 3358 4797 ergo
3393 4746 3595 4789 causae
3639 4740 3744 4797 est,
3789 4749 3887 4788 cur

2302 4823 2417 4878 dari
2443 4823 2711 4887 debuerit,
2732 4822 2984 4893 quoniam
3010 4822 3128 4876 sine
3151 4822 3239 4877 illa
3265 4822 3426 4880 homo
3451 4826 3599 4881 recte
3620 4841 3726 4881 non
3765 4842 3888 4903 pos-

2300 4923 2383 4969 set
2410 4915 2612 4969 vivere.
2648 4914 2730 4968 Ad
2759 4914 2861 4968 hoc
2900 4923 3084 4967 autem
3132 4914 3310 4969 datam
3359 4915 3446 4970 vel
3501 4915 3629 4971 hinc
3648 4916 3883 4987 intelligi

2298 5013 2498 5076 potest,
2525 5004 2673 5073 quia,
2697 5004 2743 5057 si
2769 5002 2892 5072 quis
2912 5017 2975 5057 ea
3000 5017 3132 5057 usus
3151 5002 3311 5059 fuerit
3330 5005 3397 5061 ad
3418 5002 3776 5076 peccatitlum,
3801 5007 3886 5062 di-

2299 5094 2501 5150 vinitus
2532 5093 2584 5148 in
2613 5109 2736 5149 eum
2767 5090 3092 5155 vindicatur,
3138 5094 3280 5162 quod
3304 5109 3411 5149 non
3432 5096 3578 5164 iuste
3622 5096 3800 5163 ﬂeret,
3837 5100 3882 5153 si
3962 5118 3971 5125 ί

2303 5172 2410 5239 non
2436 5185 2627 5243 solum.
2660 5193 2721 5237 ut.
2746 5192 2893 5238 recte
2922 5186 3213 5248 viveretur,
3250 5184 3345 5238 sed
3368 5188 3553 5253 etiam,
3579 5188 3640 5240 ut
3685 5202 3883 5258 pecca-

2303 5284 2476 5341 retur,
2505 5274 2674 5329 libera
2722 5283 2867 5330 esset
2911 5273 3168 5357 voluntas
3214 5274 3360 5330 data.
3415 5274 3697 5342 Quomodo
3737 5279 3882 5335 enim
3962 5349 3965 5352 Q

1900 5388 2155 5447 VARIAE
2191 5387 2585 5447 LECTIUNES.

698 5501 714 5528 ι
755 5511 872 5549 cum
912 5507 1020 5547 om.
1058 5488 1200 5549 cod.,
1232 5457 1369 5541 add.
1405 5501 1473 5537 ex
1503 5481 1641 5549 conj.
1719 5483 1740 5511 ¹
1775 5482 1909 5536 Cod.
1941 5495 2236 5550 concessu».
2318 5479 2338 5550 Ξ
2376 5477 2468 5550 Sic
2493 5478 2641 5540 cod.,
2693 5476 2764 5532 Μ.
2797 5494 2966 5550 quae.
3037 5476 3060 5510 ⁸
3097 5476 3187 5534 Sic
3211 5480 3349 5541 cod.,
3389 5480 3629 5536 lauta
3658 5455 3877 5539 lninori.

630 5577 648 5597 -‘
690 5564 780 5622 Sic
823 5563 969 5628 md,
996 5558 1477 5631 nominoribus.

629 5636 970 5693 uoluntariae.
1044 5630 1089 5665 ’°
1106 5628 1240 5687 Cod.
1259 5628 1527 5683 muretus.

1550 5554 1571 5584 ‘
1610 5551 1700 5607 Sic
1722 5552 1870 5611 cod..
1895 5550 1965 5605 Μ.
1994 5549 2230 5620 fortiore.

1605 5625 1647 5657 “
1687 5620 1780 5679 Sic
1802 5620 1949 5688 cod,
1972 5618 2040 5676 Μ.
2066 5620 2290 5677 laudare
2310 5621 2374 5675 de
2395 5618 2813 5690 pulchritudine.

2308 5549 2329 5583 ⁷
2365 5546 2492 5604 Coit.
2519 5546 2820 5615 perversae;
2885 5550 2909 5581 ⁸
2945 5548 3037 5606 Sic
3058 5561 3203 5615 cum,
3239 5550 3312 5606 ill.
3333 5562 3381 5606 et
3412 5566 3619 5609 omnes.
3672 5551 3719 5583 "
3744 5553 3872 5609 Cod.
