4236 6072
359 214 463 274 389

1456 215 1656 274 LIBER
1697 206 1785 273 DE
1823 217 2530 307 PliAEDES"TlNIt'llONE.

3529 220 3638 280 390

360 311 498 404 iuste
528 335 894 392 vindicaretur
944 314 1000 392 in
1033 351 1196 403 eum,
1244 341 1334 408 qui
1363 339 1430 394 ad
1471 339 1614 394 hanc
1656 353 1770 396 rem
1814 353 1944 394 usus
1975 345 2017 400 Α
2053 340 2191 395 trina
2221 339 2467 397 sit—est
2491 342 2655 406 enim,
2681 355 2728 396 et
2752 344 2880 406 νυιι,
2909 353 2957 397 et
2985 343 3087 398 scit
3109 374 3172 383 ρ-
3195 343 3270 398 ita
3297 357 3350 398 et
3379 345 3507 400 illud
3540 348 3638 402 tri-

358 437 505 481 esset
539 423 832 494 voluntate,
855 427 924 483 ad
955 443 1118 499 quam
1154 443 1266 483 rem
1313 430 1436 485 data
1481 429 1599 484 est?
1629 427 1784 486 Nunc
1815 445 1942 484 vero

360 517 502 573 Deus
531 532 654 573 eum
682 528 996 589 peccantem
1021 519 1196 590 punit,
1246 521 1376 591 quid
1415 521 1560 576 aliud
1592 521 1684 577 tibi
1731 523 1942 578 videtur

356 607 564 672 dicere,
591 608 719 672 nisi,
741 624 840 664 cur
867 623 973 665 non
1005 609 1074 664 ad
1101 625 1222 665 eam
1254 625 1368 666 rem
1396 626 1527 666 usus
1549 628 1608 667 es
1642 611 1810 666 libera
1845 628 1938 666 vo-

356 693 588 759 luntate,
617 698 684 751 ad
717 713 877 767 quant
911 698 1004 753 tibi
1033 713 1153 754 eam
1197 699 1344 764 dedi,
1395 699 1498 755 hoc
1537 710 1644 766 est,
1679 701 1745 756 ad
1793 712 1941 758 recte

359 785 700 846 faciendum?
736 783 938 843 Deinde
962 787 1090 844 illud
1141 789 1366 855 bonum,
1389 805 1498 860 quo
1527 793 1940 848 commendatur

357 878 698 954 ipsajnstitia
727 879 1126 938 indnnmandis
1166 883 1427 952 peccatis,
1478 891 1732 954 recteque
1785 885 1940 942 laetis

356 968 710 1034 honor-audis,
737 972 1008 1039 quomodo
1039 981 1205 1037 esset,
1257 973 1302 1028 si
1343 974 1503 1030 homo
1527 985 1742 1032 careret
1768 975 1940 1031 libero

355 1061 648 1117 voluntatis
690 1060 957 1126 arbitrio?
991 1059 1107 1132 Non
1159 1062 1306 1121 enim
1335 1073 1430 1118 aut
1457 1075 1740 1134 peceatum
1768 1075 1936 1133 esset,

343 1146 444 1206 'aut
469 1164 614 1207 recte
645 1155 868 1216 laetum,
897 1151 1040 1221 quod
1070 1169 1176 1208 non
1207 1145 1362 1209 fieret
1397 1156 1704 1222 voluntate;
1737 1173 1800 1211 ac
1842 1172 1939 1227 per

351 1243 456 1297 hoc
475 1250 530 1296 et
555 1255 727 1312 poena
757 1241 955 1311 iniusta
985 1251 1151 1306 esset,
1172 1251 1226 1298 et
1245 1245 1568 1314 pracmimn,
1589 1245 1636 1300 si
1652 1245 1821 1302 homo
1848 1263 1938 1303 vo-

345 1333 612 1389 luntatem
640 1335 866 1390 liberam
910 1351 1014 1390 non
1046 1334 1291 1390 haberet.
1327 1335 1520 1392 Debuit
1567 1337 1584 1368 ¹
1611 1346 1666 1391 et
1723 1337 1776 1392 in
1813 1352 1936 1408 snp-

351 1423 512 1496 plicio
531 1431 589 1480 et
605 1423 658 1479 in
684 1424 928 1496 praemio
955 1439 1079 1482 esse
1097 1423 1335 1495 justitia,
1359 1425 1615 1495 quoniam
1641 1425 1744 1484 hoc
1770 1443 1934 1482 unum

343 1525 434 1572 est
455 1516 742 1586 bonorum,
773 1531 914 1586 quae
933 1527 1061 1572 sunt
1087 1534 1153 1572 ex
1184 1515 1317 1572 Deo.
1367 1516 1564 1572 Debuit
1591 1516 1754 1589 igitur
1793 1516 1936 1573 Deus

345 1602 484 1664 dare
510 1608 714 1664 homini
741 1608 968 1664 liberam
994 1607 1326 1664 voluntatem
1343 1620 1369 1649 ι
1400 1629 1443 1661 ι.
1463 1608 1518 1663 In
1538 1609 1734 1678 quibus
1756 1609 1936 1666 verbis

2046 444 2174 482 num
2199 429 2313 496 liat,
2345 431 2500 496 liber,
2551 445 2748 497 motus,
2773 433 3126 504 intelligens:
3173 445 3388 512 constat
3430 428 3632 503 tamen,

2044 529 2325 586 peccatum
2354 537 2533 586 omne,
2552 539 2860 594 poenasque
2887 525 3093 594 peccati
3119 541 3374 595 perverso
3397 528 3514 600 ejus
3536 545 3636 586 usu

2043 608 2578 679 originemﬂuxisse.
2609 622 2657 667 et
2686 609 2742 668 in
2793 615 2938 668 omni
2973 625 3258 684 peca-atore
3287 619 3352 674 ad
3384 619 3526 674 male
3554 621 3638 675 τί-

2045 684 2275 754 vendam
2306 700 2506 770 vigere.

2571 859 2966 920 CAPITULUM
3003 861 3092 917 ιχ.

2039 989 2118 1044 De
2151 993 2528 1068 nequedum/1
2553 995 2780 1068 proprie,
2813 997 3306 1068 sed_temporaliunt
3339 1016 3515 1054 rerum
3551 1003 3626 1056 si-

2110 1061 2882 1142 militudinemmedicumurde
2907 1066 3013 1122 Deo
3035 1061 3379 1138 pracscieult'a
3404 1080 3452 1124 et
3474 1086 3633 1142 prae-

2109 1133 2435 1188 Δεδιὶηαιὶοζ
3003 1162 3010 1170 ·

2107 1242 2148 1296 l.
2169 1243 2289 1299 Jam
2303 1260 2444 1301 nunc
2459 1255 2640 1302 textus
2652 1248 2965 1320 principalis
2976 1251 3310 1322 quaestionis
3324 1253 3516 1326 exigit,
3532 1269 3632 1310 nos

2038 1337 2402 1402 considerare,
2432 1348 2611 1394 utrum
2638 1342 2874 1411 proprie,
2899 1359 2968 1396 an
2998 1342 3220 1400 abusive
3256 1343 3311 1401 in
3339 1345 3512 1402 sacris
3541 1347 3632 1402 lit-

2039 1425 2171 1479 teris
2203 1437 2257 1480 ει
2285 1440 2510 1482 sanctae
2534 1426 2869 1500 Scripturae,
2895 1443 2951 1487 et
2969 1441 3282 1490 sanctorum
3309 1433 3528 1490 Patrum
3551 1438 3634 1490 di-

2037 1529 2194 1572 catur
2208 1518 2351 1573 Deus
2363 1521 2686 1590 praescisse,
2707 1509 2784 1577 vel
2800 1525 3250 1594 praedestinasse,
3278 1527 3393 1582 sive
3412 1544 3628 1585 omnem

2037 1609 2470 1679 universitatem,
2509 1629 2670 1683 quam
2724 1615 2841 1686 ipse
2889 1617 3131 1672 condidit
3174 1618 3624 1684 substantialiter,

347 1700 606 1756 debemus
652 1699 954 1764 intendere,
985 1715 1054 1756 ne
1084 1701 1208 1772 quis
1235 1701 1598 1758 substantiam
1641 1701 1936 1758 confundat
1966 1701 2011 1760 Β
2038 1703 2153 1757 sive
2181 1702 2440 1773 quidquid
2485 1706 2972 1763 administrationis
2999 1707 3216 1768 divinae
3255 1711 3628 1781 temporaliter
3655 1721 3666 1734 ·’

345 1804 403 1850 et
424 1804 650 1861 motum,
680 1794 908 1850 audiens
933 1793 1161 1852 liberam
1188 1793 1545 1877 voluntatem,
1575 1811 1717 1865 quae
1746 1797 1934 1866 procul

343 1881 508 1954 dubio
536 1882 910 1939 substantialis
957 1891 1062 1939 est.
1109 1882 1188 1938 Eo
1234 1883 1419 1958 itaque
1459 1882 1744 1940 locutionis
1775 1886 1935 1942 modo

343 1983 566 2030 sant-tus
595 1984 752 2045 pater
778 1976 1115 2045 Augustinus
1147 1990 1280 2031 usus
1311 1985 1420 2041 est,
1447 1976 1674 2031 dicendo
1705 1977 1932 2033 liberant

334 2061 672 2122 voluntatem
700 2082 802 2139 pro
837 2081 924 2134 eo,
955 2067 1098 2138 quod
1143 2078 1228 2123 est
1259 2067 1466 2125 liberae
1495 2067 1786 2126 voluntatis
1822 2069 1960 2127 mo;

299 2171 484 2225 ctum,
506 2162 620 2218 sive
649 2161 959 2228 arbitrium,
989 2176 1096 2234 quo
1125 2163 1361 2220 soleatus
1383 2163 1486 2226 uti,
1523 2162 1649 2217 dum
1679 2178 1778 2234 per
1803 2179 1932 2223 cau-

340 2271 430 2312 sas
450 2245 835 2316 substantiales
871 2269 1061 2310 earum
1102 2255 1474 2326 sigttilicutttus
1515 2254 1758 2310 eﬂ‘et-tns.
1791 2255 1931 2312 Iliae

339 2357 423 2402 est
453 2363 616 2407 verae
645 2349 871 2413 rationis
893 2347 1172 2413 circuitus,
1191 2364 1289 2420 pro
1313 2351 1476 2402 verae‘
1504 2347 1932 2406 ratiocinationis

335 2437 664 2498 circuitu—
683 2455 809 2495 vera
849 2439 1116 2511 siquidem
1147 2438 1286 2495 ratio
1319 2438 1746 2494 substantialiter
1765 2448 1848 2494 est
1873 2442 1928 2495 in

340 2529 584 2596 nomine,
601 2527 756 2600 cujus
776 2539 954 2586 motus
981 2530 1597 2586 ratiocinatio—manus
1623 2547 1722 2602 pro
1741 2547 1927 2603 opere,

335 2633 436 2691 pes
461 2634 576 2700 pro
625 2619 924 2684 ambulato,
966 2619 1144 2695 lingua
1173 2634 1273 2692 pro
1314 2620 1517 2686 verbis,
1547 2629 1836 2693 ceteraque
1874 2623 1926 2679 id

335 2726 529 2784 pnus.

405 2799 501 2859 IX.
550 2801 662 2860 Hoc
703 2819 854 2877 ergo,
889 2804 993 2862 nisi
1015 2803 1192 2872 fallor,
1222 2805 1467 2875 prolixae
1495 2805 1926 2864 ratiocinationis

337 2893 545 2954 ambitu
572 2895 880 2952 vco'ilecttnn
927 2902 1036 2964 est,
1067 2911 1264 2951 causas
1306 2897 1552 2955 omnium
1581 2905 1730 2954 recte
1758 2897 1926 2956 facto-

337 3003 482 3056 rum,
509 2988 708 3060 quibus
750 2983 1098 3046 atl'coronam
1133 2987 1317 3058 justae
1343 2987 1692 3046 beatitudinis
1725 3005 1920 3062 perve-

2033 1803 2257 1862 apparet
2285 1793 2338 1849 in
2367 1796 2475 1866 illa,
2507 1796 2562 1850 in
2607 1797 2693 1853 his
2719 1797 2988 1865 videlicet,
3020 1815 3162 1870 quae
3190 1804 3303 1872 ipse
3340 1800 3489 1870 facit,
3518 1799 3626 1860 non

2035 1900 2175 1954 quae
2205 1884 2323 1950 lieri
2342 1888 2492 1944 sinit.
2527 1887 2627 1944 Ubi
2655 1891 2830 1960 primo
2861 1892 3174 1960 notandum,
3205 1895 3464 1964 quoidam
3489 1897 3628 1952 nihil

2033 1975 2194 2046 digne
2219 1977 2288 2031 tie
2317 1977 2428 2032 Deo
2455 1977 2677 2045 dicitur,
2713 1980 2896 2036 omnia
2928 1997 3101 2051 paene
3131 1983 3150 2014 ³
3179 1984 3292 2040 sive
3317 1985 3623 2050 nominum,

2033 2063 2148 2119 sive
2169 2065 2480 2150 verborum,
2505 2067 2871 2146 aliarumque
2911 2073 3176 2133 orationis
3203 2076 3440 2145 partium
3469 2076 3624 2150 signa
3660 2077 3666 2084 ’

2033 2154 2251 2224 proprie
2277 2145 2347 2212 de
2373 2157 2486 2213 Deo
2508 2158 2614 2216 dici
2640 2175 2747 2214 non
2775 2177 2950 2231 posse.
2983 2163 3265 2231 Quomodo
3293 2167 3442 2222 enim
3471 2145 3628 2239 signa

2031 2245 2329 2313 scnsibilia,
2378 2249 2432 2304 id
2477 2259 2580 2315 εει,
2630 2252 2950 2322 corporibus
2977 2255 3328 2312 adhaerentia
3357 2269 3622 2314 remotam

2031 2337 2177 2394 illam
2222 2341 2369 2398 omni
2407 2357 2568 2398 sensu
2613 2359 2879 2415 corporeo
2923 2357 3173 2403 naturam
3235 2351 3306 2406 ad
3357 2343 3626 2423 liquidum

2028 2428 2338 2501 signiﬁcare
2387 2445 2622 2502 possent,
2666 2450 2805 2506 quae
2865 2437 2951 2492 vix
3007 2439 3389 2511 purgatissima
3443 2452 3626 2499 mente

2029 2523 2314 2595 attingitur
2338 2565 2354 2590 ,
2411 2540 2628 2584 omnem
2680 2530 3071 2586 transcendens
3118 2530 3488 2590 intellectum?
3529 2533 3623 2590 Eis

2032 2626 2210 2673 tanien
2265 2616 2438 2673 utitur
2485 2619 2757 2676 humanae
2803 2622 3234 2680 ratiocinationis
3280 2635 3401 2695 post
3431 2641 3624 2698 pecca-

2030 2712 2144 2762 tum
2195 2705 2357 2777 ptimi
2385 2707 2620 2768 hominis
2667 2709 2940 2768 laboriosa
2979 2722 3214 2782 egestas,
3266 2721 3325 2768 ut
3364 2717 3624 2784 quodam-
3663 2709 3676 2715 ’

2029 2793 2189 2851 modo
2211 2793 2466 2855 credatur
2489 2805 2546 2852 et
2569 2797 2832 2856 innuatur
2871 2798 3094 2871 copiosa
3125 2801 3424 2860 conditoris
3452 2806 3622 2863 subli-

2025 2886 2212 2943 mitas.
2259 2883 2504 2960 Amplius
2543 2891 2592 2946 si
2639 2892 2822 2951 omnia
2881 2908 3076 2960 vocum
3115 2894 3272 2967 signa
3323 2899 3619 2956 secundum

2023 2992 2279 3040 naturam
2334 2997 2444 3046 non
2497 2993 2650 3052 sunt,
2710 2985 2806 3042 sed
2848 3001 2918 3042 ex
2972 2988 3620 3060 complacitohominum

337 3079 507 3146 nitur,
529 3059 598 3136 in
619 3080 792 3136 libero
821 3081 1090 3136 humanae
1107 3079 1398 3136 voluntatis
1417 3065 1666 3149 arbitrio,
1692 3059 1921 3154 praepa-
1948 3059 1994 3120 (ἶ
2027 3075 2266 3142 inventa.
2290 3075 2422 3148 quid
2450 3075 2676 3144 mirum,
2705 3073 2753 3135 si
2781 3095 2888 3136 non
2915 3078 2984 3136 ad
3005 3059 3151 3135 illam
3179 3092 3450 3152 naturam,
3478 3099 3621 3156 quae

337 3183 494 3230 rante
549 3174 746 3246 ipsum,
787 3173 996 3246 ipsique
1047 3186 1376 3245 cooperante
1421 3174 1660 3245 gratuito
1709 3175 1925 3231 divinae

334 3266 546 3338 ¢ratiae
569 3265 957 3336 multiplicique
979 3267 1144 3334 dono,
1169 3266 1492 3324 constitutas
1513 3281 1665 3333 esse;
1694 3267 1920 3323 malefa-

337 3369 548 3412 ctorum
572 3372 721 3424 vero,
762 3359 956 3428 quibus
978 3359 1033 3413 in
1061 3358 1440 3414 contumeliam
1462 3356 1642 3431 justas
1669 3361 1922 3417 miseriae

339 3451 533 3516 ruitur,
556 3451 610 3506 iu
644 3465 900 3521 pervetso
929 3462 1078 3512 motu
1106 3452 1260 3508 liberi
1288 3453 1502 3508 arbitrii
1528 3453 1788 3510 suadente
1808 3455 1922 3510 dia-

335 3539 463 3598 bolo
485 3541 836 3612 principalem
867 3542 1102 3598 radicem
1127 3557 1250 3598 esse
1290 3543 1473 3598 lixam.
1520 3542 1734 3610 Quanta
1749 3543 1922 3618 igitur

335 3631 608 3689 dementia
633 3642 946 3700 esteorum,
995 3633 1089 3702 qui
1131 3633 1316 3688 talium
1349 3647 1543 3690 causas
1581 3633 1922 3698 inevitabiles

333 3707 711 3796 coactivasque
737 3725 1090 3793 necessitates
1124 3725 1176 3780 in
1203 3715 1704 3798 praedestinatione
1739 3729 1918 3794 divina

333 3815 624 3874 falsissime
672 3818 904 3890 lingunt,
940 3817 1404 3888 impudentissime
1457 3821 1769 3884 adstruunt,
1819 3835 1919 3892 po-

332 3919 556 3975 stremo,
590 3912 734 3982 quod
765 3911 918 3969 valde
945 3912 1276 3978 dolendum,
1297 3927 1359 3969 se
1401 3913 1546 3984 ipsos
1576 3917 1920 3970 consentien-

333 4008 521 4073 tesque
541 4002 643 4059 sibi
673 4003 741 4058 ad
757 4013 1046 4073 perpetuae
1075 4003 1268 4059 mortis
1293 4004 1571 4060 interitum
1601 4005 1797 4062 merito
1827 4021 1918 4060 er-

331 4093 476 4152 roris
493 4093 788 4152 detrudunt
805 4094 820 4148 l
836 4094 963 4149 Sive
985 4093 1168 4166 itaque
1198 4093 1322 4150 talis
1343 4094 1649 4173 dillerentia
1676 4096 1919 4153 invenia-

334 4197 421 4240 tur
443 4186 584 4242 inter
601 4183 829 4248 liberum
850 4185 1136 4241 arbitrium
1155 4185 1392 4246 hominis
1430 4197 1484 4243 et
1525 4187 1646 4256 ejus
1669 4189 1918 4246 substan-

332 4278 483 4340 tiam,
531 4277 605 4333 ita
637 4285 699 4335 nt
735 4287 928 4333 natura
966 4279 1020 4332 in
1048 4277 1323 4334 voluntate
1365 4279 1636 4346 rationali,
1684 4281 1915 4338 liberum

330 4386 464 4427 vero
474 4370 756 4430 arbitrium
784 4371 839 4426 in
857 4369 976 4441 ejus
997 4370 1069 4426 sit
1090 4369 1337 4426 libertate
1351 4372 1704 4428 constitutum
1723 4372 1772 4437 ιι,
1800 4373 1916 4428 sive

332 4461 384 4515 in
402 4474 547 4516 motu
575 4460 776 4519 liberae
794 4461 1118 4517 naturaliter
1139 4459 1448 4528 voluntatis,
1471 4461 1586 4516 sive
1606 4461 1659 4516 in
1690 4478 1913 4518 nmnere

331 4551 734 4623 intelligentiae,
769 4552 916 4622 quod
959 4550 1290 4606 omnibusin
1328 4554 1616 4606 commune
1651 4552 1910 4608 dentatum

328 4656 435 4710 est,
463 4648 601 4712 sive,
630 4655 691 4704 ut
739 4645 1071 4718 probabilius
1112 4644 1450 4707 aestimatur,
1509 4645 1642 4698 haec
1698 4645 1802 4699 tria
1858 4645 1911 4700 in

330 4753 494 4791 unum
517 4735 764 4800 collecta,
783 4733 834 4790 id
849 4743 950 4798 est,
975 4733 1146 4788 libet"
1166 4741 1344 4787 motus
1368 4733 1754 4804 intelligentiae
1780 4736 1911 4807 libo-

332 4816 752 4892 rutilarbitrinm
780 4824 1374 4892 intersecomponnnt,
1423 4837 1486 4878 ea
1521 4819 1772 4880 videlicet
1819 4840 1910 4879 ra-

332 4913 492 4976 tione.
523 4927 599 4980 nt,
626 4915 1083 4987 quemadmodum
1105 4914 1404 4969 substantia
1437 4915 1574 4985 ipsa,
1599 4915 1653 4988 in
1683 4933 1790 4988 qua
1803 4929 1908 4980 est,

2026 3166 2140 3222 sola
2168 3182 2297 3224 vero
2323 3167 2524 3236 dicitur
2545 3184 2690 3233 esse,
2727 3168 3000 3227 snlliciaut
3025 3173 3471 3243 exprimendam?

2091 3257 2156 3313 ll.
2203 3258 2432 3318 Proinde
2452 3260 2729 3332 signorum
2757 3262 3074 3329 vernalimn,
3103 3263 3302 3334 quibus
3345 3267 3616 3324 humanae

2025 3349 2322 3408 locutionis
2376 3353 2766 3409 consuetudine
2823 3353 2893 3409 ad
2949 3351 3364 3427 signiﬁcandum
3435 3355 3614 3429 ipsum

2022 3442 2193 3498 Deum
2223 3452 2318 3497 aut
2343 3442 2459 3516 ejus
2485 3443 3011 3500 administrationem
3070 3446 3122 3500 in
3172 3445 3425 3504 universa
3462 3463 3616 3508 στας

2027 3542 2145 3589 tura
2200 3536 2370 3590 utitur
2416 3534 2600 3590 divina
2650 3536 2995 3606 lmmanaqne
3031 3537 3320 3602 industria,
3347 3543 3640 3608 quaedam

2023 3636 2151 3682 sunt
2199 3627 2358 3698 quasi
2397 3627 2642 3698 propria,
2673 3643 2905 3697 quorum
2943 3629 3192 3700 exempla
3241 3640 3369 3686 sunt
3407 3633 3462 3688 in
3497 3649 3617 3690 ver-

2021 3716 2108 3773 bis
2136 3718 2355 3790 quidem
2385 3733 2526 3784 sunt,
2557 3733 2632 3780 es,
2677 3730 2817 3784 erat,
2849 3733 2990 3785 esse,
3042 3719 3094 3782 in
3144 3721 3454 3779 nominibus
3484 3739 3616 3781 vero

2019 3810 2278 3877 essentia,
2312 3810 2534 3876 veritas,
2559 3809 2752 3877 virtus,
2783 3811 3070 3882 sapientia,
3103 3813 3348 3879 scientia,
3373 3812 3616 3873 destina-

2022 3903 2098 3958 tio
2133 3915 2426 3974 ccteraque
2471 3901 2806 3972 hujusmotli,
2836 3919 2979 3975 quae
3005 3906 3264 3978 quoniam
3313 3907 3371 3964 in
3415 3919 3613 3968 natura

1991 4006 2204 4054 .nostra
2235 3995 2498 4067 quidquid
2542 3996 2780 4069 primum
2825 3997 3199 4069 optimumque
3253 4000 3344 4066 sit,
3393 4001 3612 4076 signiti-

2020 4098 2167 4155 cant,
2191 4088 2246 4146 id
2264 4097 2356 4145 est
2395 4088 2571 4160 ipsam
2601 4087 2984 4156 substantiam,
3016 4101 3073 4145 et
3095 4090 3212 4160 ejus
3242 4094 3468 4164 optima,
3493 4095 3615 4152 sine

2016 4181 2215 4252 quibus
2259 4181 2582 4237 inmortalis
2643 4195 2766 4238 esse
2819 4198 2928 4238 non
2978 4193 3176 4253 potest,
3221 4187 3524 4242 accidentia
3563 4186 3610 4256 ⁸,

2019 4287 2125 4327 non
2148 4275 2382 4330 absurde
2412 4274 2722 4331 referuntur
2757 4277 2826 4332 ad
2875 4291 3040 4330 urann
3067 4277 3440 4348 optimumque
3460 4279 3610 4350 priu-

2017 4363 2216 4433 ripiutn
2256 4367 2498 4421 omnium
2529 4365 2797 4422 bonorum
2826 4367 2972 4437 quod
3000 4376 3082 4424 est
3116 4368 3290 4436 Deus;
3339 4371 3610 4442 quaedam

2028 4471 2152 4510 vero
2179 4456 2378 4520 aliena,
2410 4458 2511 4514 hoc
2549 4467 2634 4514 est
2673 4457 2955 4526 translata,
2985 4474 3126 4529 quae
3169 4459 3342 4517 tribus
3390 4463 3609 4520 sedibus

2026 4550 2212 4604 venire
2241 4549 2448 4614 solent,
2487 4566 2516 4602 a
2549 4549 2904 4606 similitudine
2951 4550 3215 4617 videlicet,
3244 4565 3274 4606 a
3304 4553 3605 4617 contrario.

2020 4658 2049 4692 ει
2087 4638 2414 4696 ditlerentia.
2434 4639 2652 4697 Primae
2671 4641 2818 4697 sedis
2843 4645 3092 4714 exempla
3123 4653 3249 4698 sunt
3279 4643 3608 4701 :Bracln‘um
3659 4652 3666 4660 '

2018 4737 2250 4801 Dat-nni,
2278 4737 2362 4791 cui
2391 4736 2672 4792 revelatum
2701 4749 2774 4791 est
2809 4723 2903 4804 sc';
2931 4738 3060 4793 item
3090 4756 3102 4791 :
3136 4736 3330 4794 Manus
3367 4749 3490 4796 tuae
3527 4739 3608 4810 fs-

2018 4835 2198 4883 rerunt
2226 4825 2348 4880 me“
2365 4842 2384 4892 ,°
2414 4825 2701 4882 similiter:
2727 4826 2881 4882 Oculi
2905 4825 3122 4882 Βωπίκὶ
3141 4843 3301 4899 super
3327 4828 3524 4898 justas,
3553 4842 3603 4884 et
3657 4893 3661 4898 ,

2017 4936 2047 4972 n
2056 4937 2084 4971 ιι
2094 4934 2171 4973 ru
2187 4916 2302 4986 ejus
2324 4917 2377 4970 in
2397 4933 2428 4986 ρ
2438 4931 2573 4970 rens
2593 4931 2652 4970 eo
2659 4921 2772 4969 rum'
2793 4928 2838 4970 ε.
2855 4917 3214 4984 Quaemcrito
3226 4917 3400 4975 aliena
3413 4916 3600 4975 dicun-

1640 5034 1888 5090 VARIAE
1926 5031 2327 5090 LECTIONES.

399 5150 413 5181 '
439 5147 531 5205 Sie
557 5149 699 5204 cod.
735 5147 802 5202 Μ.
828 5149 1001 5201 debuit
1035 5164 1208 5201 autem
1239 5157 1292 5202 et
1317 5156 1424 5202 etc.

327 5227 382 5280 et
403 5218 473 5276 δι.
499 5218 819 5275 accedentia.
898 5223 918 5248 τ’
947 5218 1038 5274 δὶα
1064 5219 1213 5284 cui,
1243 5231 1317 5272 es:
1351 5232 1458 5272 om.
1487 5219 1557 5272 Μ.

1502 5149 1522 5179 ⁹
1547 5148 1636 5203 Sir
1657 5149 1802 5212 cod.,
1833 5149 1900 5203 Μ.
1931 5148 2083 5215 liber,
2106 5159 2280 5213 notus,
2303 5143 2666 5216 intelligentia.

2745 5147 2766 5176 ³
2803 5145 2935 5201 Cod.
2960 5163 3144 5216 poene.
3221 5147 3242 5180 ⁸
3265 5145 3446 5216 Curta,
3473 5149 3599 5207 cod.
3655 5140 3662 5146 ’

1865 5327 2116 5384 NOTAE.

393 5460 421 5492 ι
467 5449 756 5507 Augustin.
795 5447 1227 5502 deliberoslrlvit.
1254 5446 1319 5506 ll,
1357 5446 1401 5498 l.

395 5463 421 5492 ι
467 5463 550 5504 λιι
591 5463 756 5507 usun.
795 5463 1227 5502 aetrnum-twn.
1254 5463 1319 5506 ll,
1357 5463 1401 5498 ι.

395 5520 424 5561 δ
481 5463 630 5580 Talis
653 5517 954 5574 diﬂ‘ercnth
985 5518 1162 5571 minus
1203 5530 1324 5570 vera
1357 5531 1477 5570 esse
1515 5517 1740 5571 videtur.
1767 5513 1904 5570 Nam

327 5587 577 5644 voluntas
605 5589 885 5643 rationalis
909 5604 1094 5656 reapse
1137 5587 1302 5641 libera
1347 5599 1449 5650 est,
1500 5585 1724 5656 libertini
1777 5600 1902 5639 vero

329 5655 609 5714 arbitrium
637 5657 770 5715 nihil
801 5658 947 5713 aliud
975 5655 1077 5715 nisi
1104 5657 1226 5713 boni
1259 5657 1454 5712 malive
1475 5655 1703 5727 eligendi
1729 5656 1898 5710 lacul-

2019 5453 2120 5498 tas.
2158 5443 2240 5501 Cf.
2283 5446 2542 5500 Prudent.

2089 5527 2110 5552 θ
2159 5515 2280 5570 lsai.
2311 5516 2442 5578 ΜΗ,
2481 5519 2525 5567 l.

2085 5586 2114 5625 ά
2153 5584 2272 5639 Jul).
2310 5585 2376 5647 Χ,
2406 5588 2458 5641 8.
2539 5598 2552 5609 ”

2085 5668 2109 5694 ε
2151 5653 2348 5710 Psalm.
2385 5652 2620 5711 XXXIII.
2663 5649 2749 5706 16.
