4236 6072
546 243 642 300 391

1898 270 1906 278 -
1931 237 2211 300 JOANNlS
2248 242 2444 303 SCOTl

3700 253 3809 313 392

549 368 655 420 tur,
681 368 802 410 cum
825 350 1002 406 divina
1027 350 1329 405 substantia
1354 349 1548 406 talibus
1573 352 1934 422 corporalium
1961 369 2128 408 mem-
2160 362 2203 418 Α
2235 355 2547 412 Maledictus
2589 357 2758 413 cumis
2803 359 2892 430 qui
2939 361 3173 432 pependit
3223 364 3275 417 in
3320 361 3533 432 Iiguo‘.
3579 361 3694 421 Hoc
3739 366 3811 422 de

550 449 768 502 brorum
814 442 1124 498 omnimodo
1163 449 1349 495 careat
1373 439 1735 497 lineamentis.
1765 442 2127 500 Similitudine

470 558 473 561 ·
549 534 978 605 tamen-quadam
1006 534 1071 587 de
1093 547 1154 586 ea
1180 546 1286 586 non
1313 531 1607 602 incongrue
1634 533 2033 602 praedicantur.
2069 536 2126 589 In

546 626 782 683 brachiis
818 625 1018 694 quippe
1073 624 1216 678 vires
1259 637 1571 692 corporum,
1608 623 1660 677 in
1709 624 1956 678 manibus
1981 639 2128 695 .ope-

546 704 830 780 ralionem,
888 716 941 770 in
993 714 1166 769 oculis
1210 714 1429 777 visum’,
1483 715 1724 768 auditum
1787 717 1841 769 in
1903 718 2128 772 auribus

548 821 802 882 tanquam
825 807 877 862 in
900 806 1121 866 sedibus
1147 805 1258 859 suis
1283 815 1474 859 natura
1492 805 1924 876 ‘locavit.ltaque
1945 807 2125 861 divina

544 903 719 957 virtus
757 908 813 955 et
855 898 1120 968 operatio,
1153 896 1295 951 visio
1341 911 1557 966 quoque
1628 897 1746 968 ejus
1798 906 1854 952 et
1907 898 2128 970 largitas

545 989 1089 1064 aptissime-aedium
1145 987 1355 1042 illarum
1429 989 1739 1043 nominibus
1794 989 2121 1045 vocitantur.

549 1083 768 1138 Tertiae
795 1081 940 1136 sedis
987 1078 1232 1149 exetnplo
1262 1077 1414 1142 fiunt,
1444 1094 1582 1148 quae
1607 1079 1675 1133 ab
1705 1080 2007 1134 animorum
2035 1098 2129 1136 no-

546 1181 778 1230 strorum
836 1155 1330 1242 perturbationibus
1388 1178 1676 1223 sumuntur
1714 1169 1781 1224 ad
1821 1170 2128 1241 significan-

545 1265 668 1319 dam
700 1260 1189 1319 incommutabilem
1248 1260 1265 1290 ³
1313 1259 1690 1324 substantiam,
1734 1269 1795 1315 ut
1847 1272 1972 1317 sunt
2024 1263 2123 1323 ira,

548 1354 716 1420 furor,
735 1353 1048 1424 indignatio.
1075 1353 1255 1414 timor,
1275 1350 1516 1415 tristitia,
1541 1360 1853 1421 ceteraque,
1896 1367 2036 1422 quae.
2063 1353 2128 1406 de

546 1445 1031 1504 diﬂ‘erenliaeloco
1062 1445 1366 1506 trahuntur,
1401 1428 1629 1513 quorum
1659 1445 1800 1499 nulla
1834 1447 2128 1501 similitudo

546 1558 670 1597 cum
699 1540 879 1594 divina
904 1547 1094 1593 natura
1119 1537 1408 1601 invenitur,
1437 1537 1528 1592 sed
1557 1538 1665 1592 sola
1699 1538 2024 1592 necessitate
2054 1540 2127 1593 si-

546 1631 759 1706 gniﬁcat
769 1629 906 1686 iouis
920 1627 1282 1684 rcutotissimo
1303 1626 1574 1683 abusionis
1590 1629 1745 1683 modo
1759 1627 1928 1682 solent
1951 1637 2120 1684 trans-

549 1724 698 1779 ferri.
1219 1766 1224 1771 .

618 1813 718 1882 illa
739 1814 960 1868 Restant
980 1828 1063 1872 ea,
1090 1826 1229 1882 quae
1251 1810 1651 1866 contrarietatis
1674 1810 1794 1867 loco
1813 1821 2119 1866 sumuntur.

545 1906 750 1973 Quibus
779 1914 924 1960 tanta
947 1904 1027 1958 vis
1052 1905 1189 1958 inest
1220 1899 1586 1972 signiﬁcandi,
1615 1910 1671 1954 ut
1698 1901 1930 1970 quodam
1961 1902 2124 1972 priri-

547 1993 686 2065 legio
713 1993 1066 2048 excellentiae
1115 2007 1244 2047 suae
1286 1992 1540 2047 merith
1579 1990 1802 2046 Graecis
1843 1993 2125 2064 enthyme-

545 2094 688 2138 mata
760 2083 782 2117 π
829 2083 1113 2146 dicantur,
1156 2083 1268 2137 -boc
1311 2091 1434 2136 est.
1485 2082 1867 2150 concrptiones
1904 2083 2120 2139 mentis.

545 2175 804 2246 Quamvis
849 2176 993 2230 enim
1039 2191 1198 2230 omne
1225 2215 1237 2238 ,
1273 2175 1415 2244 quod
1463 2172 1937 2243 voce-profertur,
1974 2175 2124 2244 prius

547 2277 725 2324 mente
753 2267 1092 2336 concipiatur
1115 2306 1129 2329 ,
1172 2282 1277 2320 non
1332 2272 1511 2319 tamen
1555 2280 1739 2329 omne,
1766 2265 1912 2336 quod
1943 2273 2124 2320 mente

543 2358 865 2427 concipitur,
895 2356 1121 2411 eandem
1173 2356 1283 2411 vim
1336 2354 1768 2426 signiﬁcationis,
1795 2355 1923 2409 dum
1960 2354 2124 2411 sensi-

544 2450 643 2504 bus
675 2445 887 2502 fervore
913 2444 934 2475 ³
958 2443 1280 2506 infunditur,
1306 2444 1510 2499 habere
1558 2443 1789 2498 videtur.
1827 2443 2126 2516 Sicutergo

546 2547 983 2610 argumentorum
1013 2534 1255 2590 omnium
1289 2532 1649 2589 fortissimum
1677 2543 1760 2588 est
1801 2533 1949 2599 illud,
1983 2535 2125 2604 quod

545 2630 828 2696 sumitura
850 2627 1144 2690 contrario,
1171 2626 1241 2679 ita
1271 2625 1513 2680 omnium
1545 2623 1826 2694 signormn
1856 2624 2123 2679 vocalium

506 2766 513 2773 .
544 2720 885 2791 aptissimum
906 2729 1008 2782 est,
1033 2717 1178 2786 quod
1201 2716 1414 2770 ducitur
1437 2715 1506 2769 ab
1534 2715 1721 2777 eodem
1757 2716 2122 2800 contrarian-

547 2815 614 2868 tis
645 2812 782 2867 loco.
811 2809 1050 2878 Quorum
1087 2806 1354 2878 quaedam
1385 2805 1634 2861 absolute
1663 2806 1934 2871 dicuntur,
1962 2818 2123 2876 quae-

545 2905 667 2958 dam
699 2899 1001 2971 conjuncte.
1025 2897 1407 2952 Absolutorum
1431 2895 1611 2950 forma
1633 2905 1714 2951 est
1741 2913 1754 2950 :
1785 2896 2014 2958 Ret-dam
2038 2914 2125 2951 sa-

544 2994 793 3064 pientiora
827 2991 1144 3061 sapientum.
1172 3000 1216 3043 rt
1235 2988 1905 3057 prudentiainprudentum
1947 3005 2123 3060 repro-

547 3058 677 3140 tzabo
705 3097 753 3138 ι.
782 3058 935 3151 Quod
980 3091 1126 3138 recte
1177 3079 1492 3152 intelligitur
1534 3096 1566 3136 a
1613 3082 1924 3145 contrario,
1965 3058 2030 3137 ac
2078 3084 2123 3137 si
2153 3058 2196 3119 Ο

545 3186 731 3248 aperte
773 3176 976 3231 diceret
1020 3193 1031 3227 :
1080 3173 1307 3229 Perdam
1340 3172 1703 3244 insipientiam
1757 3173 2120 3242 insipientum,

549 3268 966 3341 imprmleutiam
996 3267 1392 3338 imprudentum
1414 3265 1733 3336 reprobabo.
1763 3265 1915 3333 Quod
1940 3275 2127 3336 aperte

548 3361 864 3432 intelligitur
905 3377 968 3415 ex
1025 3359 1201 3413 verbis
1243 3357 1482 3429 Apostoli
1531 3357 1762 3413 dicentis
1802 3371 1817 3410 :
1852 3355 2126 3428 Sapientia

546 3455 706 3524 hujus
737 3451 917 3505 mundi
939 3449 1158 3504 stultitia
1185 3461 1257 3504 est
1287 3449 1428 3522 apud
1452 3446 1619 3503 Deum
1649 3447 1697 3500 δ.
1732 3444 1788 3502 Si
1832 3449 1977 3502 enim
2007 3463 2126 3515 om-

549 3545 633 3600 nis
665 3542 927 3613 sapientia
951 3555 979 3593 a
1009 3540 1234 3594 Domino
1267 3540 1374 3594 Deo
1417 3547 1522 3606 est,
1553 3554 1657 3609 qua
1694 3538 1901 3594 ratione
1931 3538 2129 3593 intelli-

549 3645 706 3707 getur
743 3635 884 3690 Deus
914 3633 1212 3695 destruere,
1242 3631 1386 3700 quod
1409 3631 1478 3685 ab
1508 3645 1573 3686 eo
1608 3628 1730 3685 est?
1763 3629 1917 3697 Quod
1943 3638 2126 3683 autem

547 3729 614 3782 de
642 3725 906 3796 sapientia
936 3725 1196 3785 creditur,
1231 3723 1297 3776 de
1325 3721 1604 3791 prudentia
1624 3719 1876 3776 similiter
1902 3721 2128 3775 creden-
2157 3721 2173 3733 ‘

545 3819 696 3875 dum.
732 3817 944 3872 Nullam
979 3815 1176 3887 quippe
1202 3817 1454 3870 virtutem
1486 3814 1540 3869 iu
1582 3813 1796 3868 homine
1826 3811 1968 3870 Deus
1999 3829 2125 3884 per-

547 3911 643 3975 dit,
692 3909 846 3980 cujus
873 3909 1077 3964 formae
1105 3907 1437 3964 absolutivae
1479 3906 1783 3978 exemplum
1817 3923 1920 3961 non
1969 3906 2127 3962 facile

502 4057 504 4060 ,
546 4005 614 4060 de
647 4003 755 4058 Deo
784 4001 1010 4057 inveniri
1042 4009 1233 4070 potest.

618 4092 704 4148 IV.
746 4091 854 4148 Nec
893 4092 1115 4155 mirum,
1169 4106 1290 4146 cum
1334 4087 1466 4149 nihil
1511 4091 1621 4145 Deo
1668 4091 2000 4146 contrarium
2032 4091 2122 4156 sit,

541 4183 651 4243 nisi
675 4197 779 4238 non
803 4196 945 4248 esse,
972 4180 1226 4250 quoniam
1250 4181 1362 4251 ipse
1381 4179 1530 4237 solus
1550 4191 1657 4246 est,
1685 4179 1775 4250 qui
1803 4179 1941 4236 dixit
1965 4197 1978 4234 ε
2012 4178 2125 4252 Ego

544 4293 663 4332 sum
681 4276 772 4348 qui
802 4289 918 4330 um
950 4285 998 4340 ε,
1026 4283 1202 4329 cetera
1230 4288 1378 4338 vero,
1415 4287 1553 4342 quae
1582 4274 1834 4327 dicuntur
1855 4287 1994 4338 esse,
2027 4286 2125 4328 nec

546 4367 766 4423 omnino
789 4376 935 4430 sunt,
965 4365 1088 4435 quia
1122 4379 1228 4420 non
1254 4371 1400 4428 sunt,
1434 4363 1576 4432 quod
1600 4363 1714 4432 ipse
1740 4372 1843 4438 est,
1876 4377 1976 4418 nec
2003 4378 2124 4417 om-

545 4459 677 4515 nino
705 4472 811 4513 non
837 4465 984 4516 sunt,
1012 4457 1137 4526 quia
1168 4456 1236 4511 ab
1265 4456 1381 4527 ipso
1407 4465 1552 4518 sunt,
1588 4455 1683 4524 qui
1707 4435 1854 4511 solus
1881 4464 2120 4510 estesse.
2151 4435 2202 4497 ι)

547 4548 660 4607 Nisi
689 4548 827 4604 forte
847 4549 1107 4611 dicamus,
1135 4563 1221 4612 ea,
1251 4561 1394 4617 quae
1421 4544 1488 4602 de
1516 4546 1746 4602 Domino
1782 4555 1971 4602 nostro
1992 4546 2122 4604 Jesu

545 4641 764 4697 Christo
803 4639 942 4694 dicta
971 4646 1096 4693 sunt
1122 4638 1413 4692 secundum
1446 4635 1800 4693 humanitatis
1831 4652 1963 4692 suae
1999 4625 2130 4709 pro-'

547 4733 831 4804 prietatem
859 4772 874 4796 ,
917 4733 982 4786 de
1040 4729 1318 4786 divinitate
1365 4728 1617 4786 similiter
1656 4729 1774 4800 ejus
1819 4729 1922 4786 dici
1965 4746 2125 4802 posse

547 4833 771 4894 propter
793 4823 950 4876 unius
970 4836 1233 4894 personae
1257 4821 1311 4876 in
1333 4821 1541 4877 duabus
1562 4821 1879 4881 substantiis
1906 4823 2122 4893 insepa-

550 4900 779 4968 rabilem
807 4911 1089 4968 unitatem.
1121 4911 1179 4966 Si
1221 4918 1405 4966 autem
1450 4910 1580 4966 illud
1607 4927 1714 4967 non
1750 4911 1978 4969 absurde
2002 4929 2126 4969 (ιι-ος

551 5005 698 5060 ditur
738 5003 873 5068 ﬁeri,
913 5003 1202 5066 videamus,
1250 5006 1392 5074 quod
1427 5003 1691 5076 scriptum
1735 5011 1821 5060 est
1858 5003 1914 5058 iu
1961 5003 2117 5076 lege:

2227 447 2443 504 Christo
2472 450 2658 518 procul
2684 450 2846 505 dubio
2873 453 3073 506 dictum
3103 455 3326 522 est°,qtti
3354 465 3427 509 est
3453 471 3607 525 super
3631 456 3811 512 omnia

2235 538 2531 594 benedictus
2558 540 2612 594 in
2641 540 2816 595 secula
2884 540 2923 594 ί.
2971 540 3078 597 Nos
3107 543 3275 606 enim,
3321 545 3411 614 qui
3441 545 3493 598 in
3528 545 3686 615 primi
3713 545 3810 600 ho-

2229 630 2388 685 minis
2413 641 2635 700 peccato
2661 633 2852 687 mortis
2875 642 2927 687 et
2958 632 3233 688 servitutis
3259 636 3556 691 meruimus
3584 637 3808 708 maledi-

2229 719 2480 785 ctiOnem,
2518 723 2569 776 in
2614 725 2832 778 secundi
2866 723 3329 793 hominisjustitia
3375 727 3519 783 vitae
3547 737 3602 782 et
3642 729 3808 782 liber-

2230 810 2356 865 tatis
2383 813 2692 882 accepimus'
2715 813 3163 868 benedictionem.
3195 814 3328 869 Nam
3369 818 3512 885 quod
3557 817 3810 886 pendenti

2227 901 2444 955 Christo
2477 901 2530 956 in
2567 918 2730 958 cruce
2763 902 2948 957 Judaei
2982 905 3394 967 maledixeruut,
3433 907 3554 974 plus
3583 909 3805 962 benedi-

2227 993 2422 1047 ctionis
2455 992 2729 1058 insinuat,
2776 1011 2938 1064 quam
2987 995 3400 1051 maledictiouis.
3450 997 3596 1052 llaec
3647 998 3810 1069 igitur

2229 1082 2401 1138 lorrna
2441 1083 2730 1140 locutionis
2766 1085 3011 1141 absolute
3052 1087 3460 1141 contrarietatis
3497 1087 3623 1142 loco
3651 1088 3810 1144 dedu-

2227 1185 2310 1228 cta
2352 1185 2455 1239 est,
2498 1189 2605 1244 quo
2639 1174 2802 1229 etiam
2831 1176 3118 1244 Apostolus
3163 1178 3430 1247 sumpsit,
3483 1179 3627 1256 quod
3673 1179 3748 1232 ait
3790 1195 3805 1230 :

2229 1265 2388 1331 Eum,
2421 1267 2510 1335 qui
2539 1282 2641 1320 non
2668 1277 2876 1320 noverat
2908 1267 2929 1297 ⁸
2957 1277 3244 1338 peccatum,
3283 1285 3377 1337 pro
3425 1270 3571 1324 nobis
3625 1285 3808 1340 pecca—

2228 1364 2335 1408 tum
2369 1356 2490 1424 fecit
2515 1354 2569 1408 τ.
2606 1356 2736 1423 Quis
2762 1356 2904 1411 enim
2936 1357 3166 1423 dubitat,
3194 1358 3424 1413 hostiam
3447 1368 3500 1415 et
3526 1371 3809 1430 peccatum

2230 1443 2371 1498 inter
2397 1458 2456 1498 se
2476 1457 2596 1499 esse
2623 1445 2916 1509 contraria,
2944 1461 3072 1500 cum
3099 1447 3273 1502 hostia
3299 1449 3434 1504 nihil
3461 1459 3676 1520 agatur,
3704 1450 3808 1504 nisi

2228 1545 2284 1588 ut
2309 1547 2586 1604 peccatum
2617 1536 2878 1590 deleatur.
2918 1537 3168 1594 Christus
3207 1540 3382 1595 hosﬁa
3414 1541 3685 1613 generalis
3728 1557 3786 1598 es

2227 1643 2323 1698 pro
2347 1639 2569 1698 peccato
2615 1628 2782 1682 totius
2825 1629 3027 1682 mundi.
3061 1627 3228 1686 Recte
3269 1631 3433 1702 igitur
3469 1647 3501 1687 e
3529 1633 3766 1688 contrari

2157 1709 2199 1767 Β
2226 1734 2323 1789 per
2353 1729 2634 1789 peccatum
2664 1720 3020 1791 signiﬁcatur.

2303 1812 2361 1868 V.
2406 1811 2608 1868 Deinde
2631 1812 2904 1881 conjuncti
2925 1815 3183 1868 contrarii
3211 1814 3615 1872 consideremus
3629 1832 3808 1873 exem-

2224 1902 2334 1973 pla.
2389 1902 2539 1970 Quae
2587 1903 2804 1973 quidem
2859 1905 3143 1974 conjuncta
3190 1915 3478 1976 propterea
3534 1909 3808 1972 dicuntur,

2225 1994 2368 2065 quod
2397 1995 2606 2049 duobus
2637 1994 2768 2049 locis
2799 1996 3509 2061 conveniant,similitudini
3540 1998 3808 2062 videlicet,

2225 2095 2387 2154 atque
2434 2086 2827 2139 contrarietati.
2870 2086 3075 2141 Partim
3124 2087 3321 2157 quippe
3363 2089 3555 2145 eadem
3591 2091 3808 2147 nomina

2224 2189 2319 2232 seu
2344 2176 2507 2232 verba
2539 2176 2910 2241 similitudine,
2941 2178 3138 2247 partim
3171 2189 3462 2234 sumuntur
3507 2184 3810 2238 contrarie-

2226 2275 2356 2334 tate,
2391 2283 2618 2336 quorum
2650 2279 2931 2340 pragmata
2954 2278 3076 2324 sum
3102 2267 3457 2341 praescient‘ia
3499 2284 3554 2327 et
3585 2276 3810 2345 praede-

2225 2359 2467 2424 stinatio,
2505 2360 2722 2429 quando
2750 2362 2815 2414 de
2864 2362 2973 2416 Dea
3013 2365 3414 2433 praedicantur.
3464 2367 3530 2422 Et
3575 2370 3808 2438 primum

2224 2449 2441 2520 quidem
2469 2451 2944 2513 considerandum,
2979 2453 3110 2506 haec
3140 2464 3196 2508 et
3220 2453 3525 2523 bujusmodi
3577 2471 3672 2511 seu
3708 2475 3806 2512 uo-

2225 2540 2403 2604 mina,
2457 2555 2552 2596 seu
2592 2541 2756 2594 verba
2801 2541 2868 2596 de
2918 2540 3028 2596 Deo
3079 2544 3296 2614 proprie
3344 2545 3646 2614 praedicari
3701 2562 3805 2601 non

2223 2643 2401 2699 posse.
2449 2627 2565 2696 Qua
2605 2631 2750 2684 enim
2798 2631 3008 2685 ratione
3052 2631 3326 2686 diceretur
3361 2632 3500 2688 Deus
3534 2635 3809 2704 praescire-

2225 2722 2426 2792 aliquid
2457 2722 2841 2793 praescientia,
2879 2723 2961 2776 vel
2995 2721 3402 2794 praedestinare
3443 2727 3809 2796 praedestina-

2225 2813 2390 2877 tione,
2421 2812 2506 2867 cui
2557 2813 2688 2867 nihil
2727 2812 2986 2876 futurum,
3027 2813 3152 2882 quia
3199 2816 3331 2870 nihil
3359 2825 3628 2887 expet-tat,
3675 2817 3809 2872 nihil
3842 2887 3854 2891 _

2224 2901 2598 2973 praeteritum,
2632 2903 2755 2971 quia
2779 2895 2925 2956 nihil
2950 2904 3000 2957 ei
3040 2914 3294 2958 transeat.
3330 2906 3387 2959 lu
3416 2921 3482 2960 eo
3501 2907 3646 2960 enim
3669 2908 3810 2960 sicut

2227 2990 2370 3046 nulla
2393 2989 2633 3046 locorum
2662 2992 2832 3061 spatia
2865 3000 3010 3055 sunt,
3041 2991 3110 3046 ita
3149 2993 3290 3048 nulla
3319 3003 3618 3064 temporum
3644 2994 3807 3050 inter-

2229 3083 2383 3137 valla.
2422 3083 2617 3153 Acper
2641 3086 2742 3138 hoc
2765 3083 2908 3137 nulla
2933 3093 3074 3138 recta
3107 3085 3244 3139 ratio
3273 3087 3555 3154 permittit,
3591 3085 3718 3140 talia
3744 3087 3810 3140 de

2230 3174 2338 3229 Deo
2387 3171 2510 3240 jure
2568 3174 2918 3245 prapriotatis
2982 3174 3228 3246 intell;gi.
3282 3175 3562 3242 Quomodo
3611 3178 3809 3248 quippe

2228 3265 2580 3336 praescientia
2609 3267 2727 3335 ‘ejus
2746 3265 2963 3331 dicitur,
2993 3267 3081 3322 cui
3107 3268 3249 3321 nulla
3265 3268 3443 3322 futura
3471 3269 3633 3324 Sunt?
3658 3269 3810 3324 Sicut

2227 3358 2370 3414 enim
2403 3356 2547 3410 nulla
2589 3357 2706 3426 ejus
2746 3355 3006 3410 memoria
3047 3357 3264 3426 pr0prie
3292 3357 3510 3423 dicitur,
3555 3357 3639 3412 cui
3674 3355 3809 3411 nihl
3881 3420 3892 3430 ,-

2226 3458 2311 3504 cst
2337 3448 2711 3518 praeteritum,
2742 3448 2811 3501 ita
2842 3446 2985 3500 nulla
3020 3448 3403 3516 praescientia,
3439 3449 3566 3518 quia
3597 3446 3801 3507 nullum

2205 3538 2488 3600 laturum.
2528 3538 2594 3591 Et
2623 3547 2800 3591 tamen
2830 3537 3066 3592 dicitur:
3101 3537 3168 3592 1η
3192 3540 3444 3592 memoria
3470 3550 3680 3592 aeterna
3708 3537 3810 3593 erit

2220 3631 2398 3702 justus
2429 3633 2472 3682 ε.
2505 3627 2702 3684 Eodem
2735 3645 2967 3700 namque
2995 3631 3154 3686 modo
3177 3630 3316 3706 Deus
3345 3631 3492 3693 vidit,
3519 3630 3807 3700 praevidit,

2229 3721 2408 3785 scivit,
2446 3720 2736 3790 praescivit
2757 3722 2936 3776 otuuia
2961 3719 3224 3784 facienda,
3254 3722 3568 3792 priusquam
3597 3719 3810 3789 ﬁerent,

2231 3833 2337 3887 quo
2369 3816 2511 3870 ridet
2542 3823 2594 3870 et
2625 3816 2728 3870 scit
2750 3804 2979 3880 Icadem,
3021 3823 3308 3885 postquam
3334 3815 3641 3874 factasunt.
3672 3829 3814 3884 quo-

2229 3909 2396 3972 niam,
2427 3907 2564 3961 sicut
2593 3907 2705 3976 ipse
2729 3921 2944 3977 semper
2967 3917 3220 3961 aeternus
3241 3916 3343 3969 est,
3362 3905 3433 3960 ita
3465 3905 3810 3977 universitas,

2227 4014 2388 4069 quam
2415 3995 2565 4062 fecit,
2595 4012 2810 4067 semper
2843 3999 2893 4050 iu
2929 3997 3046 4066 ipso
3075 4007 3296 4051 aeterna
3330 4005 3431 4052 est.

2308 4089 2386 4146 γι.
2425 4089 2503 4143 De
2527 4088 3018 4159 praedestinatione
3049 4102 3262 4156 quoque
3288 4085 3405 4154 ejus
3446 4088 3634 4142 eadem
3681 4102 3810 4142 scn-

2231 4182 2409 4236 tienda
2449 4187 2594 4244 sunt,
2647 4179 2960 4249 praesertim
3005 4193 3129 4232 cum
3171 4179 3348 4232 omnis
3393 4179 3811 4248 praedestinatio

2229 4256 2702 4342 praescieutiasit.
2735 4267 2851 4334 Quo
2873 4267 2996 4336 jure
3026 4277 3200 4340 potest
3226 4268 3332 4322 dici
3367 4269 3808 4338 praedestinatio,

2231 4365 2284 4420 id
2305 4373 2408 4429 est,
2435 4363 2778 4434 praeparatio
2825 4363 2876 4416 in
2911 4378 2997 4427 eo,
3039 4363 3131 4432 qui
3163 4362 3308 4417 nullo
3336 4363 3596 4434 temporis
3638 4362 3809 4416 inter~

2231 4455 2366 4510 vallo
2399 4455 2698 4526 praecessit
2741 4454 2787 4518 ⁸,
2815 4469 2923 4525 quo
2947 4455 3260 4524 disponeret
3287 4469 3374 4519 ea,
3403 4471 3545 4524 quae
3568 4454 3811 4510 facturus

2227 4547 2411 4620 esset?
2438 4545 2592 4615 cujus
2615 4545 2982 4616 operationem
3005 4561 3112 4606 non
3143 4547 3419 4616 praecedit
3444 4548 3808 4616 praeparatio.

2225 4640 2344 4696 Non
2365 4642 2507 4695 enim
2531 4639 2676 4693 aliud
2712 4641 2761 4693 ei
2791 4649 2875 4694 est
2919 4653 3245 4709 praeparare
3274 4649 3330 4696 et
3367 4641 3615 4710 operari;
3648 4651 3812 4710 utque

2226 4731 2503 4801 proprium
2533 4730 2765 4786 hominis
2789 4740 2874 4786 est
2895 4746 3243 4802 praeparare,
3274 4747 3414 4800 quae
3435 4730 3699 4796 facturus,
3736 4732 3810 4787 ita

2227 4821 2338 4877 Deo
2368 4821 2604 4875 alienum
2634 4831 2740 4886 est,
2768 4823 3197 4890 praedestinare,
3234 4836 3375 4891 quae
3399 4838 3697 4893 nunquam
3728 4821 3809 4876 l'a-

2230 4919 2438 4968 cturus.
2469 4913 2748 4980 Quomodo
2775 4923 2955 4968 autem
2989 4913 3238 4969 facturus
3281 4924 3428 4974 esset
3459 4915 3686 4984 aliquid,
3715 4915 3811 4984 qui

2229 5005 2408 5064 omnia
2437 5005 2463 5034 ⁶
2484 5005 2650 5060 semel
2681 5014 2736 5060 et
2759 5006 2922 5059 simul
2951 5004 3110 5059 fecit?
3137 5007 3242 5060 Aut
3264 5007 3535 5075 quomodo
3559 5021 3665 5060 non
3693 5023 3812 5061 omo

1117 5183 1122 5188 ρ
1825 5114 2081 5170 unus
2115 5114 2517 5175 LECTIONES.
2911 5175 2914 5178 ,

626 5206 651 5280 ᾗ
683 5205 812 5280 Cod.
849 5206 1338 5262 incommutabilem.
1397 5206 1584 5280 :Cod.
1613 5209 1964 5263 cntimemata.
2040 5207 2061 5238 ³
2094 5207 2185 5262 Sic
2213 5207 2283 5261 Μ.
2315 5210 2436 5266 cod.
2471 5209 2701 5280 feruore.
2783 5211 2803 5242 ⁵
2832 5210 2963 5266 Cod.
2987 5229 3052 5267 no
3089 5230 3149 5264 ne
3185 5229 3265 5266 ra.
3364 5211 3388 5245 ³
3410 5211 3542 5269 Cod.
3606 5215 3808 5269 recesit.

555 5281 574 5308 ‘
597 5275 688 5332 Sic
715 5279 860 5340 eod.,
906 5292 1004 5348 pro
1040 5279 1131 5350 qui
1161 5280 1357 5341 omnia,
1397 5276 1465 5331 M.
1489 5287 1754 5350 quoniam.

2067 5366 2318 5426 NOTAE.

625 5478 651 5503 ι
688 5462 708 5516 1
736 5462 862 5517 Cor.
893 5461 931 5519 l.
961 5461 1045 5517 l9.

631 5535 657 5575 δ
691 5534 713 5587 l
740 5533 863 5587 Cor.
893 5533 984 5597 Ill,
1002 5533 1085 5588 l9.

626 5614 648 5642 ε
695 5604 864 5660 Exod.
905 5604 1098 5666 1H,“.

625 5675 652 5713 ο
693 5675 905 5730 Deuter.
941 5675 1079 5730 XXI.
1112 5675 1197 5728 9.3.

2306 5475 2325 5496 ε
2348 5462 2466 5518 Gal.
2488 5461 2576 5526 lll,
2598 5459 2682 5524 l3,
2710 5459 2762 5513 ι.

2316 5535 2333 5574 ί
2366 5534 2523 5587 Rom.
2564 5531 2656 5592 lX,
2691 5534 2745 5584 9.

2312 5606 2337 5646 ⁸
2368 5604 2408 5658 ll
2429 5603 2555 5658 Cor.
2589 5601 2649 5660 γ.
2674 5600 2763 5655 21.

2307 5673 2337 5713 θ’
2365 5673 2565 5730 Psahn.
2596 5667 2735 5733 CXI.
2770 5675 2819 5728 7.
