4236 6072
407 377 414 383 .
477 286 599 393 δεξί’

1585 341 1782 398 mea
1827 342 1919 398 DE
1953 307 2695 408 rnaeoesrmsrioss.‘

3647 350 3753 412 39‘

478 449 567 505 nia
583 448 733 515 fecit,
764 465 854 520 qui
884 454 1292 523 seniperomnia
1313 454 1536 513 habuit?
1558 458 1650 527 qui
1673 473 2058 529 seinpersuum
2088 464 2291 522 Anem
2336 472 2392 517 et
2434 464 2744 535 huiusmodi
2791 468 3107 525 translative
3149 470 3215 525 de
3272 469 3382 545 Deo
3426 469 3785 541 praedicari,‘

480 540 705 593 verbum
731 539 987 596 habuisse
1011 543 1274 608 creditur,
1313 561 1411 615 per
1450 551 1592 616 quod
1622 547 1760 603 facta
1793 559 1917 604 sunt
1947 564 2064 605 om—

477 630 592 695 nia,
617 639 670 684 et
702 628 756 687 in
795 647 909 702 quo
949 619 1472 705 incommutabilitcr
1502 640 1688 694 vivunt
1714 641 1920 707 omnia,
1952 656 2057 696 non

476 717 652 774 solum
678 735 820 790 quae
856 722 1099 789 fuerunt,
1120 712 1221 784 sed
1243 728 1407 782 etiam
1432 720 1575 797 quae
1600 730 1800 785 futura.
1836 731 1948 787 Nec
1984 744 2061 786 ta-

476 824 599 865 men
627 809 680 864 in
710 809 801 865 illo
820 810 1069 878 fuerunt,
1097 829 1196 871 nec
1221 815 1398 872 futura
1424 827 1572 881 sunt.
1606 820 1702 876 sed
1730 830 2063 877 tantummo-

472 904 546 958 do
565 912 711 968 sunt,
733 904 999 960 etontuia
1020 923 1186 962 unum
1212 918 1360 965 sunt.
1375 909 1613 971 Proinde
1636 914 1889 984 quoniam
1902 914 2061 970 aliter

473 1003 576 1050 sub
597 995 689 1051 illo
710 1005 836 1051 sunt
865 1012 951 1063 ea,
975 1012 1116 1069 quae
1145 1015 1244 1070 per
1274 1000 1425 1057 illum
1454 1005 1599 1060 facta
1637 1014 1785 1071 sunt,
1819 1006 1979 1067 aliter.
2003 1007 2057 1062 in

472 1103 541 1142 eo
563 1097 797 1150 suntca,
823 1105 965 1159 quae
995 1092 1108 1164 ipsa
1142 1103 1225 1148 est
1256 1093 1310 1150 in
1343 1095 1442 1160 eis,
1489 1103 1631 1167 quae
1656 1099 1757 1155 sub
1785 1099 1879 1155 illo
1905 1109 2053 1165 sunt,

473 1192 601 1245 quia
631 1178 766 1234 locis
812 1181 1255 1254 temporibusque
1284 1185 1401 1241 suis
1442 1198 1499 1242 et
1523 1200 1706 1243 creata
1733 1198 1790 1244 et
1810 1190 2059 1247 ordinata

473 1279 616 1331 sunt,
649 1264 869 1341 proprie
897 1272 1032 1327 ﬁunt
1050 1274 1214 1328 verba
1243 1274 1485 1332 locorum
1530 1288 1943 1351 temporumque
1988 1283 2062 1338 si—

471 1363 804 1432 gnificativa,
830 1364 884 1420 iu
905 1364 986 1421 eis
1014 1381 1164 1434 vero,
1186 1383 1325 1437 quae
1346 1372 1693 1428 aeternaliter
1712 1373 1767 1443 iu
1798 1373 1889 1433 illo
1910 1386 2058 1439 sunt,

472 1459 794 1515 translative
837 1459 1070 1539 proferri
1103 1472 1350 1532 possunt.
1388 1465 1468 1520 Ac
1500 1480 1599 1536 per
1637 1468 1741 1524 hoc
1785 1469 1928 1527 sicut
1971 1471 2064 1525 ab-

474 1548 630 1605 usive
660 1548 731 1605 de
753 1550 864 1606 Deo
879 1551 1079 1607 dicitur
1092 1552 1306 1620 fecisse,
1332 1555 1714 1613 vel'i‘aeturum
1737 1573 1882 1626 esse,
1897 1560 1970 1615 ita
1995 1562 2062 1616 de

469 1652 545 1697 eo
568 1642 766 1698 dicitur
791 1643 1013 1714 abusive
1064 1646 1388 1716 praesciisse
1422 1649 1463 1714 ⁸,
1496 1651 1789 1719 praescire,
1820 1654 2062 1722 praesci-

476 1741 656 1787 torum
680 1745 821 1793 esse.
864 1732 1027 1788 simili
1074 1736 1239 1790 modo
1278 1737 1732 1806 praedestinasse,
1758 1742 2060 1813 praedesti-

462 1831 613 1883 nare,
648 1823 1177 1891 praedestinaturum
1205 1840 1343 1883 esse.
1668 1888 1674 1892 .

543 1908 655 1967 γυ.
696 1908 994 1966 Conﬁcitur
1030 1928 1180 1986 ergo,
1226 1916 1649 1987 praescientiam
1676 1930 1731 1981 et
1759 1923 2060 1993 praedesti-

470 1997 747 2055 nationem
776 2001 1131 2059 similitudine
1160 2020 1342 2061 rerum
1374 2011 1748 2081 temporalium
1783 2013 1850 2068 ad
1887 2014 2057 2072 Deum

470 2089 778 2147 transferri.
813 2092 916 2162 Qui
947 2095 1098 2154 locus
1122 2114 1154 2155 a
1188 2103 1464 2158 contrario
1500 2106 1792 2174 videretur,
1839 2110 1885 2164 si
1918 2120 2058 2166 tem-

467 2181 675 2251 poralia
723 2190 1036 2271 aeternitati
1098 2195 1523 2253 contradictorie
1563 2198 1586 2230 ⁸
1627 2211 2053 2271 opponerentur.

467 2276 592 2335 .lam
650 2296 811 2349 vero,
860 2265 1120 2354 quoniam
1179 2289 1520 2347 aeternitatis
1572 2265 1841 2363 quaedam
1907 2295 2059 2351 simi-

469 2369 645 2427 litudo
672 2375 1062 2445 temporalibus
1098 2376 1184 2435 est
1207 2378 1395 2447 insita,
1419 2397 1525 2438 non
1556 2385 1752 2452 solum,
1799 2388 1946 2458 quod
1984 2390 2066 2445 ab.

469 2474 535 2514 ea
562 2459 703 2517 facta
730 2475 882 2534 sunt,
902 2469 1001 2524 sed
1026 2469 1194 2526 etiam
1216 2473 1361 2543 quod
1384 2475 1759 2547 temporalium
1790 2476 1879 2531 illa
1908 2494 2054 2549 pars,

470 2553 538 2608 de
566 2570 672 2624 qua
701 2570 993 2616 sumuntur
1036 2562 1177 2619 haec
1222 2565 1448 2622 nomina
1470 2607 1490 2632 ,
1534 2567 1782 2624 videlicet
1818 2573 2061 2627 humana

392 2631 409 2639 ’
469 2656 686 2715 natura,
715 2648 779 2707 in
806 2650 1213 2710 similitudinem
1238 2657 1513 2728 quandam
1539 2673 1702 2718 verae
1717 2663 2059 2720 aeternitatis

474 2739 775 2797 transitura
802 2742 871 2798 sit
902 2762 917 2798 :
947 2748 1220 2815 quomodo
1249 2764 1281 2804 a
1319 2752 1599 2807 contrario
1645 2754 1895 2817 sumitur,
1929 2757 2056 2812 dum

469 2845 500 2883 a
526 2834 809 2906 temporali
841 2837 909 2891 ad
943 2838 1304 2915 intemporale
1330 2843 1433 2899 alia
1451 2845 1716 2916 quaedam
1736 2835 2070 2918 signiﬁcatio

436 2942 441 2946 ο
468 2922 871 2983 transferatur?
902 2928 1047 2987 Loco
1075 2931 1242 3002 igitur
1261 2928 1636 2996 similitudinis
1665 2941 1915 2998 veniunt.
1950 2943 2061 3000 Sed

466 3016 593 3084 quis
620 3025 707 3073 est
731 3018 819 3073 ille
840 3020 1213 3081 similitudinis
1237 3028 1448 3095 modus,
1488 3031 1695 3100 quaeri.
1722 3042 1958 3102 oportet.
1993 3034 2064 3090 Et

465 3107 688 3174 quidem
708 3108 941 3168 dicimus
953 3122 1078 3170 ante
1094 3123 1355 3185 quattuor
1365 3119 1540 3174 modis
1556 3137 1571 3185 ;
1596 3136 1827 3191 quorum
1851 3123 2060 3194 primus

466 3196 669 3285 dicitur
694 3212 823 3258 ante
851 3198 1131 3275 temporis,
1156 3211 1423 3265 secundus
1461 3222 1593 3267 ante
1616 3212 1917 3285 dignitatis,
1948 3225 2056 3271 ter-

468 3284 577 3341 tius
608 3299 738 3345 ante
780 3292 1028 3364 originis,
1064 3306 1291 3366 quartus
1311 3305 1435 3353 ante
1456 3302 1817 3359 aeternitatis.
1841 3303 2057 3362 Illorum

466 3380 713 3452 exempla
734 3382 869 3439 ﬁunt
894 3386 1029 3443 haec
1054 3405 1068 3442 :
1099 3388 1365 3461 Tempore
1378 3394 1655 3461 praecedit
1671 3393 1771 3451 llos
1799 3396 2055 3466 fructum,

465 3471 730 3543 dignitate
754 3479 1031 3546 praecedit
1056 3479 1268 3538 fructus
1299 3482 1507 3551 liorem,
1542 3502 1642 3543 vox
1667 3488 1880 3561 origine
1901 3505 2058 3563 prae—

465 3563 609 3617 cedit
630 3566 877 3633 verbum,
908 3569 1049 3628 Deus
1079 3573 1407 3631 aeternitate
1428 3587 1735 3634 creaturam
1762 3583 2051 3639 antecedit.

463 3652 560 3709 Illo
585 3655 750 3727 igitur
779 3662 960 3728 modo,
991 3678 1099 3733 quo
1129 3664 1270 3722 Deus
1295 3669 1503 3734 omnia,
1543 3686 1686 3742 quae
1714 3671 1871 3740 fecit,
1896 3685 2052 3734 ante-

462 3742 628 3810 cedit,
674 3746 729 3801 id
758 3759 861 3814 est,
910 3755 1258 3831 aeternitate,
1302 3771 1370 3815 eo
1412 3761 1620 3818 scilicet
1673 3766 1966 3834 praescivit
2000 3776 2056 3821 cl.

462 3836 993 3909 praedestinavit'ea,
1035 3860 1176 3917 quae
1223 3846 1468 3906 facturus
1510 3861 1674 3909 esset.
1723 3855 1862 3914 Hine
1903 3860 2052 3917 colli-

460 3922 628 3995 gitur,
662 3929 789 3987 talia
818 3935 981 3989 verba
1015 3936 1299 3998 transferri
1329 3956 1358 3999 a
1391 3943 1571 4013 primo
1598 3945 1760 4003 modo
1782 3950 1855 4004 ad
1887 3967 2051 4022 quar-

461 4023 610 4111 tum,
648 4036 680 4076 a
721 4023 843 4091 loco
888 4027 1141 4087 videlicet
1190 4036 1450 4111 temporis
1478 4040 1545 4093 ad
1586 4038 1767 4098 locum
1813 4046 2050 4100 aeterni-

458 4108 606 4165 tatis.

993 4212 1397 4274 CAPITULUM
1437 4219 1505 4275 Χ.

2164 551 2484 624 duabusque
2518 556 2741 617 sedibus
2762 556 3221 630 signiﬁcationum
3256 577 3414 631 posse
3436 563 3753 628 transferri,

2164 644 2468 715 meritoque
2494 647 2781 717 conjuncta
2813 649 2940 716 dici,
2984 654 3242 723 quoniam
3270 666 3322 709 et
3350 635 3473 711 loco
3500 655 3755 711 similitu-

2162 732 2323 799 dinis,
2354 746 2408 791 et
2437 736 2578 805 loco,
2612 739 2706 810 qui
2736 740 2937 795 dicitur
2984 757 3014 796 a
3062 746 3362 807 contrario,
3409 745 3596 802 venire
3628 761 3753 818 pro-

2161 825 2379 883 bantur.
2411 828 2514 886 llbi
2541 832 2884 910 apertissime
2912 835 3232 906 intelligitur
3252 849 3306 892 et
3328 838 3640 895 ﬁrmissime
3675 849 3753 895 tce

2163 928 2346 985 uetur,
2375 920 2430 975 in
2466 923 2554 979 his
2578 925 2776 988 verbis,
2810 928 3031 996 quando
3058 928 3411 984 similitudine
3437 942 3750 995 sumuntur,

2160 1009 2296 1069 nihil
2339 1012 2485 1067 aliud
2528 1013 2822 1085 signiﬁcari
2853 1028 3069 1087 praeter
3113 1020 3134 1051 ⁸
3178 1023 3321 1093 quod
3373 1023 3484 1091 ipse
3527 1021 3755 1078 Creator

2160 1101 2403 1157 omnium
2434 1104 2676 1161 facturus
2711 1117 2817 1174 est,
2847 1117 2903 1163 et
2955 1110 3069 1164 sive
3097 1111 3149 1165 in
3175 1113 3553 1169 constituenda
3584 1114 3606 1147 ⁸
3632 1115 3754 1170 uni-

2160 1194 2437 1250 versitatis
2449 1197 2771 1264 substantia,
2792 1201 3233 1272 naturalibusque
3246 1202 3363 1273 ejus
3374 1204 3749 1275 qualitatibus,

2159 1281 2277 1337 sive
2318 1283 2372 1338 in
2412 1284 2530 1356 ejus
2583 1287 3075 1361 administratione,
3120 1292 3181 1355 in
3228 1294 3312 1347 his
3353 1296 3752 1361 tantummodo,

2159 1391 2291 1445 quos
2312 1377 2611 1444 praesciuit,
2648 1389 2697 1433 et
2742 1380 3150 1451 praedestinavit
3198 1385 3484 1440 secundum
3507 1389 3756 1461 preposi-

2125 1486 2133 1493 ·
2160 1474 2272 1520 tum
2298 1467 2502 1535 gratiae
2527 1484 2683 1534 suae,
2700 1470 2994 1541 conformat
3035 1472 3442 1544 imaginis-Filii
3465 1477 3550 1531 sui
3572 1488 3600 1518 ⁸
3630 1493 3756 1536 esse

2161 1554 2408 1624 futuros;
2440 1562 2662 1629 quando
2686 1576 2816 1617 vero
2861 1564 2928 1642 de
2956 1564 3095 1631 loco,
3138 1566 3232 1635 qui
3261 1575 3347 1622 est
3380 1581 3412 1622 a
3445 1577 3752 1634 contrario,

2163 1650 2570 1712 transferuntur
2602 1655 2792 1709 eadem
2822 1655 2937 1726 ipsa
2970 1658 3156 1724 verba,
3185 1658 3319 1714 nihil
3360 1659 3418 1715 in
3450 1660 3532 1737 eis
3558 1661 3757 1717 intelli-

2160 1741 2416 1812 gendum,
2444 1744 2549 1804 nisi
2577 1746 2722 1814 quod
2736 1745 2879 1802 Detis
2902 1746 2958 1801 in
2988 1757 3259 1813 creatura,
3288 1765 3453 1819 quam
3483 1750 3600 1823 ipse
3626 1767 3757 1806 cun-

2083 1814 2134 1875 B
2162 1831 2316 1897 didit,
2358 1833 2478 1889 ﬁeri
2516 1834 2651 1890 sinit
2691 1847 2840 1893 motu
2887 1839 3111 1909 proprio
3141 1814 3421 1911 liberoque
3471 1814 3756 1897 rationalis

2159 1932 2388 1979 naturae
2412 1940 2672 1995 perverse
2697 1928 2900 1983 utentis
2926 1930 3267 1987 naturalibus
3296 1932 3474 1998 bonis,
3498 1949 3642 2007 quae
3667 1926 3751 1990 Sui

2158 2012 2435 2076 Creatoris
2473 2015 2724 2089 largitate
2761 2021 3018 2091 suscepit.
3047 2021 3114 2078 Et
3141 2023 3245 2078 hoc
3268 2032 3353 2080 est
3381 2033 3576 2090 totum,
3607 2027 3751 2097 quod

2158 2105 2357 2162 dicitur
2381 2107 2603 2173 malum,
2641 2118 2698 2164 et
2727 2126 2899 2180 poena
2925 2110 3042 2189 ejus
3090 2114 3235 2170 varia
3258 2156 3272 2180 ,
3324 2115 3750 2190 multimodaque

2158 2198 2400 2253 miseria.

2226 2286 2293 2348 ll.
2334 2278 2471 2346 Cum
2495 2305 2629 2364 ergo
2657 2294 2909 2351 audimus
2939 2314 2951 2349 :
2981 2298 3273 2366 praescivit
3294 2294 3457 2365 ‘Deu's,
3485 2300 3567 2355 vel
3594 2314 3750 2373 prae-

2158 2380 2489 2448 destinavit,
2528 2384 2615 2438 vel
2660 2391 3008 2458 praeparavit
3046 2400 3302 2459 peccata,
3338 2378 3465 2448 iseu'
3497 2402 3748 2459 mortem,

2158 2470 2273 2527 sive
2295 2488 2502 2544 poenas
2528 2490 2741 2545 eorum,
2781 2494 2918 2549 quos
2942 2480 3090 2551 juste
3121 2482 3380 2550 deseruit,
3415 2485 3467 2540 id
3516 2494 3621 2550 est,
3651 2503 3751 2543 sua

2158 2563 2375 2634 propria
2396 2567 2751 2635 perversitate
2770 2570 2952 2642 puniri
2997 2572 3247 2642 permisit
3272 2572 3317 2640 ',
3333 2574 3554 2630 omnino
3569 2590 3600 2630 e
3619 2590 3752 2631 cou-

2160 2652 2335 2707 trario
2354 2652 2655 2727 intelligere
2679 2657 2961 2725 debemus,
2994 2675 3061 2716 ne
3082 2676 3182 2717 nos
3213 2662 3486 2719 haeretica
3509 2665 3751 2736 pravitas

2160 2744 2416 2811 seducat,
2447 2762 2590 2817 quae
2632 2748 2829 2804 talibus
2861 2749 3038 2805 verbis
3089 2752 3231 2807 male
3281 2762 3441 2809 utens
3484 2754 3748 2823 originem

2160 2838 2409 2908 sumpsit.
2447 2838 2567 2894 Non
2591 2839 2738 2895 enim
2780 2840 2960 2896 vident
3005 2843 3185 2897 lumen
3214 2844 3495 2904 oculorum
3524 2845 3752 2900 interio-

2162 2943 2281 2984 rum
2310 2929 2631 2999 pendentes,
2658 2931 2801 3000 quod
2831 2947 2993 2988 omne
3028 2934 3225 2990 malum
3262 2951 3514 3006 perversa
3561 2937 3748 2994 volun-

2164 3029 2277 3077 tate
2302 3023 2635 3080 descendens
2662 3024 2795 3079 nihil
2827 3026 2915 3081 sit.
2949 3025 3022 3082 Ut
3042 3029 3298 3084 omittam
3325 3029 3452 3087 illud
3483 3032 3749 3089 tnahirum

2110 3131 2130 3187 ς
2162 3128 2365 3197 genus,
2412 3099 2558 3185 quod
2602 3116 2791 3172 eadem
2837 3119 3238 3175 contrarietatis
3278 3122 3465 3192 regula
3503 3123 3702 3179 malum
3728 3125 3752 3158 '

2128 3207 2134 3286 ξ
2162 3207 2381 3273 dicitur,
2409 3224 2534 3265 cum
2569 3210 2893 3266 naturaliter
2915 3212 2987 3267 sit
3008 3211 3238 3279 bonum;
3268 3227 3327 3268 ut
3371 3225 3455 3271 est
3481 3215 3622 3287 ignis
3663 3217 3751 3272 ille

2159 3309 2435 3367 aeternus,
2472 3304 2561 3373 qni
2600 3313 2957 3375 praeparatus
2998 3314 3081 3361 est
3127 3303 3339 3360 diabolo
3376 3305 3751 3377 ministrisque
3816 3346 3821 3351 ι

2157 3390 2294 3463 ejus.
2337 3393 2532 3450 Cetera
2582 3396 2798 3460 omnia,
2843 3411 2981 3466 quae
3026 3398 3247 3468 proprie
3275 3407 3540 3452 vocantur
3578 3401 3744 3465 mala,

2158 3499 2379 3556 unaque.
2428 3485 2493 3541 de
2538 3489 3068 3552 causanascentia,
3126 3503 3383 3561 perverso
3430 3491 3657 3556 scilicet,
3690 3504 3742 3547 ut

2156 3592 2319 3651 saepe
2336 3578 2541 3639 dictum
2572 3588 2673 3643 est,
2704 3590 2851 3636 motu
2875 3580 3077 3638 liberae
3108 3582 3422 3650 voluntatis,
3451 3584 3743 3643 mutabilis.

2155 3674 2456 3730 avertentis
2486 3690 2546 3731 se
2574 3691 2606 3729 a
2630 3674 2914 3744 Creatore,
2946 3677 3198 3747 maleque
3228 3677 3431 3733 utentis
3463 3688 3759 3753 creatura“

2152 3765 2297 3819 inter
2324 3765 2458 3820 duos
2487 3765 2749 3841 terminos
2775 3765 3134 3841 colliguntur;
3175 3781 3406 3836 quorum
3454 3783 3591 3824 unus
3622 3782 3745 3841 pec-

2152 3866 2355 3921 catum,
2387 3856 2527 3911 alter
2553 3840 2869 3928 poeiia‘ejus
2895 3866 2998 3913 est.
3401 3868 3405 3873 λ

2220 3946 2307 4002 lll.
2348 3946 2525 4005 Omne
2575 3948 2743 4020 igitur
2787 3950 2987 4004 malum
3032 3959 3129 4005 aut
3171 3961 3453 4023 peccatum
3501 3962 3604 4018 est,
3652 3961 3750 4006 aut

2148 4052 2322 4108 poena
2346 4039 2577 4112 peccati.
2624 4038 2778 4109 Quae
2818 4042 2924 4095 duo
2971 4040 3019 4097 si
3064 4039 3210 4097 nulla
3255 4042 3397 4098 ratio
3444 4057 3568 4097 vera
3614 4042 3746 4098 sinit

2150 4132 2319 4187 Deum
2364 4130 2663 4204 praescire,
2704 4142 2908 4202 quanto
2954 4132 3123 4203 magis
3170 4133 3579 4202 praedestinare
3623 4132 3744 4201 quis

2145 4223 2346 4283 audeat
2367 4223 2570 4287 dicere,
2599 4223 2700 4279 nisi
2728 4238 2761 4279 e
2776 4223 3093 4279 contrario?
3116 4223 3255 4293 Quid
3283 4225 3426 4279 enim
3442 4227 3465 4277 2'
3490 4223 3744 4294 Nunquid

458 4309 640 4410 Demea
684 4320 825 4410 quos
860 4338 892 4375 α
933 4326 1200 4381 contraria
1249 4329 1645 4400 imam-gendum
1694 4337 1783 4402 εει,
1831 4343 2043 4410 quando
2144 4328 2434 4410 possumus
2475 4323 2624 4410 recte
2663 4315 2870 4410 sentire
2913 4316 2988 4410 de
3013 4314 3149 4381 Deo,
3177 4317 3267 4387 qui
3312 4317 3456 4373 solos
3503 4328 3587 4372 est
3613 4333 3740 4374 veta

492 4383 497 4389 δ
524 4383 726 4479 άίςὶιιιὶ
751 4387 917 4479 ¹υσθυε
944 4397 1227 4479 praescire,
1245 4383 1783 4479 lant-praedestinare'

523 4455 603 4509 uel
628 4467 869 4528 mortem,
902 4455 981 4516 rél
1013 4455 1998 4548 poenas’hominuut,reivartgeldrdm:

519 4562 560 4617 1.
602 4563 787 4621 Restat
810 4573 1159 4629 considerare
1187 4575 1385 4644 iocum,
1418 4582 1531 4650 qui,
1559 4589 2039 4660 ut~praediximus,

449 4666 482 4705 ι
515 4653 826 4715 Dialecticis
866 4676 930 4716 ac
953 4661 1265 4723 Rhetoricis
1286 4673 1632 4743 enthymema
1651 4653 1681 4707 ⁷³
1726 4689 1974 4749 vocatur,

446 4743 834 4807 Grammaticis
863 4768 998 4827 vero
1020 4762 1441 4838 κπαιτίγρασις,
1472 4773 1525 4819 el
1555 4760 1639 4821 est
1667 4773 1907 4827 omnium
1952 4792 2039 4831 ar-

448 4850 825 4909 gumentorum
876 4846 1264 4922 signorumque
1302 4855 1601 4912 verbalium
1645 4860 2034 4922 nobilissimus.

447 4924 708 4986 lndietum
736 4933 759 4965 ⁸
780 4944 865 4990 est
894 4946 1096 5006 autem,
1130 4944 1600 5013 praescientiam,’
1624 4959 1680 5004 et
1728 4957 2033 5023 praedesti-

448 5020 742 5091 nationem,
772 5025 943 5083 sicuti
968 5038 1027 5086 et
1069 5035 1590 5106 praeparationem,
1634 5051 1691 5096 et
1729 5020 2032 5113 praevisioe

2142 4405 2400 4471 essentia,
2450 4406 2546 4477 qui
2593 4406 2725 4463 fecit
2774 4408 2981 4481 omnia,
3031 4423 3171 4477 quae
3194 4418 3362 4485 sunt,
3390 4410 3443 4463 in
3473 4419 3738 4479 quantum

2069 4521 2123 4584 υ
2149 4504 2295 4563 sunt,
2314 4512 2531 4563 eorum,
2560 4512 2702 4572 quae
2725 4516 2823 4555 nec
2855 4500 2969 4570 ipse
2997 4509 3103 4565 est,
3126 4516 3224 4555 nec
3251 4501 3320 4555 ab
3347 4516 3411 4555 eo
3432 4509 3579 4567 sunt,
3611 4502 3737 4571 quia

2147 4589 2283 4647 nihil
2306 4600 2451 4655 sunt,
2482 4591 2897 4660 praescientiam
2936 4608 3029 4647 seu
3057 4594 3602 4664 praedestinationem
3632 4595 3734 4651 ha-

2145 4680 2279 4737 bere
2306 4679 2454 4739 νῖκΞὶ
2485 4681 2631 4738 enim
2668 4682 2801 4737 nihil
2833 4681 2975 4738 aliud
3003 4695 3087 4738 est
3115 4684 3360 4747 scicntia,
3394 4686 3495 4739 nisi
3530 4700 3730 4754 rerum,

2144 4785 2284 4840 quae
2311 4780 2460 4834 sunt,
2487 4771 2860 4845 intelligentia,
2880 4790 2988 4845 qua
3022 4775 3233 4829 ratione
3262 4775 3315 4829 in
3349 4776 3453 4839 his,
3472 4791 3611 4845 quae
3628 4793 3730 4833 non

2141 4870 2291 4926 sunt,
2335 4862 2562 4916 scientia
2591 4863 2677 4917 vel
2725 4865 3085 4933 praescientia
3116 4865 3341 4921 dicenda
3392 4867 3511 4921 est?
3556 4865 3729 4922 Simili

2141 4956 2321 5018 modo,
2362 4954 2407 5008 si
2447 4954 2583 5008 nihil
2614 4955 2759 5009 aliud
2790 4965 2872 5011 est
2906 4957 3347 5027 praedestinatio,
3378 4958 3480 5013 nisi
3515 4973 3727 5021 eorum.

2139 5059 2281 5118 quae
2308 5045 2450 5100 Deus
2482 5045 2726 5100 iacienda
2755 5048 3045 5116 praevidit,
3069 5051 3437 5121 praeparatio:
3458 5054 3726 5123 quomddu

1746 5176 2001 5235 VARIAE
2041 5180 2444 5239 LECTlONES.

507 5272 685 5382 χροιαὶ.
716 5277 992 5382 ρηκῆεεὶ
1014 5280 1084 5382 ξ.
1124 5286 1430 5382 profectae.
1508 5286 1529 5316 ¹
1554 5287 2180 5382 Οοά.ξυη1ςαάίειονίαε.
2257 5296 2280 5327 ³
2302 5296 2433 5363 Cod.
2464 5300 2765 5355 cutimema.
2847 5299 2868 5331 ⁸
2897 5302 2987 5357 Sic
3023 5304 3171 5365 θοὰ..
3200 5303 3270 5357 Μ.
3296 5304 3517 5361 dictum.
3565 5301 3608 5382 ξ’
3630 5296 3725 5358 Sic

507 5362 524 5382 Il
714 5359 880 5382 canta-0
1067 5367 1113 5382 an
1139 5368 1201 5382 nn
1413 5369 1618 5382 .a-..-n_.-
1642 5377 1683 5382 ,μ
1738 5379 1755 5382 Α
1909 5364 1946 5382 l‘
2006 5366 2018 5382 ι
2229 5366 2240 5377 ο
2301 5370 2333 5382 ι-
2435 5369 2456 5382 α
2488 5366 2523 5382 Λ
2674 5370 2720 5382 ιι
2864 5373 2875 5382 ι
3021 5375 3029 5382 .

447 5344 588 5413 cod.,
617 5345 691 5401 Il.
712 5344 902 5415 potest.
971 5351 992 5383 ‘
1022 5344 1284 5419 Sic'cod.,
1314 5353 1384 5408 Μ.
1408 5344 1777 5413 construenda.
1804 5344 1809 5345 γ
1860 5363 1878 5394 ⁷
1908 5344 3204 5439 (ίόιιί’ξ)ἷῆιιίεδίΐ

1880 5498 1887 5501 '
1978 5479 2229 5538 NOTAE.

515 5565 540 5593 ε
576 5552 739 5610 Rom.
766 5555 903 5619 Vlll,
932 5557 1023 5613 29.

515 5626 543 5668 δ
573 5623 812 5682 Pessime
840 5628 1337 5703 doceggpcccatum
1367 5644 1419 5688 et
1451 5649 1678 5703 poenam
1721 5639 1854 5694 nihil
1880 5656 2022 5702 esse.
2054 5656 2057 5657 '

447 5691 665 5766 ideoque
678 5713 778 5751 nec
790 5691 1048 5767 praesciri
1059 5691 1170 5756 nec
1181 5700 1432 5779 praedest
1442 5691 1600 5762 inari.
1623 5691 1761 5765 Deus
1782 5691 2025 5779 praescii

445 5772 493 5818 et
522 5777 803 5837 peccatum
834 5780 887 5824 et
914 5785 1133 5838 poenas.
1179 5774 1359 5841 Neque
1390 5792 1561 5845 poena
1604 5782 1736 5835 nihil
1778 5772 1880 5844 est,
1930 5783 2022 5835 sed

2135 5575 2339 5657 aliquid
2381 5587 2495 5657 est,
2515 5579 2566 5657 id
2596 5591 2679 5633 est
2707 5584 3133 5657 creaturacllei,
3174 5600 3310 5653 quae
3341 5589 3723 5657 peccatoribus

2132 5647 2388 5729 poenales
2410 5648 2987 5729 eﬂicitiiitiir,exceptis
3004 5654 3069 5706 iis
3095 5647 3354 5722 peccatis:
3366 5672 3505 5729 quae
3518 5674 3721 5729 poenae

2132 5716 2386 5771 dicuntur
2413 5722 2853 5788 praecedentium
2880 5716 3243 5821 peccatorum.
3277 5716 3358 5782 Uti.
3383 5716 3555 5785 Prud.
