4174 6216
568 367 674 425 395

1952 371 2237 432 JOANNIS
2273 375 2471 433 SCOTI
2550 415 2555 419 -

3744 364 3855 425 398

3432 342 3457 361 κ

563 495 773 547 corum,
799 494 936 551 quae
957 475 1099 534 Deus
1126 481 1381 537 necl’ecit.
1409 497 1504 536 nec
1523 480 1764 537 facienda
1790 484 2148 553 praeparavit,
2181 497 2229 556 Α
2260 483 2360 538 ria.
2389 484 2484 539 Illa
2510 493 2651 542 sunt.
2684 483 2785 538 ista
2808 482 3023 554 penitus
3048 498 3154 538 non
3180 493 3334 550 sunt;
3369 482 3456 540 illa
3484 499 3700 541 sursum
3730 500 3853 540 ver-

565 573 790 630 dieemla
819 579 903 627 est
929 572 1387 641 praedestinatio?
1419 571 1638 639 Deinde,
1666 575 1712 630 si
1740 575 1871 630 nihil
1902 575 2047 653 aliud
2074 585 2158 631 est
2188 618 2191 625 .

574 661 791 721 malum,
839 659 945 716 nisi
984 662 1109 716 boni
1157 664 1463 732 corruptio.
1502 674 1557 719 et
1606 681 1769 721 omne
1817 654 2159 722 bouttm‘aut

572 754 713 821 Deus
741 759 844 815 est,
867 750 1009 821 quod
1049 753 1329 821 corrumpi
1366 769 1470 806 non
1502 764 1698 824 potest,
1730 764 1823 810 aut
1853 770 1884 810 a
1910 754 2022 811 Deo
2050 766 2156 820 est,

568 846 714 915 quod
744 844 1015 914 corrumpi
1050 854 1244 913 potest,
1275 846 1454 901 onmis
1490 858 1671 901 autem
1713 848 1992 918 corruptio
2024 848 2156 903 nihil

509 1005 514 1010 θ
567 936 795 1007 appetit,
825 935 928 992 nisi
959 945 1017 990 ut
1045 936 1245 992 bonum
1279 952 1383 991 non
1414 938 1486 992 sit
1512 955 1528 991 :
1556 938 1678 1008 quis
1704 939 1956 996 dubitare
1979 949 2158 1011 potest

563 1046 685 1086 esse
730 1028 953 1111 malum,
1003 1032 1145 1100 quod
1191 1032 1396 1102 appetit
1440 1032 1644 1086 bonum
1670 1026 1896 1097 "delere,
1941 1048 2011 1088 ne
2047 1033 2157 1089 sit?

568 1123 767 1179 Malum
804 1121 968 1195 igitur
994 1112 1096 1179 nec
1123 1123 1287 1189 Deus,
1328 1138 1429 1178 nec
1467 1140 1495 1179 a
1527 1124 1636 1180 Deo
1664 1135 1765 1180 est.
1796 1125 1873 1180 Ac
1908 1140 2006 1196 per
2031 1127 2152 1190 hoc,

566 1215 708 1296 sicut
732 1215 874 1270 Deus
913 1214 1060 1270 tuali‘
1089 1227 1279 1269 auctor
1314 1231 1421 1271 non
1466 1226 1572 1283 est,
1617 1216 1688 1271 ita
1737 1232 1842 1272 nec
1878 1204 2157 1287 praescius

563 1307 710 1373 mali,
740 1323 838 1363 nec
862 1309 1272 1379 praedestinans
1292 1315 1399 1363 est.
1424 1304 1531 1363 Sed
1559 1307 1604 1363 si
1630 1307 1754 1379 quis
1768 1309 1999 1376 dubitat,
2023 1307 2158 1363 nihil

560 1413 681 1455 esse
730 1398 954 1464 malum,
1004 1398 1107 1455 nisi
1156 1397 1283 1455 boni
1316 1399 1743 1470 corruptionem,
1790 1399 1994 1466 videat,
2027 1400 2157 1470 quid

565 1489 632 1545 de
676 1491 778 1545 hac
832 1492 1046 1548 ratione
1083 1490 1415 1562 Augustinus
1459 1491 1646 1559 dicat,
1696 1493 1944 1549 scribens
1964 1505 2155 1550 contra

565 1581 849 1652 epistolam
895 1580 1296 1639 Fundamenti:
1346 1602 1364 1635 ι
1402 1583 1624 1648 Discite,
1656 1598 1763 1638 non
1791 1583 2154 1640 substantiam

564 1674 767 1729 malum
813 1686 970 1741 esse,
1002 1674 1097 1730 sed
1143 1676 1285 1730 sicut
1329 1674 1381 1729 iu
1410 1690 1641 1745 corpore
1687 1675 2154 1733 eommutationc‘

474 1762 485 1843 ί
559 1756 773 1822 formae
799 1767 851 1823 in
873 1767 1113 1822 deterius
1160 1766 1336 1822 amitti
1360 1767 1594 1845 speciem
1612 1810 1625 1834 ,
1650 1768 1732 1825 vel
1762 1764 1941 1839 potius
1964 1768 2154 1835 minui,

2260 590 2353 630 sus
2378 583 2642 645 appetunt
2674 590 2849 629 unum
2889 574 3132 630 omnium
3176 575 3520 646 principium,
3561 576 3664 631 ista
3695 575 3851 630 dese—

2263 678 2409 732 runt,
2451 666 2815 735 deorsumque
2861 665 2915 721 in
2967 665 3193 727 nihilum
3240 667 3402 732 bona,
3433 682 3574 738 quae
3603 682 3853 729 corrum—

2258 767 2411 827 punt,
2463 756 2640 813 redire
2681 758 3046 826 contendunt;
3096 757 3308 813 illarum
3358 775 3521 815 causa
3553 759 3696 814 Dens
3743 770 3850 819 est,

2259 848 2486 904 istarum
2524 847 2708 915 nulla;
2753 849 2865 904 illa
2891 850 3033 904 intra
3080 849 3342 904 terminos
3374 849 3709 904 naturalium
3740 850 3852 906 for-

2257 956 2467 995 marum
2514 939 2909 1011 intelliguntur,
2959 940 3062 996 ista
3098 941 3154 995 in
3186 948 3373 996 earum
3425 939 3640 996 defectu
3686 949 3856 1009 atque

2259 1034 2557 1104 privatione
2616 1034 2910 1113 nesciendo
2950 1032 3213 1090 sciuntur.
3290 1033 3443 1089 Sicut
3489 1034 3633 1089 enim
3682 1048 3853 1114 causa

2256 1128 2430 1204 malae
2465 1127 2760 1182 voluntatis
2790 1141 2965 1198 neque
3007 1116 3258 1192 inveniri,
3292 1140 3467 1196 neque
3496 1126 3623 1180 sciri
3653 1134 3832 1195 potest

2258 1218 2331 1272 ita
2362 1218 2607 1273 omnium
2631 1218 2992 1274 defectiouum
3023 1217 3219 1273 merito
3244 1232 3363 1272 eam
3398 1219 3857 1289 consequentium

2256 1322 2433 1377 neque
2475 1323 2671 1364 causae
2693 1307 2987 1365 allicientes
3008 1308 3138 1363 sciri
3181 1317 3428 1380 possunt,
3472 1324 3649 1379 neque
3699 1310 3857 1378 ipsae

2258 1397 2607 1467 defectiones,
2639 1400 2763 1472 quia
2798 1401 2933 1456 nihil
2975 1410 3120 1458 sunt.
3166 1401 3267 1457 Cui
3309 1401 3429 1458 loco
3466 1405 3639 1456 sancti
3670 1405 3860 1465 Augu-

2258 1488 2382 1543 stini
2449 1489 2818 1545 testimonium
2873 1491 3239 1548 adhibendum
3270 1505 3408 1546 esse
3455 1492 3721 1549 arbitror:
3775 1493 3857 1546 ait

2256 1579 2405 1634 enim
2446 1578 2501 1635 in
2543 1568 2688 1648 libro
2722 1579 2800 1636 uti
2836 1583 2905 1637 de
2942 1581 3167 1639 civitate
3207 1582 3301 1637 Dei
3331 1600 3346 1636 :
3377 1602 3395 1634 ι
3427 1580 3596 1641 Nemo
3624 1596 3859 1645 quaerat

2258 1675 2581 1732 ellicientem‘
2618 1691 2842 1733 causam
2883 1675 3058 1732 malae
3095 1676 3425 1742 voluntatis;
3459 1691 3563 1731 non
3594 1687 3677 1732 est
3703 1678 3853 1734 enim

2260 1768 2534 1836 etliciens,
2580 1769 2675 1824 sed
2719 1766 2955 1829 defectio
3001 1768 3045 1821 ³.
3075 1767 3318 1824 Deﬁcere
3366 1783 3601 1838 namque
3644 1768 3712 1825 ab
3754 1785 3851 1833 ευ,

544 1867 613 1913 et
644 1856 862 1915 foedum
892 1852 1283 1928 dicitur-[quod
1332 1859 1619 1931 pulchrum
1644 1867 1801 1915 antea
1851 1859 2149 1926 dicebatur,
2183 1870 2231 1930 Β
2256 1862 2404 1933 quod
2430 1876 2641 1917 summe
2665 1870 2770 1926 est,
2798 1861 2864 1916 ad
2894 1860 2968 1926 id,
3000 1860 3142 1947 quod
3175 1859 3353 1916 minus
3383 1868 3490 1921 est,
3518 1860 3620 1913 hoc
3646 1868 3728 1915 est
3754 1857 3858 1913 in-

556 1956 612 2003 et
641 1948 927 2022 displicere
965 1965 1186 2020 corpus,
1231 1952 1374 2021 quod
1425 1960 1582 2008 antea
1629 1950 1951 2023 placuerat:
1987 1950 2066 2028 sic
2096 1952 2150 2007 in

557 2043 742 2097 animo
771 2051 918 2097 recte
949 2042 1241 2098 voluntatis
1267 2044 1455 2109 decus,
1490 2058 1597 2113 quo
1635 2043 1726 2119 pie
1758 2041 2013 2119 justeque
2072 2042 2152 2100 vi-

559 2131 728 2199 vitur,
760 2141 1029 2189 commota
1061 2133 1115 2188 in
1141 2133 1383 2189 deterius
1407 2118 1681 2192 voluntate
1704 2118 2014 2206 depravari,
2042 2150 2151 2205 quo

556 2233 784 2294 peccato
806 2222 941 2280 eIIici
956 2225 1194 2281 animam
1212 2225 1487 2292 miserant,
1504 2239 1644 2295 quae
1664 2226 1948 2283 honestate
1969 2235 2151 2282 rectae

562 2313 863 2370 voluntatis.
912 2313 1306 2371 beatitudinem
1350 2315 1372 2347 ²
1416 2315 1726 2382 obtinebat,
1776 2316 1921 2372 nulla
1967 2316 2152 2372 addita

558 2406 870 2463 detractave
896 2406 1218 2462 substantia.
1238 2406 1371 2474 Quis
1395 2408 1607 2464 dubitet
1631 2415 1802 2464 totum
1828 2408 1980 2473 illud,
2004 2398 2165 2478 quod

554 2499 758 2577 dicitur
778 2496 1003 2561 malum,
1027 2497 1164 2553 nihil
1189 2512 1310 2554 esse
1334 2498 1502 2563 aliud,
1516 2514 1680 2581 quant
1701 2499 2148 2570 corruptionem?

556 2591 791 2648 Possunt
814 2589 1035 2661 quidem
1065 2591 1187 2646 aliis
1217 2600 1380 2661 atque.
1405 2591 1526 2647 aliis
1549 2590 1826 2648 vocabulis
1855 2592 1960 2647 alia
1984 2580 2153 2663 atque

556 2686 665 2740 alia
707 2683 848 2741 mala
890 2683 1108 2749 vocari;
1146 2684 1241 2739 sed
1267 2684 1410 2754 quod
1446 2683 1689 2739 omnium
1728 2698 1911 2739 rerum
1946 2668 2149 2738 malum

488 2761 496 2771 ’
559 2778 648 2838 sit,
684 2776 737 2832 in
767 2775 965 2846 quibus
995 2774 1121 2829 mali
1155 2774 1360 2844 aliquid
1410 2775 1771 2830 animadverti
1800 2785 1998 2845 potest,
2030 2789 2149 2830 cor-

560 2867 746 2940 ruptio
771 2876 874 2923 est.
920 2867 1027 2922 Sed
1056 2865 1334 2937 corruptio
1363 2868 1569 2937 peritae
1615 2859 1833 2921 animae
1879 2865 2148 2936 imperitia

558 2973 810 3029 vocatur,
837 2961 1115 3031 corruptio
1139 2960 1422 3031 prudentis
1451 2960 1840 3031 imprudentia,
1872 2958 2151 3029 corruptio

555 3052 802 3123 iustitiae
830 3051 851 3084 ³
876 3050 1161 3123 iniustitia,
1195 3049 1472 3120 corruptio
1507 3048 1846 3106 fortitudinis
1868 3046 1891 3077 "
1911 3047 2146 3120 ignavia,

560 3143 838 3215 corruptio
866 3142 1069 3215 quietis
1093 3153 1262 3216 atque
1294 3141 1705 3215 tranquillitatis
1741 3140 2030 3213 cupiditas,
2060 3138 2145 3194 vel

2254 1952 2439 2025 cipere
2464 1952 2667 2009 habere
2692 1951 3025 2008 voluntatem
3057 1951 3277 2008 malam.
3294 1950 3499 2017 Causas
3513 1965 3676 2021 porro
3701 1949 3856 2007 defe-

2252 2044 2499 2109 ctionem
2540 2046 2794 2111 istarum,
2843 2059 2967 2100 cum
3016 2042 3317 2117 efficientes
3365 2057 3472 2097 non
3546 2042 3678 2107 sint,
3750 2041 3852 2096 sed

2252 2137 2586 2203 deficientes,
2619 2136 2755 2192 velle
2793 2135 3061 2202 invenire,
3092 2135 3199 2191 tale
3238 2143 3343 2200 est,
3375 2149 3442 2188 ac
3484 2133 3531 2205 si
3560 2133 3850 2203 quisquam

2254 2228 2384 2284 velit
2429 2227 2612 2284 videre
2662 2227 2934 2291 tenebras,
2985 2226 3074 2283 vel
3120 2219 3311 2281 audire
3356 2223 3655 2287 silentium,
3702 2222 3850 2292 quod

2253 2330 2435 2376 tamen
2481 2329 2770 2389 utrumque
2811 2317 2969 2373 nobis
3002 2329 3188 2372 uotum
3220 2326 3324 2382 est,
3358 2329 3534 2386 neque
3566 2314 3694 2369 illud
3738 2313 3846 2369 nisi

2231 2426 2351 2481 per
2385 2411 2591 2473 oculos,
2629 2424 2808 2480 neque
2842 2409 2946 2464 hoc
2986 2408 3092 2464 nisi
3120 2423 3222 2479 per
3257 2420 3438 2472 aures,
3472 2420 3579 2461 non
3617 2418 3753 2461 sane
3788 2402 3846 2457 in

2251 2505 2454 2576 specie,
2488 2503 2582 2573 sed
2616 2501 2672 2557 in
2702 2501 2901 2573 speciei
2948 2500 3273 2579 privatione.
3314 2496 3485 2554 Nemo
3530 2506 3712 2550 autem
3732 2493 3754 2525 '
3775 2510 3843 2548 ex

2251 2610 2340 2652 tne
2368 2597 2508 2651 scire
2537 2604 2787 2667 quaerat,
2818 2595 2964 2664 quod
2989 2609 3077 2648 me
3113 2592 3328 2648 nescire
3355 2591 3501 2657 scio,
3535 2588 3639 2645 nisi
3678 2588 3841 2650 forte,

2253 2697 2311 2743 ut
2338 2688 2549 2743 nescire
2572 2686 2769 2753 discat,
2801 2688 2942 2757 quod
2982 2685 3114 2742 sciri
3151 2700 3258 2742 non
3290 2700 3449 2756 posse
3475 2682 3755 2739 sciendum
3780 2681 3847 2736 ".

2249 2779 2571 2861 E13uippe,
2598 2795 2737 2850 quae
2761 2795 2869 2851 non
2895 2779 2949 2835 in
2968 2777 3170 2849 specie,
3198 2772 3299 2834 sed
3320 2778 3374 2832 iu
3400 2775 3517 2845 ejus
3540 2774 3849 2848 privatione

2250 2874 2519 2940 sciuntur,
2564 2874 2610 2929 si
2651 2874 2781 2929 dici‘
2800 2882 2894 2928 aut
2940 2872 3164 2944 intelligi
3214 2882 3412 2942 potest,
3446 2869 3850 2941 quodammodo

2252 2964 2542 3024 nesciendo
2597 2967 2876 3029 sciuntur,
2939 2974 3002 3019 ut
3043 2964 3266 3020 sciendo
3314 2963 3649 3019 nesciantttr.
3710 2958 3847 3016 Cum

2243 3060 2393 3116 enim
2420 3060 2569 3115 acies
2606 3059 2771 3113 etiam
2799 3056 2942 3112 oceli
2979 3055 3282 3126 corporalis
3308 3054 3483 3110 currit
3509 3069 3609 3126 per
3637 3050 3864 3131 species

2247 3151 2572 3221 corporales,
2604 3164 2869 3219 nusqtmtn
2889 3149 3141 3207 tenebras
3166 3147 3330 3212 viset,
3360 3144 3465 3201 nisi
3492 3143 3582 3200 ubi
3605 3142 3865 3214 coeperit

486 3272 491 3276 »
561 3246 761 3305 metus,
787 3235 874 3292 vel
903 3235 1151 3301 tristitia,
1180 3233 1568 3311 veljactantia.
1597 3221 1810 3291 Deinde.
1828 3232 1884 3288 in
1918 3244 2150 3313 corpore

2256 3260 2375 3317 non,
2415 3245 2620 3301 videre.
2674 3244 2846 3300 Etiam
2883 3227 2922 3274 ίί
2969 3257 3076 3297 non
3118 3241 3187 3297 ad
3232 3240 3467 3310 aliquem
3511 3238 3678 3294 alium
3725 3251 3858 3296 εειι-

556 3330 803 3385 animato
829 3326 1110 3397 corruptio
1137 3325 1389 3405 sanitatis
1414 3323 1569 3380 dolor
1591 3332 1648 3380 et
1673 3323 1924 3387 morbus;
1957 3336 2151 3377 corru~

474 3432 477 3433 '
563 3422 674 3494 ptio
703 3421 900 3476 virium
935 3418 1199 3476 lassitudo
1223 3417 1284 3484 8;
1327 3413 1604 3489 corruptio
1625 3416 1827 3487 quietis
1852 3413 2025 3470 labor.
2052 3410 2155 3484 De-

563 3513 688 3569 inde
707 3512 761 3568 in
780 3512 898 3581 ipso
918 3524 1149 3581 corpore
1161 3507 1437 3578 corruptio
1459 3504 1876 3579 pulchritudinis
1893 3501 2145 3566 foeditas;

565 3603 846 3674 corruptio
896 3601 1242 3658 rectitudinis
1271 3601 1550 3671 pravitas;
1624 3597 1901 3669 corruptio
1944 3594 2179 3669 ordinis

568 3696 930 3767 perversitas;
1002 3686 1285 3765 corruptio
1323 3690 1652 3763 integritatis
1689 3688 1938 3744 discissio
1964 3687 2008 3750 ⁶,
2061 3692 2156 3740 aut

564 3788 832 3852 fractura,
860 3795 955 3840 aut.
990 3783 1278 3841 diminutio
1306 3783 1350 3837 τ.
1382 3781 1632 3853 Longum
1687 3788 1790 3844 est,
1829 3788 1886 3834 et
1916 3777 2154 3842 difficile,
2198 3782 2203 3787 ’

562 3886 622 3937 ει
664 3879 855 3934 harum
903 3893 1107 3943 rerum,
1151 3892 1293 3950 quas
1341 3875 1789 3939 commemoravi,
1832 3882 1887 3928 et
1919 3874 2168 3943 aliarum,

567 3969 1044 4025 innmnerabilintn
1119 3983 1310 4024 carnes
1383 3964 1760 4036 corruptiones
1834 3965 2155 4021 nominatim

565 4063 887 4129 enuntiare,
917 4079 1041 4120 cum
1066 4061 1231 4118 etiam
1255 4060 1476 4122 amitae,
1508 4074 1649 4131 quae
1668 4058 1922 4115 dicuntur
1951 4058 2011 4115 In
2038 4074 2158 4114 cor—

566 4168 722 4222 pore,
769 4153 978 4225 possint
1003 4165 1058 4209 et
1113 4152 1168 4209 in
1220 4153 1400 4207 anima
1443 4151 1590 4214 dici,
1637 4158 1694 4205 et
1741 4149 2160 4206 innumerabilia

567 4254 735 4309 sunt,
786 4242 839 4298 in
889 4242 1087 4314 quibus
1145 4243 1365 4315 propria
1419 4242 1681 4298 vocabula
1744 4241 2026 4314 corruptio
2075 4252 2157 4298 te-

573 4346 702 4392 neat
733 4347 758 4376 *
797 4355 843 4390 ιι.
1206 4366 1221 4379 ,
1458 4365 1462 4370 .
1918 4378 1921 4379 ν

640 4423 730 4480 IV.
772 4425 921 4494 Quae
948 4432 1073 4481 cum
1118 4425 1193 4481 ita
1227 4425 1356 4490 sint,
1388 4424 1513 4495 quis
1550 4438 1657 4479 non
1693 4424 1895 4490 videat,
1939 4423 2042 4479 nisi
2066 4422 2161 4494 qui

570 4534 734 4578 sensu
762 4531 934 4586 caret,
968 4530 1161 4584 totum,
1195 4520 1342 4591 quod
1367 4520 1567 4574 dicitur
1592 4527 1897 4589 peccatum,
1934 4514 2160 4585 ejusque

2256 3353 2399 3402 sum,
2424 3337 2522 3396 sed
2561 3327 2628 3391 ad
2659 3336 2802 3398 solas
2832 3348 2995 3389 aures
3023 3333 3260 3403 pertinet
3304 3332 3512 3388 sentire
3546 3328 3867 3394 silentium,

2255 3428 2397 3499 qn’od
2430 3438 2611 3482 tamen
2643 3426 2981 3489 nullomodo,
3016 3424 3120 3480 nisi
3161 3438 3266 3478 non
3297 3422 3565 3478 audiendo
3595 3420 3855 3477 sentitur.

2258 3519 2351 3574 Sic
2382 3518 2593 3588 species
2623 3515 2993 3586 intelligibiles
3018 3529 3173 3570 mens
3199 3513 3416 3584 quidem
3468 3521 3653 3568 nostra
3683 3510 3855 3566 intel-

2255 3610 2472 3684 ligendo
2519 3608 2802 3678 conspicit,
2849 3607 2942 3661 sed
2991 3605 3081 3660 ubi
3129 3603 3406 3667 delirium,
3452 3592 3741 3657 nesciendo
3778 3601 3862 3655 di-

2257 3700 2359 3757 scit
2390 3699 2454 3753 ¹³.
2479 3698 2684 3753 Delicta
2711 3698 2846 3752 enim
2873 3697 2989 3768 quis
3026 3693 3268 3766 intelligit
3306 3714 3324 3745 δ
3357 3693 3385 3733 ιο
3412 3693 3424 3745 !
3524 3686 3530 3693 ’

2330 3789 2395 3845 γ.
2438 3788 2536 3845 llis
2572 3786 2755 3858 itaque
2790 3786 3091 3841 rationibus
3139 3783 3462 3838 inconcusse
3486 3780 3530 3812 ¹³
3556 3778 3859 3847 colligitur,

2256 3895 2473 3939 onmem
2503 3892 2795 3953 perversae
2831 3875 3126 3931 voluntatis
3166 3871 3438 3930 defectum
3474 3870 3557 3925 vel
3589 3869 3856 3941 privatio-

2260 3988 2382 4028 nem
2421 3970 2502 4025 vel
2548 3979 2856 4039 pcccatutn,
2892 3967 2974 4021 vel
3005 3979 3223 4038 quoquo
3260 3963 3419 4018 modo
3448 3959 3628 4016 vocari
3678 3959 3859 4029 possit

2261 4072 2439 4117 motus
2477 4046 2565 4115 ille
2596 4059 2777 4116 letifer
2800 4058 2867 4124 ιδ,
2891 4075 2999 4130 quo
3030 4070 3301 4113 sumntum
3331 4055 3529 4109 bonum
3561 4044 3864 4114 deseritur,

2259 4152 2600 4224 adiciturque
2638 4153 2863 4222 spiritus
2887 4152 3108 4214 vadens,
3137 4159 3192 4204 ct
3219 4164 3325 4203 non
3355 4147 3589 4207 rediens,
3624 4141 3863 4210 ﬁnisque

2263 4246 2453 4317 ipsius,
2472 4260 2619 4300 mors
2638 4241 3161 4324 plane,miseriaque
3191 4237 3577 4310 suppliciorum
3607 4240 3862 4287 aeterna-

2261 4339 2410 4402 liutn,
2441 4338 2664 4394 omnino
2690 4336 2824 4393 nihil
2856 4350 2998 4392 esse.
3027 4331 3203 4389 Omne
3247 4330 3447 4401 quippe
3499 4339 3692 4382 carens
3740 4340 3864 4378 ma-

2263 4428 2421 4494 teria,
2449 4426 2642 4491 forma,
2667 4426 2954 4497 Specieque
2976 4422 3164 4495 procul
3184 4420 3349 4477 dubio
3374 4418 3504 4473 nihil
3529 4425 3641 4482 est;
3674 4412 3862 4469 omnis

2263 4530 2447 4573 autem
2497 4531 2679 4572 rerum
2721 4514 3002 4579 absentia,
3052 4527 3351 4583 earumque
3399 4507 3639 4565 defectus
3681 4505 3860 4561 tribus

570 4615 988 4687 consequentias
1010 4614 1065 4671 in
1115 4624 1291 4668 morte
1341 4624 1504 4682 atque
1556 4609 1774 4669 miseria
1820 4608 2158 4669 constitutas,
2193 4616 2239 4676 ι)
2266 4608 2561 4679 praedictis
2585 4621 2775 4663 carere
2802 4605 3148 4661 manilestum
3173 4610 3274 4657 est.
3307 4598 3538 4655 Omnino
3558 4597 3719 4668 igitur
3746 4611 3859 4650 non

571 4722 681 4762 non
696 4706 841 4761 aliud
867 4720 1007 4769 esse,
1037 4705 1457 4775 quamintegrae
1472 4702 1615 4757 vitae
1645 4701 1943 4778 beataeque
1966 4714 2162 4754 corrua

577 4797 818 4868 ptiones;
846 4797 941 4863 ita,
970 4806 1029 4852 ut
1046 4795 1256 4867 singula
1284 4793 1514 4864 singulis
1541 4799 1905 4862 opponantur,
1937 4789 2162 4862 integri-

575 4889 668 4943 tati
703 4890 918 4958 quidem
949 4898 1254 4961 peccatum,
1286 4887 1424 4942 vitae
1453 4879 1619 4951 mors,
1651 4884 1969 4940 beatitudini
1998 4884 2165 4940 raise-

2267 4712 2414 4756 sunt.
2442 4701 2521 4754 Ac
2547 4714 2645 4772 per
2677 4700 2780 4760 hoc
2823 4698 2935 4753 nec
2954 4695 3214 4768 pmesciri
3250 4693 3314 4759 ",
3338 4706 3439 4746 nec
3463 4687 3860 4762 praedestinari

2269 4792 2339 4846 ab
2366 4807 2453 4855 eo,
2484 4792 2576 4861 qui
2627 4806 2838 4846 suntme
2881 4799 2985 4851 est,
3021 4794 3247 4858 possunt
3274 4795 3320 4837 ο.
3357 4783 3403 4840 0
3431 4782 3695 4842 miranda,
3746 4779 3864 4836 imo

2270 4883 2498 4938 dolenda
2537 4884 2772 4938 caecitas
2798 4897 3004 4945 eorum,
3043 4879 3131 4951 qui
3175 4894 3207 4934 ε
3252 4875 3526 4933 contrario
3561 4871 3881 4942 intelligere-

1861 5035 2117 5094 VARIAE
2150 5033 2550 5094 LEC'I‘IONES.

574 5187 578 5191 ⁴
652 5184 845 5239 ‘Cort'.
879 5182 946 5242 Μ,
981 5180 1103 5236 ιοιι.
1129 5178 1558 5233 commutatione.
1652 5176 1673 5206 ⁸
1702 5176 1857 5230 Corr.
1885 5175 1942 5235 Il,
1969 5174 2100 5230 Cod.
2126 5174 2445 5229 beatitatem.
2526 5174 2549 5206 ³
2571 5172 2660 5229 Sic
2689 5175 2832 5238 cod.,
2884 5172 2955 5227 al.
2991 5172 3193 5241 justas.
3270 5170 3290 5201 ⁸
3321 5167 3603 5242 δὶεεοιι.ζ
3631 5164 3702 5242 al_.
3745 5165 3864 5233 [or-

579 5258 665 5311 tis.
766 5254 789 5289 ⁸
828 5253 960 5310 Cod.
1010 5252 1262 5306 lusitudo.
1360 5248 1533 5302 ‘tlod.
1592 5247 1829 5301 discisio.

1922 5246 1942 5277 "
1984 5246 2115 5301 Cod.
2170 5247 2521 5300 dimminutio.

2604 5248 2625 5277 ⁸
2659 5246 2731 5300 al.
2777 5236 3026 5313 deﬁciens
3072 5244 3344 5314 quianec
3374 5238 3486 5314 illa
3524 5236 3727 5314 effectio
3775 5245 3859 5290 est

580 5307 670 5383 icit
720 5307 957 5396 defectio.
1035 5324 1057 5357 ⁹
1079 5323 1147 5376 al.
1174 5337 1317 5391 ergo.
1396 5316 1438 5351 ’τ’
1463 5319 1565 5396 ξὶς
1580 5319 1729 5396 cod._,
1762 5316 2321 5396 cort'._scic:nlttt_n
2346 5326 2439 5370 ut.
2522 5318 2561 5396 ξι
2588 5317 2681 5372 Sic
2710 5307 2856 5377 cod.,
2891 5315 2960 5367 il.
2984 5307 3189 5378 videre,
3215 5312 3290 5367 ita
3314 5310 3499 5367 etiam.
3578 5308 3620 5338 ³³
3646 5307 3716 5360 al.
3738 5322 3860 5362 cono

580 5398 753 5456 discit.
786 5388 794 5396 ’
834 5396 878 5427 ⁸³
899 5395 1031 5450 Cod.
1070 5388 1370 5447 inconcuse.
1452 5389 1493 5419 ⁸³
1526 5388 1660 5447 Cod.
1690 5388 1913 5456 loctifer.

2016 5385 2062 5418 ³⁸
2081 5385 2236 5441 Corr.
2276 5386 2344 5441 Μ.
2373 5390 2618 5453 pt'cscire.

2118 5497 2297 5555 NO'I'A
2309 5500 2368 5554 I'I.’
2390 5496 2396 5503 ’

654 5646 679 5671 εί
711 5628 994 5700 Augustin.
1023 5640 1203 5700 (uttfo
1231 5621 1805 5700 epistolamfundam:
1842 5641 1896 5700 te;

656 5702 686 5743 ἱ)
715 5691 997 5757 Λιιῖξιιειὶη.
1019 5700 1083 5752 tle
1103 5691 1324 5752 (Iiritute
1352 5696 1445 5751 Dei
1478 5694 1647 5755 XIIJ.
1681 5694 1825 5749 l’sal.
1861 5692 2039 5753 XVIII,
2081 5691 2161 5745 I5.

659 5785 675 5812 τ
872 5743 1082 5825 νύξις-ει.
1118 5748 1432 5823 ⁵Ιέειηιιιιιιιι
1492 5743 1707 5833 τιιιέειειιι
1753 5764 1964 5836 propria
1996 5743 2166 5819 homi-

583 5847 673 5903 nis
698 5845 971 5901 voluntate
1018 5852 1278 5908 ιιςιεςηηι·³
1330 5842 1421 5895 sed
1469 5856 1496 5892 a
1533 5840 1638 5894 Deo
1681 5848 1727 5889 et
1775 5836 2075 5910 praescitur
2114 5841 2169 5885 et

2266 5623 2504 5692 punitur.
2532 5623 2672 5677 Mors
2700 5623 2844 5681 item,
2877 5636 3016 5691 quae
3030 5630 3114 5674 est
3134 5619 3406 5692 separatip
3434 5619 3646 5692 animae
3663 5626 3837 5692 etcor
3864 5661 3879 5668 -

2271 5688 2435 5760 puris,
2455 5706 2504 5747 ct
2537 5711 2742 5764 poenae
2768 5688 3090 5765 gelte'nnales
3107 5688 3482 5765 tt_QII_lIiSi-De_0
3506 5690 3685 5761 judice
3702 5689 3872 5758 liunt,

2270 5765 2497 5835 ideoque
2517 5760 2582 5822 ab
2606 5780 2672 5819 eo
2694 5760 3088 5835 praeiaciuntur.
3110 5762 3191 5815 tif.
3216 5760 3379 5816 Prud.
