4236 6072
514 241 618 305 601

1609 248 1810 306 mssa
1851 250 1937 308 DF.
1975 235 2678 309 passossnuutoau.

3657 253 3766 310 409.

515 353 793 424 ﬁnitionis,
845 359 1188 430 quosnullus
1231 371 1374 419 recte
1417 362 1754 419 credentium
1783 373 1878 418 aut.
1907 365 2084 420 minus
2113 368 2160 424 Λ
2187 378 2374 418 verum
2418 373 2524 428 est,
2568 379 2688 431 sua,
2738 380 2874 434 quae
2921 364 3029 420 falli
3075 367 3381 434 mutarique
3425 382 3530 421 non
3561 375 3756 436 potest,

511 456 716 514 artare,
747 459 838 504 aut
868 449 994 522 plus
1021 453 1182 508 audet
1228 455 1536 516 extendere,
1571 457 1750 512 nullus
1786 440 2086 523 contentio-

513 551 610 595 sus
639 547 816 608 potest
843 541 1137 598 inﬁrmare.
1165 543 1221 598 in
1249 543 1390 602 libro
1417 545 1485 602 ad
1512 543 1832 617 i’rospcrnm
1861 556 1914 602 et
1939 545 2085 622 l~_lila-

517 628 656 684 rium
679 647 693 686 :
713 650 732 682 ι
753 629 1183 690 Praedestinatio
1193 643 1279 690 est
1298 654 1346 700 ι,
1363 636 1556 706 inquit,
1581 656 1600 688 ‹
1623 652 1761 706 quae
1779 636 1901 694 sine
1928 653 2087 706 prac-

512 720 738 780 scientia
764 738 868 797 Iron
897 732 1070 794 potest
1083 737 1228 780 esse.
1252 723 1438 782 Potest
1464 737 1646 782 autem
1659 743 1780 784 esse
1795 727 1914 782 sine
1941 743 2096 798 prac-

511 810 875 870 desti::atiotte
912 817 1292 886 ptaescientia.
1337 815 1841 874 Praedestiuatioae
1890 817 2092 888 quippe

513 901 661 960 Deus
683 919 746 960 ea
777 907 1094 977 praescivtt,
1123 922 1262 977 quae
1295 907 1472 964 fuerat
1498 908 1611 979 ipse
1639 909 1876 966 facturus
1901 927 1916 965 :
1951 911 2098 965 unde

513 992 717 1049 dictum
749 1006 833 1052 est
860 997 1009 1064 fecit,
1037 1015 1176 1068 (prae
1203 991 1381 1058 futura
1411 1011 1556 1056 sunt.
1594 998 1878 1057 Praescire
1907 1008 2094 1056 autem

512 1086 730 1156 potest‘
765 1089 950 1152 etiam,
971 1105 1109 1160 «piae
1137 1089 1252 1160 ipse
1277 1105 1381 1145 non
1397 1083 1552 1154 facit,
1571 1091 1712 1146 sicut
1739 1105 2100 1162 quaecunque

512 1185 734 1246 pcenata
756 1190 782 1218 ιι
820 1198 867 1234 ι.
947 1241 954 1248 _

589 1265 698 1322 γιι.
751 1262 1006 1334 Attende,
1060 1269 1238 1341 qualis
1291 1271 1364 1331 sit
1406 1272 1507 1328 ista
1561 1273 1822 1338 deii‘nitio,
1871 1289 2010 1346 quae
2060 1291 2092 1331 a

513 1353 816 1414 diﬂ'ercnlia
841 1367 923 1418 est
953 1369 1227 1432 assumpta
1253 1363 1296 1417 '.
1324 1363 1420 1418 Est
1449 1364 1615 1435 igitur
1643 1365 1768 1422 talis
1789 1365 2093 1422 differentia

514 1447 1215 1520 interpraedestinationem
1231 1455 1736 1525 etpraescientiam,
1753 1456 1896 1528 quod
1918 1457 2106 1513 omnis
2142 1457 2146 1461 ’

507 1541 939 1614 praedestinatio
967 1545 1326 1615 praescien-tia
1345 1586 1360 1610 ,
1385 1561 1489 1602 non
1519 1557 1699 1603 autem
1727 1549 1906 1605 omnis
1935 1543 2096 1620 prae-

515 1633 740 1690 scientia
773 1621 1212 1706 praeiestinatio.
1263 1637 1634 1698 Praescientia
1670 1656 1904 1712 namque
1955 1644 2102 1714 ipsa,

513 1739 624 1798 qua
671 1726 814 1783 Deus
837 1726 1126 1798 praescii-it
1169 1743 1259 1796 ea,
1287 1746 1429 1802 quae
1458 1731 1630 1788 fuerat
1676 1733 1790 1804 ipso
1829 1715 2101 1800 facturus,
2127 1723 2170 1784 Β

420 1810 433 1878 '.
517 1821 940 1892 praedestiaatio
983 1839 1108 1881 vero
1153 1807 1568 1900 specialiterque
1609 1829 1825 1884 dicitur.
1858 1830 1931 1885 Ea
1967 1847 2097 1888 vero

514 1913 901 1986 praescieatia,
914 1931 1017 1984 qua
1031 1933 1093 1971 ea
1104 1957 1118 1981 ,
1131 1932 1272 1988 quae
1288 1933 1394 1973 non
1415 1917 1569 1986 facit,
1584 1921 1794 1990 praesci
1803 1923 1896 1986 vit,
1923 1923 2094 1991 idest,

517 2013 740 2077 peccata
767 2023 1064 2080 eorumque
1088 2025 1310 2080 poenas,
1326 2014 1683 2084 praescientia
1714 2015 1960 2072 absolute
1983 2017 2098 2088 pla-

513 2094 970 2164 .cuit.vocari,ita,
996 2107 1053 2154 ut
1082 2115 1144 2155 ea
1165 2103 1534 2159 tantummodo
1550 2106 1930 2174 praescientia,
1959 2123 2099 2178 quae

422 2251 440 2265 ,
519 2187 720 2246 dicitur
756 2191 1200 2262 praedestinatio,
1226 2193 1281 2250 in
1311 2193 1460 2252 bono
1482 2199 2096 2270 semper-intelligatur;

519 2277 632 2339 loia
663 2295 792 2339 vero
821 2282 1176 2354 praescientia
1204 2281 1322 2343 sine
1349 2287 1843 2358 praedestinatione
1873 2293 2100 2350 omnino

521 2369 784 2428 malorum
812 2383 917 2438 (st,
949 2389 1090 2444 quae
1117 2373 1262 2431 Deus
1291 2392 1396 2433 non
1436 2376 1586 2434 facit.
1617 2379 1681 2434 Et
1707 2395 1775 2435 ne
1804 2381 1943 2438 ullus
1975 2383 2100 2440 inde

515 2457 810 2526 dubitaret,
843 2464 1040 2537 adjecit
1088 2484 1106 2523 :
1165 2488 1184 2522 ι
1229 2464 1493 2537 Quocirca
1529 2474 1954 2541 praedestinatio
1981 2475 2096 2542 Dei,

521 2571 662 2626 quae
684 2557 736 2611 in
752 2559 892 2613 bono
912 2566 1018 2622 est,
1037 2559 1244 2632 gratiae
1272 2569 1356 2618 est
1383 2565 1758 2634 praeparatio;
1783 2566 1955 2637 gratia
1973 2582 2102 2624 vero

521 2658 603 2704 est
635 2649 802 2720 ipsius
821 2652 1326 2720 praedestinationis
1341 2653 1564 2711 effectus
1589 2656 1618 2696 δ
1649 2677 1692 2715 r.
1714 2648 1862 2712 idem
1882 2659 1936 2713 in
1961 2658 2101 2715 libro

523 2739 591 2796 de
617 2741 768 2798 Dono
795 2744 1227 2812 perseverantiae
1249 2746 1437 2804 eadem
1453 2746 1664 2819 planius
1682 2740 1855 2820 aperit
1881 2751 2099 2807 «licens:

529 2850 551 2886 ο
581 2833 685 2888 ista
736 2835 899 2905 igitur
929 2851 1025 2892 sua
1056 2837 1214 2904 dona,
1266 2839 1676 2911 quibuscunque
1730 2841 1868 2898 Deus
1919 2841 2102 2910 donat,

521 2927 708 2991 procul
761 2926 926 2982 dubio
952 2944 1011 2984 se
1043 2930 1294 2985 daturum
1334 2945 1459 2989 esse
1505 2934 1816 3004 praescivit,
1841 2946 1895 2991 et
1926 2937 1978 2990 in
2007 2952 2109 2992 sua-

525 3019 882 3087 praescicutia
915 3022 1276 3090 praeparavit.
1308 3021 1454 3090 Quos
1507 3039 1646 3097 ergo
1675 3026 2103 3095 praedestinavit,

522 3107 666 3178 ipsos
692 3119 740 3164 et
769 3113 966 3190 vocarit
990 3123 1039 3178 ο,
1065 3114 1351 3170 vocatione
1377 3115 1486 3180 illa,
1509 3107 1576 3171 de
1595 3132 1702 3189 qua
1731 3117 1934 3174 dictum
1975 3128 2061 3175 est
2088 3135 2103 3174 :
2133 3099 2178 3162 ε

527 3197 656 3256 Sine
702 3203 1016 3271 poenitentia
1045 3214 1167 3259 sunt
1196 3207 1334 3262 dona
1359 3217 1408 3261 et
1441 3209 1644 3278 paratio
1671 3191 1768 3264 Dei
1787 3209 1836 3264 ἀ.
1865 3210 2110 3282 Namque
2149 3255 2153 3258 .

526 3289 584 3350 in
611 3307 729 3359 sua,
757 3307 898 3364 quae
923 3293 1032 3350 falli
1061 3298 1364 3369 mutarique
1389 3316 1494 3354 non
1520 3308 1718 3370 potest,
1751 3302 2106 3372 praescientia

527 3382 694 3452 opera
745 3399 844 3440 sua
893 3382 1068 3441 futura
1100 3379 1410 3460 disponere,
1453 3390 1504 3445 id
1557 3391 1806 3457 omnino,
1837 3407 1934 3450 nec
1963 3393 2108 3448 aliud

527 3476 824 3548 quidquam
862 3490 946 3534 est
979 3482 1386 3550 praedestinare
1431 3494 1456 3525 ο
1510 3504 1554 3538 ι.
1609 3485 1746 3542 liuic
1775 3485 2112 3544 clarissimae

529 3566 691 3623 tubae
719 3577 882 3640 atque
913 3573 1292 3642 apertissimae
1326 3573 1760 3633 Clu-iatianorum
1805 3574 2108 3636 castrorum

526 3657 655 3727 quis
682 3659 964 3717 dissonare
989 3661 1011 3694 ³
1039 3665 1389 3732 praesumat?
1419 3664 1569 3732 Quae
1594 3667 1934 3738 apertissima
1980 3683 2114 3726 voce

421 3798 444 3815 ,
529 3763 788 3806 resonare
838 3751 1192 3818 nondesinit,
1245 3754 1298 3808 id
1342 3755 1585 3822 omnino,
1633 3773 1734 3815 nec
1777 3758 1922 3815 aliud
1967 3775 2110 3827 esse,

531 3841 700 3895 Deum
747 3843 1178 3912 praedestinare,
1207 3835 1368 3914 quam
1411 3849 1766 3916 praescientia
1799 3865 1894 3904 sna
1925 3865 2111 3920 opera,

528 3948 669 4004 quae
719 3934 831 4004 ipse
873 3932 1116 3990 facturus
1139 3935 1341 4001 fuerat,
1378 3937 1686 4008 disponere.
1737 3938 1856 4006 Dic,
1887 3955 2113 4009 quaeso,

531 4036 710 4082 utrum
743 4026 844 4080 ista
877 4025 1124 4084 deﬁnitio
1163 4029 1677 4099 praedestinationis
1716 4047 1840 4089 vera
1891 4035 2000 4100 sit,
2043 4051 2115 4090 an

530 4116 710 4174 falsa?
741 4117 796 4172 Si
831 4117 960 4174 falsa
991 4126 1095 4182 est,
1147 4121 1482 4192 reprehende
1505 4123 1882 4191 Augustinum;
1911 4125 1956 4180 si
1989 4139 2113 4200 vera

529 4219 636 4274 est,
671 4209 794 4264 talis
821 4209 936 4264 ﬁeri
977 4226 1200 4268 necesse
1221 4220 1324 4276 est,
1353 4213 1531 4282 qualis
1561 4213 1674 4284 ipse
1703 4215 1781 4270 ait
1807 4216 1859 4270 in
1888 4215 2028 4270 libro
2049 4219 2117 4271 de

439 4326 448 4335 -
531 4297 746 4355 animae
777 4301 1081 4370 quantitate
1129 4317 1146 4356 :
1198 4320 1218 4352 ι
1255 4301 1508 4361 Deﬁnitio
1533 4302 1553 4336 ⁸
1585 4304 1722 4362 nihil
1751 4305 1948 4370 utiuus,
1984 4305 2117 4361 nihil

533 4390 766 4462 amplius
794 4393 1055 4460 continet,
1082 4409 1246 4466 quam
1283 4395 1357 4462 id,
1397 4397 1540 4466 quod
1576 4407 1888 4468 susceptum
1917 4408 2000 4455 est
2023 4414 2120 4454 ex-

531 4459 872 4552 plicandum;
901 4459 1058 4540 aliter
1085 4459 1308 4541 onmino
1336 4459 1527 4544 vitiosa
1555 4497 1639 4544 est
1669 4487 1688 4528 ΐ
1808 4489 1998 4545 Utrum
2020 4505 2117 4544 au-
2150 4459 2195 4516 υ
2222 4492 2364 4562 quod
2393 4459 2596 4560 posuit,
2621 4475 3046 4559 praedestinavit
3067 4481 3134 4536 ad
3161 4492 3412 4551 poenam.

535 4582 646 4642 tero
686 4572 990 4645 hujusmodi
1025 4577 1169 4633 vitiis
1194 4586 1400 4643 careat,
1437 4580 1793 4636 conversione
1821 4581 1841 4612 '
1871 4579 2120 4652 explora.

539 4671 644 4805 “fl?
1045 4736 1443 4794 camuwu
1483 4738 1592 4805 xu.

857 4816 933 4882 De
957 4828 1260 4897 definin'one
1281 4821 1794 4898 praedestinationia.

619 4938 660 4997 Ι.
685 4937 990 5010 Fiatigitur
1038 4937 1197 5008 huius
1233 4930 1562 4997 delinitiunis
1598 4942 1882 4998 conversio
1924 4943 2022 4997 sic.
2057 4941 2115 4997 Si

2187 458 2544 528 praescicntia
2570 473 2734 528 Opera
2765 473 2862 513 sua
2894 459 3071 512 futura
3107 459 3410 528 disponere,
3435 459 3488 514 id
3515 459 3761 521 omnino,

2189 567 2290 606 nec
2315 551 2456 604 aliud
2487 551 2778 621 quidquam
2801 559 2886 605 est
2909 549 3310 621 praedestinare
3342 543 3570 604 {rerum
3601 560 3684 604 est
3711 549 3764 604 id

2189 641 2435 698 omnino:
2455 658 2554 698 nec
2568 641 2710 698 aliud
2731 641 3022 712 quidquam
3043 655 3126 696 est
3155 641 3576 711 praedestinare,
3599 656 3764 708 quam

2190 733 2254 790 in
2271 747 2393 798 sua,
2424 750 2566 805 quae
2596 733 2705 788 falli
2735 733 3159 802 mntariquenou
3185 741 3382 802 potest.
3409 730 3768 800 praescieutia

2189 840 2353 896 opera
2380 840 2482 880 sua
2501 825 2682 880 futura
2704 823 3010 894 disponere.
3041 821 3179 878 Hinc
3204 820 3490 877 coniicitur
3507 819 3610 875 alia
3637 835 3770 875 con-

2189 917 2388 972 versio.
2424 915 2482 972 Si
2524 916 2702 972 omnis
2751 914 3126 984 praescientia,
3160 929 3268 982 qua
3296 914 3440 968 Deus
3476 926 3642 982 opera
3668 925 3770 964 sua

2191 1009 2380 1064 futura.
2414 1007 2694 1078 disposuit,
2728 1005 2906 1061 divina
2945 1004 3368 1076 praedestinatio
3393 1011 3478 1058 est
3521 1018 3537 1056 :
3589 999 3776 1056 omnis

2192 1097 2636 1170 praedestinatio,
2662 1115 2768 1169 qua
2800 1097 2944 1153 Deus
2969 1113 3135 1167 opera
3152 1113 3246 1152 sua
3275 1095 3456 1150 futura
3483 1090 3776 1166 disposuit.

2193 1193 2372 1248 diVina
2395 1191 2755 1265 praescii-otia
2767 1200 2854 1246 est
2877 1207 2892 1244 :
2915 1189 3199 1246 coniicitur
3223 1204 3369 1258 ergo,
3393 1185 3770 1258 praedestina-

2195 1287 2396 1342 tionem
2422 1285 2522 1341 Dei
2564 1301 2678 1342 non
2715 1300 2836 1340 esse
2873 1284 2974 1340 nisi
3011 1285 3065 1340 ia
3101 1282 3358 1354 operibus
3386 1281 3524 1351 eius.
3555 1293 3777 1351 quauao

2196 1377 2329 1435 nihil
2363 1378 2560 1440 minus,
2593 1376 2725 1443 nihil
2769 1375 3002 1448 amplius
3024 1375 3334 1432 continetur
3355 1366 3548 1441 ineius
3579 1367 3774 1426 delini-

2197 1467 2340 1533 tione
2365 1476 2582 1539 praeter
2604 1452 2906 1524 divinorum
2919 1480 3144 1536 operum
3173 1461 3598 1532 dispositionem.

2265 1560 2334 1618 ιι.
2362 1560 2469 1616 Sed
2499 1562 2566 1616 ad
2593 1560 2728 1615 haec
2747 1557 2994 1630 dicturus
3017 1571 3080 1612 es
3108 1573 3123 1609 :
3154 1553 3235 1609 Ad
3281 1552 3376 1608 Dei
3406 1565 3568 1620 opera
3607 1547 3776 1618 perti-
3869 1580 3876 1590 ς

2197 1668 2353 1717 nere,
2379 1637 2894 1724 justeqdamoaados
2937 1644 3356 1717 praedestinare
3399 1642 3468 1698 ad
3515 1647 3772 1712 poenam,

2197 1745 2338 1802 sicut
2380 1745 2448 1802 ad
2483 1743 2601 1814 eius
2621 1757 2787 1813 opera
2811 1727 3064 1811 pertinet,
3089 1737 3262 1808 gratia
3288 1733 3575 1790 salvandos
3618 1745 3776 1802 prac«

2199 1837 2472 1908 destinare
2487 1837 2554 1892 ad
2575 1833 2989 1899 beatitudinem,
3001 1841 3060 1888 et
3079 1833 3184 1887 hoc
3199 1827 3521 1886 testimoniis
3534 1825 3782 1895 ejusdem

2199 1931 2374 1988 sancti
2396 1927 2678 2000 Augustini
2705 1926 2922 1981 ﬁrmare
2942 1923 3248 1980 conaberis.
3271 1919 3424 1988 Quae
3449 1933 3536 1983 eo,
3561 1931 3667 1986 quo
3689 1929 3786 1986 po-

2201 2023 2376 2082 suisti.
2405 2021 2595 2076 ordine
2631 2019 2930 2090 posuimus,
2958 2024 3020 2070 ut
3047 2015 3101 2068 iu
3125 2014 3230 2075 eis,
3257 2027 3364 2067 non
3399 2009 3544 2080 quod
3577 2017 3653 2074 tu,
3688 2005 3803 2066 sed-

2201 2115 2344 2188 quod
2384 2113 2474 2170 ille
2519 2112 2708 2178 voluit,
2756 2110 3054 2165 videamus.
3085 2106 3324 2175 Quorum
3361 2102 3406 2158 si
3441 2115 3607 2186 unum
3637 2106 3788 2154 recte

2202 2207 2362 2264 fuerit
2401 2205 2740 2277 expositum,
2789 2199 3016 2257 subiciet
3065 2199 3366 2254 ad'ccte'ra
3419 2190 3782 2263 intelligenda.

2200 2298 2473 2354 Ponamus
2497 2309 2625 2366 ergo
2651 2293 2778 2348 illud
2796 2311 2840 2344 τι
2864 2282 3057 2362 Magno
3079 2302 3235 2358 opera
3268 2283 3498 2349 Domini,
3525 2279 3787 2352 exquisita

2201 2391 2258 2444 in
2293 2404 2472 2443 eamea
2502 2385 2789 2442 voluntates
2815 2383 2930 2449 eius
2955 2383 3004 2446 ⁸,
3033 2391 3088 2438 ει
3115 2390 3224 2435 tam
3253 2375 3530 2448 sapienter
3551 2371 3787 2442 exquisi.

2205 2492 2281 2549 ta,
2305 2489 2383 2542 ut.
2405 2495 2528 2536 cum
2554 2472 2793 2548 angelica
2815 2484 2865 2532 et
2889 2477 3121 2529 lutinana
3143 2481 3386 2526 creatura
3410 2471 3707 2538 peccasset,
3727 2461 3782 2514 id

2203 2583 2309 2636 est,
2365 2587 2472 2627 non
2501 2570 2642 2640 quod
2669 2568 2756 2621 ille
2779 2609 2794 2632 ,
2825 2566 2919 2638 sed
2974 2563 3116 2635 quod
3145 2559 3311 2616 voluit
3359 2557 3512 2630 ipsa.
3547 2553 3781 2615 iecisset,

2205 2663 2367 2719 etiam
2383 2677 2481 2732 per
2503 2661 2730 2716 eandem
2757 2665 3038 2715 creaturae
3059 2652 3387 2707 voluntatem
3413 2689 3430 2714 ,
3451 2664 3555 2718 qua
3580 2645 3785 2700 factum

2206 2753 2472 2825 cst,quod
2497 2753 2724 2808 Creator
2750 2748 2920 2804 noluit
2943 2787 2958 2812 ,
2991 2745 3240 2817 impleret
3262 2742 3398 2813 ipse,
3427 2739 3569 2805 quod
3594 2735 3788 2797 voluit,

2206 2850 2346 2907 bene
2397 2855 2557 2904 utens
2595 2853 2650 2901 et
2701 2843 2902 2907 malis,
2957 2848 3212 2910 tanquam
3241 2847 3450 2892 summe
3479 2835 3672 2895 bonus,
3718 2829 3788 2886 ad

2208 2956 2399 2997 eorum
2425 2923 2844 3000 damnationem,
2880 2947 3018 3004 quos
3055 2931 3201 3000 iuste
3245 2925 3672 3000 praedestinavit
3721 2921 3792 2975 ad

2210 3046 2437 3105 poenam
2453 3071 2466 3092 ,
2499 3027 2632 3084 etad
2657 3041 2847 3083 eorum
2873 3021 3130 3084 salutem,
3157 3032 3298 3091 quos
3309 3016 3540 3086 betdgne
3558 3019 3787 3084 ιιι-δευρί

2211 3122 2432 3181 stinavit
2455 3121 2523 3178 ad
2571 3118 2799 3192 gratiam
2823 3115 2855 3158 ιι
2886 3134 2931 3172 ο.
2961 3113 3101 3170 Ecce
3127 3112 3185 3166 in
3209 3125 3316 3164 una
3346 3107 3647 3174 eademque
3669 3116 3792 3156 scn-

2212 3215 2408 3272 tentia:
2429 3233 2446 3266 t
2470 3207 2954 3271 Praedestinavitt,
2971 3203 3194 3274 initum.
3217 3200 3282 3256 ad
3303 3202 3790 3272 poeitatm,tpr:te-

2210 3305 2501 3364 destinavit
2523 3303 2590 3358 ad
2617 3301 2848 3372 gratiam
2867 3318 2913 3354 ι.
2953 3295 3440 3366 Ubi,quaesun'tus,
3465 3284 3794 3358 respondeas

2211 3398 2280 3453 ad
2299 3411 2386 3462 ea,
2403 3408 2542 3465 quae
2563 3376 2977 3462 interrogamus,
2999 3393 3180 3440 utrum
3211 3383 3278 3438 ad
3288 3377 3554 3452 justitiam
3575 3375 3690 3438 Dei,
3719 3389 3791 3465 an

2211 3489 2279 3544 ad
2321 3463 2438 3558 ejus
2479 3483 2708 3556 gratiam
2751 3477 3022 3550 pertineat
3057 3465 3692 3558 praedestinareiimpios
3728 3463 3796 3558 ad

2211 3553 2440 3648 poenam
2465 3553 2504 3627 2⁷
2549 3568 2940 3642 Respondebis,
2997 3564 3194 3630 credo,
3251 3561 3322 3618 ad
3349 3557 3656 3648 justitiam;
3694 3553 3798 3648 ait

2213 3644 2379 3729 enim,
2397 3680 2536 3736 quos
2549 3662 2693 3733 iuste
2715 3655 3137 3734 praedestinavit
3157 3653 3225 3710 ad
3239 3665 3490 3724 poenam,
3515 3661 3622 3702 non
3639 3644 3804 3716 igitur

2213 3759 2280 3815 ad
2302 3757 2552 3830 gratiam.
2569 3756 2647 3812 Ac
2668 3769 2766 3827 per
2795 3753 2922 3818 hoc,
2945 3751 2992 3807 si
3014 3763 3222 3821 poenae
3249 3739 3676 3817 praedeStinatio
3703 3738 3804 3830 do-

2215 3828 2342 3908 num
2386 3849 2480 3908 Dei
2509 3863 2614 3904 non
2643 3855 2750 3911 est,
2796 3843 2894 3901 sed
2933 3839 3142 3916 peccati
3165 3835 3449 3907 judicium,
3491 3828 3806 3888 necessario

2215 3943 2484 4013 sequitur,
2514 3945 2697 3995 utaut
2747 3934 2942 3992 l‘alsum
2968 3933 3062 4000 sit,
3114 3929 3260 4004 quod
3310 3929 3422 3999 ipse
3475 3922 3807 4021 Augustinus

2216 4035 2292 4092 ait
2328 4053 2341 4088 :
2383 4053 2400 4085 ι
2429 4026 2859 4091 Praedestinatio
2889 4024 2981 4080 Dei
3000 4065 3014 4091 ,
3044 4037 3183 4094 quae
3222 4021 3280 4075 in
3302 4020 3444 4076 bono
3464 4023 3569 4080 est,
3601 4019 3808 4084 gratiae

2217 4141 2299 4186 est
2319 4126 2660 4200 praeparatio
2687 4125 2702 4164 ί
2744 4143 2762 4175 ι
2784 4137 2801 4189 ;
2824 4128 2916 4176 aut
2937 4135 2969 4175 c
2993 4113 3268 4174 contrario
3283 4110 3553 4181 accipitur
3579 4103 3806 4200 praede-

2219 4195 2438 4278 stinatio
2456 4195 2790 4289 poenarum.
2828 4213 2923 4269 Est
2951 4220 3134 4266 autem
3157 4220 3346 4262 verum
3369 4210 3424 4258 et
3446 4195 3804 4259 immutabile,
3873 4249 3878 4254 ,

2218 4310 2359 4381 quod
2377 4309 2536 4372 dixit,
2563 4294 2984 4376 praedestinatio
3011 4299 3128 4365 Dei,
3152 4310 3294 4379 quae
3322 4293 3532 4350 inbono
3552 4297 3659 4381 est,
3681 4301 3806 4381 pra-

2223 4375 2330 4456 tiae
2348 4410 2431 4456 est
2449 4375 2811 4468 praeparatio.
2830 4375 3243 4458 Econtrarioigi
3252 4394 3340 4441 tur
3365 4379 3591 4454 intelligi
3615 4375 3804 4439 voluit,

2294 4581 2378 4638 ιιι.
2407 4575 2517 4637 Sed
2539 4594 2608 4635 ne
2637 4577 2773 4632 (orte
2793 4574 3019 4645 obiicias
3040 4571 3062 4605 ⁸
3086 4589 3102 4627 :
3125 4570 3240 4626 Non
3265 4560 3810 4636 dixit,praedestiua-

2223 4675 2300 4730 tio
2328 4673 2420 4730 Dei
2449 4684 2530 4728 est
2559 4671 2766 4744 gratiae
2819 4664 3198 4739 praeparatio,
3253 4661 3348 4717 sed
3386 4654 3805 4744 praedestinatin

2226 4765 2343 4826 Dei,
2389 4777 2528 4833 «piae
2556 4740 2608 4816 in
2639 4761 2778 4816 bono
2807 4767 2912 4818 est,
2941 4755 3146 4826 gratiae
3187 4756 3279 4808 est
3309 4745 3670 4820 praeparatio.
3702 4740 3805 4798 Ubi

2223 4855 2596 4910 vidcturiocus
2625 4849 2855 4919 relinqui
2878 4846 3102 4902 alterius
3122 4837 3648 4916 praedestinatiouis,
3666 4850 3805 4900 mni-.-

2223 4954 2478 5015 tauquam
2506 4943 2560 4998 in
2587 4941 2730 4999 malo
2779 4940 2880 5002 sit;
2931 4945 3028 4992 aut
3073 4924 3727 5006 eadempzaedestinatio,
3756 4922 3804 4978 si

1844 5057 2098 5133 VABIAE
2139 5058 2538 5118 LECTIONES.

617 5169 632 5199 ‘
663 5166 734 5221 al.
772 5176 954 5236 potens
979 5177 1072 5221 cst.

1184 5167 1204 5198 ³
1233 5166 1364 5224 Cod.
1414 5183 1674 5244 asumma.

545 5237 756 5294 obicias.

1775 5170 1798 5203 ³
1850 5169 1982 5226 δοκι.
2035 5171 2301 5225 disertam.

3617 5152 3638 5180 ⁶
3669 5150 3800 5206 Cod.

2409 5171 2427 5202 ⁵
2468 5169 2600 5227 Cod.
2637 5168 2856 5238 digium.
2931 5163 2953 5197 ⁵
2977 5166 3107 5220 Cod.
3141 5170 3507 5218 conm-istanc.

2056 5303 2240 5358 ΝΟΤΑ
2251 5305 2308 5359 Ε.

619 5403 950 5474 ξιΑιιςιῑδιιιι.
979 5403 1044 5474 du
1071 5399 1263 5454 l’rucd.
1291 5399 1607 5458 Sanctorum
1638 5417 1687 5465 ς.
1712 5398 1797 5458 10.

621 5472 649 5516 δ
667 5472 954 5539 Augustin.
987 5473 1080 5539 (ει.

617 5551 642 5581 ε
669 5538 826 5596 Rom.
871 5540 994 5603 νη..
1031 5538 1120 5596 50.

617 5610 645 5651 δ
673 5613 827 5668 Rom.
866 5611 958 5677 Χι,
978 5612 1070 5668 20.

625 5691 650 5726 ε
680 5685 962 5754 Augustin.
995 5685 1058 5736 de
1084 5681 1230 5736 Dono
1258 5695 1510 5749 perat-rer.
1539 5697 1586 5733 c.
1615 5681 1692 5736 l7.

2309 5397 2326 5436 τ
2360 5400 2646 5468 Augustin.
2673 5407 2737 5453 (te
2767 5399 3008 5465 Quantit.
3041 5395 3268 5449 aninmo.

2307 5469 2332 5508 ³
2360 5467 2497 5524 Psal.
2531 5468 2645 5532 CX,
2681 5470 2736 5524 2.

2300 5539 2329 5578 1³
2357 5539 2641 5610 Augustin.
2673 5535 3016 5610 Enr/tiridion
3040 5549 3088 5588 c.
3123 5534 3240 5610 illi).

2314 5621 2324 5648 ι
2363 5603 2589 5681 August.
2622 5610 2686 5666 de
2711 5607 2902 5664 I'rard.
2931 5614 3094 5660 sanet.
3121 5621 3170 5660 (ε.
3201 5603 3282 5658 l0.
