4236 6072
548 199 650 256 ιιι-ι

1931 228 2217 289 JOANNlS
2252 230 2448 290 SCOTI

3707 228 3810 289 £08

561 343 823 401 Dicuntur
868 343 963 399 lilii
1005 342 1119 408 Dei,
1159 358 1281 398 cum
1325 346 1431 401 sint
1479 343 1572 401 lilii
1610 345 1956 416 perditionis,
1995 360 2133 416 quos
2161 349 2210 406 Λ
2236 343 2397 399 modo
2421 342 2639 399 vacillat
2670 362 2682 397 :
2721 343 2767 400 si
2812 358 3001 399 omnes
3034 344 3418 413 praedestinati
3459 351 3590 403 sunt
3630 342 3807 404 electi.

558 447 750 489 omnes
778 432 832 488 in
864 434 1142 504 proditore
1183 434 1205 465 ί
1239 449 1337 488 suo
1376 435 1630 489 Dominus
1673 433 1924 506 signavit.
1960 434 2135 490 Orans

558 522 758 593 quippe
800 522 1016 578 Patrem
1049 539 1147 594 pro
1189 525 1376 580 electis
1420 526 1570 581 suis:
1605 523 1770 591 Quos,
1810 526 1916 590 ait,
1947 527 2137 581 dedisti

557 614 711 681 mihi,
739 616 998 688 custodiri
1013 655 1026 679 ,
1052 617 1099 671 et
1129 632 1278 670 nemo
1311 633 1376 671 ex
1408 617 1490 673 his
1515 608 1691 686 periit,
1727 618 1828 672 nisi
1853 616 1997 685 ﬁlius
2021 633 2138 688 per-

557 707 776 762 ditionis
799 719 863 779 t.
883 707 1102 762 Electus
1144 708 1308 776 igitur
1347 708 1627 765 dicebatur
1651 708 1852 773 Judas,
1882 709 2009 779 quia
2044 724 2137 764 vo-

561 804 719 851 catus
761 806 843 853 est
888 796 1032 852 inter
1073 798 1306 864 electos;
1342 798 1485 854 lilius
1512 800 1812 864 dicebatur,
1844 800 1969 870 quia
2000 800 2144 855 inter

565 885 763 942 fratres
782 888 983 945 Christi
1007 904 1037 942 a
1060 889 1427 945 nescientibus
1448 893 1955 946 connmnembatur.
1989 890 2141 947 Sicut

563 986 745 1031 autem
759 976 941 1032 nullus
961 977 1204 1048 atnliigit,
1227 993 1259 1035 e
1281 980 1556 1035 contrario
1574 979 1754 1035 vocari
1772 978 1910 1035 illius
1926 988 2143 1050 praeter

566 1082 682 1129 eos,
710 1068 907 1137 quibus
936 1069 1245 1124 itaet-editas
1267 1079 1498 1139 paterna
1527 1068 1858 1138 chtinatur;
1887 1071 2143 1129 itaecon-

568 1159 736 1214 trario
775 1160 956 1214 vocari
990 1159 1222 1223 electos,
1253 1161 1354 1216 nisi
1394 1162 1521 1233 quia
1564 1161 1843 1217 consortio
1884 1161 2140 1228 aliorum,

567 1264 705 1320 quos
749 1250 896 1320 justo
942 1264 1118 1305 massn
1155 1251 1408 1307 damnata
1452 1252 1508 1308 in
1556 1253 1772 1327 miseria
1818 1252 2043 1318 detinet,
2075 1254 2146 1308 ad

569 1342 923 1399 beatitudinis
942 1344 1196 1414 gaudium
1217 1353 1586 1415 segregantur.
1610 1345 1677 1400 Et
1693 1344 2145 1414 quemadmodum

570 1446 679 1485 non
729 1439 858 1486 sunt
901 1431 994 1486 lilii
1015 1473 1028 1495 ,
1059 1433 1102 1486 si
1132 1450 1237 1487 non
1268 1424 1381 1513 lsint
1405 1434 1699 1499 haeredes,
1739 1433 2004 1511 sic’eiecti
2036 1449 2148 1490 nou

570 1530 698 1576 sunt
718 1561 735 1586 ,
776 1520 823 1576 si
867 1536 974 1577 non
1007 1523 1115 1577 sint
1134 1522 1346 1602 dilecti.
1375 1523 1655 1591 Quomodo
1679 1540 1809 1598 ergo
1830 1525 1932 1580 nisi
1960 1539 1992 1580 e
2016 1539 2149 1579 cou-

570 1612 746 1668 trario
758 1612 1031 1674 diceretur
1041 1613 1068 1669 J
1077 1615 1207 1669 udas
1222 1615 1444 1683 electus,
1465 1616 1531 1670 du
1539 1633 1589 1671 ιιι
1605 1632 1707 1673 non
1724 1624 1869 1672 esset
1887 1617 2155 1674 dilectus?

2237 434 2379 489 unde
2425 446 2585 487 nemo
2633 432 2870 489 ﬁdelium
2918 433 3159 499 dubitat;
3192 448 3382 489 omnes
3427 444 3608 488 autem
3655 431 3807 487 electi

2236 525 2459 579 omnino
2484 522 2609 579 Filii
2642 524 2740 580 Dei
2776 533 2935 589 sunt;
2977 539 3168 580 omnes
3218 524 3383 595 igitur
3428 519 3813 594 praedestinati

2238 612 2356 668 Filii
2416 613 2511 668 Dei
2555 623 2700 668 sunt.
2752 614 2901 681 Quae
2953 614 3217 669 connexio
3266 624 3412 669 stare
3456 614 3604 677 nullo
3655 613 3818 668 modo

2239 714 2447 780 posset,
2489 704 2534 759 si
2577 705 2631 759 lii
2681 713 2791 759 tres
2839 704 3052 765 termini
3086 703 3337 774 aequales
3385 720 3491 759 non
3531 706 3736 767 esSent,
3761 701 3811 757 id
3876 741 3880 744 ‹

2239 804 2322 850 est
2350 795 2603 861 tiliolitas,
2646 794 2862 861 electio,
2903 794 3340 864 praedestinatio.
3368 792 3639 862 Quantum
3671 793 3813 847 enim

2241 889 2655 957 conlpreltendit
2705 888 2968 952 liliolitas,
3003 897 3209 942 tantum
3243 887 3563 954 electio,'et
3607 895 3814 942 tantum

2241 979 2456 1045 electio,
2482 990 2747 1051 quantum
2779 980 3228 1052 praedestinatio.
3265 981 3499 1050 Ideoque
3530 988 3640 1035 tres
3660 992 3820 1050 pares

2246 1072 2462 1128 termini
2510 1070 2630 1126 sine
2673 1070 2782 1128 ullo
2833 1072 2967 1127 vitio
3008 1081 3255 1136 currunt,
3300 1085 3466 1142 atque
3509 1082 3821 1150 recurgunt.

2244 1165 2399 1223 Sicut
2430 1179 2566 1237 ergo
2589 1165 2792 1221 frustra
2816 1175 3150 1235 quaeruntur
3178 1163 3300 1220 Filii
3339 1165 3433 1219 Dei
3459 1159 3680 1236 praeter
3705 1162 3838 1241 ejus

2244 1256 2471 1316 electos.
2500 1254 2573 1311 ita
2603 1253 2803 1310 frustra
2848 1263 3111 1326 putantur
3153 1252 3270 1323 ejus
3305 1254 3462 1309 electi
3509 1261 3728 1325 praeter
3755 1251 3827 1307 ab

2245 1362 2313 1404 eo
2344 1346 2795 1419 praedestinatos.
2856 1345 2926 1399 Et
2983 1330 3359 1416 retiprocatim
3409 1358 3426 1399 τ
3467 1337 3824 1412 Sicun'itiipic

2245 1449 2510 1512 putantur
2532 1438 2919 1511 praedestinati
2961 1453 2991 1492 a
3028 1438 3140 1499 Deo
3187 1445 3401 1508 praeter
3437 1433 3573 1505 ejus
3601 1433 3822 1497 ele¢tos,

2248 1536 2324 1590 ita
2366 1520 2706 1606 supervacuo
2754 1520 3110 1587 aestitnaniur
3148 1529 3300 1585 electi
3328 1528 3423 1584 Dei
3453 1536 3672 1599 praeter
3711 1522 3835 1594 ejus.

2249 1625 2411 1681 filios.
2461 1622 2580 1680 Non
2630 1631 2760 1679 sunt
2808 1622 2972 1693 igitur
3018 1619 3424 1690 praedestinati,
3474 1618 3519 1674 si
3557 1632 3663 1672 non
3702 1629 3827 1671 sunt

572 1703 631 1760 Si
679 1705 823 1760 enim
872 1706 1203 1778 diligeretur,
1235 1706 1423 1777 utique
1468 1722 1576 1763 non
1624 1709 1992 1785 repelleretur.
2038 1710 2146 1765 Aut
2172 1698 2228 1767 Β
2254 1718 2345 1773 Dei
2376 1717 2522 1772 Filii.
2552 1715 2622 1773 Ut
2644 1716 2787 1771 enim
2818 1713 2979 1769 simul
3017 1728 3126 1769 non
3153 1720 3322 1781 potest
3352 1725 3493 1776 esse,
3522 1716 3668 1765 utet
3708 1703 3825 1763 Filii

576 1795 849 1863 quomodo
878 1794 1083 1852 electus
1119 1799 1183 1851 ad
1219 1794 1482 1866 judicium
1532 1797 1672 1871 ignis
1694 1799 1899 1858 aeterni
1917 1839 1934 1866 ,
1963 1801 2076 1870 qui,
2104 1800 2153 1856 si

575 1897 721 1941 esset
752 1883 978 1954 electus,
1006 1877 1373 1958 proculdubio
1398 1890 1466 1943 ad
1488 1889 1652 1944 vitam
1678 1889 1971 1960 pertineret
1986 1900 2158 1947 aeter-

578 1990 702 2030 nam
719 1977 744 2030 ?

649 2066 711 2121 ll.
740 2067 896 2136 Quod
918 2068 962 2124 si
984 2068 1050 2122 ad
1077 2069 1210 2123 haec
1233 2068 1574 2139 impudenter
1593 2068 1882 2135 resistitur,
1898 2070 2157 2126 debemus

578 2156 827 2234 accipege
862 2173 962 2229 per
986 2156 1158 2219 Judae
1185 2160 1480 2230 proditoris
1504 2160 1778 2215 abusivam
1811 2159 2174 2226 electionem,

574 2244 776 2319 iustam
810 2246 930 2319 ejus
960 2250 1433 2320 reprobationcm;
1464 2264 1559 2319 per
1598 2249 1717 2319 ejus
1751 2264 1901 2314 vero,
1929 2262 2035 2319 qua
2089 2247 2157 2303 ad

579 2349 796 2411 tempus
837 2348 1085 2404 vocatus,
1114 2339 1456 2404 tiliolitatem,
1483 2338 1686 2409 justam
1713 2338 1829 2409 ejus
1857 2339 2159 2407 meritoque

581 2443 857 2488 aeternam
890 2424 1305 2498 abdicationem,
1335 2432 1460 2503 quia
1495 2446 1767 2502 nunquam
1799 2432 2004 2489 electus
2038 2431 2155 2495 fuit,

581 2527 723 2582 sicut
742 2541 1015 2596 nunquam
1033 2526 1294 2596 reprobus
1320 2540 1427 2578 non
1452 2523 1552 2578 fuit
1577 2525 1598 2554 ’
1620 2541 1631 2575 :
1659 2524 1908 2579 similiter
1929 2523 2155 2586 amicus,

582 2616 674 2688 qui
705 2631 921 2688 semper
957 2625 1075 2671 erat
1115 2615 1384 2670 inimicus.
1416 2613 1648 2669 Proinde
1695 2602 1817 2669 non“
1846 2614 2031 2679 video,
2063 2625 2161 2666 cur

582 2704 758 2761 saticti
790 2705 979 2761 Patres
1009 2695 1358 2769 dubitarent,
1398 2703 1625 2774 pulchro
1663 2703 1951 2782 locutionis
1999 2703 2162 2757 modo

582 2794 911 2863 tiducialiter
936 2786 1676 2864 enuntiarepraedestinatos
1705 2794 1771 2847 ad
1799 2808 2048 2863 poenam,
2076 2792 2161 2849 vel

576 2886 900 2952 interitum,
944 2894 1229 2954 ceteraque
1257 2884 1591 2955 liujusmodi,
1623 2885 1838 2955 quoties
1883 2884 2049 2940 eisin
2092 2882 2161 2938 li-

584 2973 807 3030 brorum
835 2976 1069 3029 suorum
1116 2975 1256 3029 serie
1290 2973 1490 3044 placuit
1537 2988 1770 3043 ponere,
1822 2988 1946 3028 cuzn
1988 2973 2159 3042 ipsam

590 3067 872 3122 veritatem
895 3082 1001 3121 non
1017 3066 1515 3121 dubitarinteodcm
1538 3065 1947 3127 modolucutam
1970 3065 2156 3131 fuisse,
2184 3060 2230 3122 C

592 3165 858 3226 quatenus
873 3165 927 3211 et
950 3171 1195 3210 summae
1227 3156 1540 3227 sapientiae,
1569 3170 1709 3226 quae
1730 3157 1782 3211 in
1811 3157 1891 3211 eis
1908 3155 2160 3227 loqueba-

596 3258 707 3308 tur.
739 3247 963 3318 vestigia
999 3262 1103 3301 non
1153 3248 1482 3309 desererent,
1528 3256 1581 3301 ct
1620 3263 1772 3301 suam
1803 3246 2162 3317 eloquentiam

590 3336 816 3392 lecturis
875 3336 1124 3406 exemplo
1181 3337 1413 3392 futuram
1472 3336 1879 3405 pretiosissimis
1906 3339 2166 3408 ﬁguratae
2230 3342 2239 3361 ί

590 3426 1049 3498 pronuntiationis
1080 3427 1346 3496 lapidibus
1364 3438 1643 3482 ornarent.
1671 3430 1726 3483 Si
1749 3444 1879 3500 ergo
1912 3428 2169 3485 Dominus

591 3520 921 3588 proditorem
947 3534 1100 3573 Sillim
1133 3535 1236 3572 non
1263 3519 1473 3572 erubuit
1501 3521 1773 3589 appellare
1793 3522 2048 3586 electum,
2074 3537 2170 3575 cur

592 3608 709 3674 ejus
737 3610 975 3663 imitator
1003 3592 1585 3679 sanctus‘lugustinus
1628 3611 1993 3672 erubesceret,
2018 3625 2173 3665 eum-

595 3700 716 3752 dem
738 3739 753 3763 ,
802 3699 1010 3754 scilicet
1042 3699 1411 3768 proditorem,
1449 3714 1645 3755 vocare
1674 3700 2174 3768 praedestinatum?

597 3791 966 3860 Similiterque
978 3791 1258 3846 Judaicum
1277 3792 1549 3861 populum,
1569 3791 1781 3845 invidae
1796 3791 2172 3863 periidiaefre-

601 3881 820 3949 fertum,
855 3884 1065 3939 Doruiui
1099 3883 1425 3948 uostrrJesu
1471 3868 1672 3939 (Elaristi
1721 3886 2058 3951 traditorem,
2106 3901 2173 3943 ac

597 3989 695 4044 μη*
709 3975 808 4029 hoc
825 3974 1387 4044 intcremptorem,.cui
1415 3977 1703 4031 haesitaret
1718 3976 2173 4044 praedestinatum

600 4065 779 4118 dicere
824 4067 899 4119 ad
949 4067 1259 4121 interitum?
1308 4068 1417 4121 tlur
1461 4082 1565 4120 non
1618 4066 1815 4119 deinde
1855 4060 2176 4159 generaaliter

598 4173 786 4213 omues
812 4158 958 4228 impii
987 4159 1054 4215 ad
1079 4159 1398 4229 supplicium
1423 4159 1800 4228 praedestinati
1830 4158 2177 4214 enuntiaren-

600 4255 709 4310 tur,
738 4262 861 4301 eum
898 4258 952 4302 et
996 4248 1286 4305 verissima.
1310 4248 1448 4303 ratio
1476 4249 1721 4309 suadeat,
1754 4258 1807 4302 et
1838 4247 2176 4316 apertissima

601 4339 915 4408 comprobet
967 4339 1263 4405 auctoritas
1288 4379 1303 4403 ,
1337 4355 1441 4394 non
1485 4354 1606 4393 esse
1645 4336 1810 4392 Filios
1843 4336 1935 4393 Dci
1960 4346 2178 4408 praeter

2252 1809 2348 1867 Dei
2370 1808 2525 1865 electi
2565 1807 2695 1873 sint,
2729 1816 2783 1861 et
2825 1803 3212 1878 praedestinati
3258 1818 3362 1857 non
3392 1801 3618 1864 sittt,,il:t
3668 1808 3829 1856 sintut

2252 1916 2361 1957 non
2390 1908 2570 1972 potest
2596 1911 2754 1964 esse,
2790 1908 2850 1953 ut
2902 1907 2957 1953 et
2994 1896 3394 1968 .praedestinati
3424 1912 3453 1949 a
3482 1894 3594 1951 Deo
3618 1896 3749 1952 sint.
3776 1901 3849 1947 et.

2253 1992 2410 2050 electi
2469 1990 2565 2047 ﬁlii
2595 1988 2714 2059 ejus
2769 2005 2873 2044 non
2925 1989 3054 2043 sint.
3103 1987 3337 2059 Proinde
3379 1988 3827 2057 quemadmodum

2253 2081 2444 2139 Judaei
2470 2083 2683 2154 perﬁdi,
2699 2085 2898 2153 quibus
2914 2084 3165 2139 Salvator
3190 2082 3266 2137 ait
3295 2097 3309 2136 :
3342 2098 3427 2137 τοι
3450 2098 3515 2136 ιε
3539 2090 3689 2151 patre
3711 2081 3830 2133 dle-

2256 2177 2372 2233 bolo
2408 2178 2532 2233 eui:
2561 2178 2613 2245 δ,
2650 2194 2681 2233 a
2718 2178 2829 2234 Deo
2862 2177 3243 2248 praedestinati
3274 2184 3398 2233 sunt
3425 2174 3491 2230 ad
3532 2167 3830 2231 in'teritum.

2257 2282 2382 2334 cum
2411 2267 2590 2324 omnis
2614 2260 2784 2325 aDeo
2812 2268 3248 2340 praedestinatus
3288 2280 3508 2333 necesse
3538 2274 3644 2327 est,"
3680 2276 3738 2319 ut
3761 2265 3832 2318 sit

2257 2358 2374 2429 ejus
2416 2361 2642 2423 electus,
2668 2377 2733 2417 ac
2773 2374 2871 2432 per
2911 2362 3013 2417 hoc
3061 2361 3178 2429 ejus
3210 2359 3374 2425 ﬁlius,
3421 2357 3665 2413 invenire.
3712 2355 3832 2428 quis

2257 2459 2455 2520 potest,
2486 2452 2665 2506 sinon
2712 2450 2765 2506 in
2792 2450 2963 2511 illum,
2999 2465 3161 2522 quem
3192 2462 3353 2518 saepe
3391 2447 3648 2509 diximus,
3674 2459 3829 2516 oppo-

2259 2544 2489 2599 siturum
2516 2542 2694 2599 locum
2725 2530 3068 2614 respiciatur,
3105 2557 3214 2613 quo
3244 2532 3473 2599 sentitur
3512 2538 3636 2595 talis
3659 2556 3690 2619 ιι
3711 2553 3833 2593 con-

2260 2632 2429 2688 trario
2453 2630 2625 2689 forma
2652 2631 2904 2691 dicendi?

2284 2760 2285 2763 η
2329 2723 2417 2779 ιγ.
2441 2722 2631 2780 Jaccat
2667 2738 2797 2796 ergo
2823 2724 3218 2780 haereticorum
3250 2721 3462 2795 garrula
3511 2721 3839 2793 procacitas,

2261 2822 2439 2871 teneat
2466 2830 2596 2871 sana
2639 2803 2777 2872 Itides
2815 2816 3357 2887 praedestinatorum,
3403 2814 3722 2876 electorum,
3747 2811 3835 2866 Εἰ-
3916 2802 3920 2806 ’

2260 2905 2455 2961 liorum
2481 2906 2576 2963 Dei
2617 2907 2757 2963 hanc
2786 2906 3109 2971 inconcusse
3128 2904 3387 2977 regulam,
3404 2915 3461 2960 ut
3486 2903 3835 2973 quotiescu'n-
3863 2964 3874 2975 _

2262 3013 2370 3069 que
2417 2996 2501 3055 vel
2551 2997 2843 3064 audierint,
2894 2995 2979 3053 vel
3018 2996 3247 3066 legerint
3290 2994 3718 3067 praedestinatos
3771 2990 3839 3047 ad

2261 3092 2481 3157 malum,
2528 3093 2597 3148 ad
2646 3107 2866 3163 poenas,
2892 3087 2982 3146 'ad
3028 3090 3326 3156 interitum,
3358 3104 3454 3143 seu
3498 3085 3837 3158 supplicium,

2262 3184 2400 3241 nihil
2425 3184 2570 3241 aliud
2619 3185 2873 3255 sentiant.
2906 3181 3008 3238 nisi
3057 3197 3165 3236 non
3207 3179 3657 3253 praedestinatos,
3689 3175 3784 3231 sed
3811 3191 3839 3227 a

2263 3291 2447 3333 massa
2481 3257 2792 3339 damnabili
2851 3272 3047 3328 merito
3097 3269 3308 3342 peccati
3357 3267 3639 3340 originalis
3683 3278 3841 3335 atque

2265 3366 2490 3440 proprii
2521 3382 2628 3421 non
2675 3350 2797 3420 esSe
2842 3371 3148 3433 separatos,
3199 3352 3426 3431 ideoque
3458 3358 3624 3430 impie
3663 3357 3843 3412 vivere

2268 3457 2561 3530 permissos
2595 3454 2831 3521 relictos,
2865 3448 3092 3509 subinde
3125 3460 3346 3508 aeterno
3373 3449 3481 3522 igni
3510 3446 3839 3520 plectendos.

2774 3581 3170 3641 CAPITULUM
3209 3580 3348 3637 XIV.

2274 3701 2600 3770 Testimonia,
2637 3701 2805 3756 salicti
2839 3699 3122 3768 Augustini
3171 3696 3329 3770 simul
3375 3692 3843 3770 collect‘ahquibus

2344 3782 2522 3841 (aperte
2544 3763 2843 3841 con/icitur,
2872 3763 2976 3844 non
3013 3784 3124 3844 esse
3152 3766 3253 3844 nisi
3288 3781 3447 3820 unum
3490 3763 3841 3844 praedestiua-
3884 3766 3889 3772 '

2345 3837 2562 3920 tionem,
2590 3837 2807 3912 eamque
2826 3837 3152 3894 solummodo
3177 3837 3248 3891 ad
3271 3847 3479 3890 sanctos
3502 3837 3775 3905 pertinere.

2345 3974 2386 4030 ι.
2412 3974 2477 4029 Et
2498 3988 2570 4030 ne
2590 3972 2714 4044 quis
2741 3970 2879 4027 forte
2900 3983 2998 4026 nos
3029 3969 3279 4025 aestimet
3310 3975 3496 4022 nostro
3534 3977 3694 4020 sensu
3721 3977 3845 4033 pro-

2277 4067 2397 4138 prio
2439 4065 2570 4121 talia
2625 4064 2863 4125 dixisse,
2907 4060 3109 4117 nullius
3182 4057 3524 4114 auctoritatis
3589 4054 3850 4127 gravitate

2278 4158 2500 4224 sun‘ulti,
2525 4157 2723 4229 placuit
2744 4155 2917 4220 nobis,
2949 4146 3253 4211 testimonia
3284 4151 3308 4184 ⁸
3349 4150 3519 4205 sancti
3554 4148 3724 4220 patris
3747 4146 3849 4200 Au-

2278 4248 2481 4318 gustini
2514 4247 2677 4303 simul
2712 4245 2984 4316 colligere,
3015 4255 3074 4300 ut
3117 4242 3355 4315 prudens
3384 4242 3613 4311 quisque
3656 4252 3853 4309 cegno-

2282 4349 2420 4407 scat,
2437 4339 2582 4396 nullo
2594 4340 2751 4396 modo
2767 4352 2892 4394 eum
2903 4335 3038 4391 duas
3051 4333 3572 4407 praedestinationes
3585 4330 3851 4392 docuisse,

600 4429 806 4485 electos
831 4428 978 4500 ejus,
1006 4447 1180 4511 neque
1207 4432 1408 4488 electos
1450 4431 1565 4500 ejus
1589 4441 1805 4503 praeter
1841 4432 1910 4486 ab
1934 4445 2001 4486 eo
2021 4446 2180 4501 prae-
2208 4411 2257 4471 υ
2282 4447 2384 4488 nec
2420 4446 2583 4487 unam
2624 4429 2934 4500 bipertitam
2952 4468 2967 4493 ,
2999 4442 3100 4482 nec
3143 4425 3394 4497 duplam,
3418 4432 3475 4478 ut
3505 4422 3856 4479 Gotescalcus

601 4520 931 4586 destinatos;
972 4530 1030 4577 et
1076 4524 1379 4578 cnnrcrsim
1429 4539 1534 4577 non
1585 4538 1704 4577 esse
1748 4520 2179 4592 praedestinatos

602 4623 822 4682 praeter
839 4613 1062 4677 electos,
1092 4629 1266 4683 neque
1290 4613 1492 4669 electos
1513 4623 1730 4683 praeter
1756 4611 1912 4667 ﬁlios.

672 4703 755 4759 lll.
787 4704 923 4761 lliuc
952 4706 1238 4762 coniicitur
1281 4705 1703 4761 inrommutabili
1744 4702 2107 4768 conclusione,
2135 4703 2179 4758 si

552 4840 567 4848 ,
602 4810 793 4851 omnes
815 4795 936 4851 Filii
962 4797 1056 4872 Dei
1089 4798 1245 4851 electi
1273 4807 1420 4859 sunt,
1444 4797 1587 4867 quod
1609 4796 1831 4865 impium
1853 4803 1938 4850 est
1956 4808 2177 4867 negate,

601 4900 792 4939 onmes
819 4895 1000 4940 autem
1030 4888 1183 4941 electi
1216 4886 1586 4956 proculdubio
1631 4882 2039 4955 praedestinati,
2061 4897 2181 4937 om-

605 4988 704 5029 nes
735 4975 897 5046 igitur
944 4976 1064 5030 Filii
1120 4977 1212 5030 Dei
1258 4974 1642 5045 praedestinati
1674 4981 1820 5028 sunt.
1848 4971 2001 5040 Quae
2045 4987 2179 5028 con-

606 5067 767 5124 nexio
804 5071 1155 5123 conversione
1183 5070 1263 5122 sui
1301 5067 1483 5120 vitium
1514 5078 1619 5131 non
1669 5062 1883 5133 recipit,
1929 5076 2031 5118 nec
2072 5061 2182 5116 ullo

2278 4523 2486 4587 edocet,
2505 4529 2561 4576 et
2587 4519 2733 4576 illam
2761 4533 2923 4575 unam
2944 4518 3195 4572 videlicet
3223 4514 3618 4571 divinam‘non
3658 4510 3763 4567 nisi
3790 4511 3856 4566 ad

2280 4625 2498 4672 sanctos
2526 4613 2819 4685 pertinere,
2858 4609 3145 4682 impiorum
3185 4624 3319 4665 vero
3343 4607 3487 4663 nullo
3514 4605 3672 4661 modo
3698 4616 3857 4675 posse

2280 4721 2422 4764 esse.
2458 4706 2518 4762 In
2543 4707 2683 4761 libro
2711 4704 2781 4759 de
2806 4704 3054 4774 Corrept.
3084 4700 3339 4757 etGratia
3363 4718 3376 4754 :
3409 4718 3428 4752 ι
3460 4696 3674 4753 Sanctis
3695 4715 3716 4749 ι
3740 4736 3755 4761 ,
3773 4696 3856 4750 in-

2283 4798 2454 4868 quit,.¢
2476 4797 2530 4852 in
2547 4811 2777 4868 regnum
2805 4796 2898 4851 Dei
2929 4809 3025 4865 per
3050 4792 3282 4865 gratiam
3312 4792 3407 4848 Dei
3437 4787 3857 4861 praedestinatis

2289 4887 2488 4943 donum
2514 4886 2950 4957 perseverantiae
2975 4884 3131 4938 datur
3156 4899 3261 4959 non
3299 4882 3495 4946 solum,
3531 4889 3591 4935 ut
3616 4879 3735 4935 sine
3758 4877 3861 4933 isto

2286 4978 2430 5033 dono
2455 4986 2862 5046 perseverantes
2891 4989 3012 5047 esse
3047 4989 3151 5027 nou
3177 4971 3411 5042 possint;
3442 4983 3630 5025 verum
3673 4966 3856 5026 etiam.

2290 5075 2343 5119 ut
2370 5080 2466 5136 per
2492 5068 2595 5123 boc
2623 5066 2823 5121 donum
2848 5079 2954 5119 non
2980 5063 3081 5118 nisi
3118 5069 3544 5135 perseverantes.
3576 5059 3687 5113 sint
3710 5054 3737 5089 ⁶
3760 5067 3783 5097 ε
3816 5076 3860 5123 ι,
3957 5076 3963 5086 ·

1899 5155 2155 5213 γΑιιιειΕ
2190 5156 2590 5216 LEC’l‘tONES.
2712 5224 2715 5229 ν
3002 5209 3005 5211 ,
3796 5200 3817 5207 -

682 5253 702 5287 ¹
731 5253 824 5309 Sic
849 5255 995 5324 cod.,
1020 5254 1089 5308 Μ.
1123 5255 1416 5324 perditore.
1458 5253 1501 5324 Α²
1525 5253 1706 5324 (Sorr,
1738 5250 1856 5324 cod.
1882 5263 2150 5324 nunquam
2179 5264 2287 5324 non
2314 5251 2691 5324 reprobu§_itou
2719 5247 2840 5324 fuit,
2879 5246 2949 5300 bl.
2984 5256 3417 5324 utinquamnnon
3459 5235 3841 5324 reprob‘nshfuit

611 5323 748 5397 {Sic
770 5325 912 5388 ϐοά..
943 5323 989 5378 M
1040 5319 1263 5381 mvidiae
1300 5322 1540 5397 perﬁdia.
1622 5321 1791 5397 illud.
1820 5319 2103 5397 ualitudini.

2180 5317 2203 5350 ⁸
2231 5315 2323 5374 Sic
2352 5306 2501 5382 cod,
2534 5318 2604 5374 Μ.
2649 5328 2696 5372 et
2719 5306 2989 5372 divinam.
3063 5306 3184 5367 “'al.
3231 5309 3354 5366 Non
3403 5306 3607 5364 tantum
3632 5306 3734 5361 tate
3766 5313 3833 5363 ad

604 5393 864 5465 jutorinm
904 5387 1317 5464 perseuerantiae
1350 5387 1525 5455 datur,
1559 5393 1649 5446 sed
1679 5396 1781 5447 tale
1807 5399 1863 5445 ut
1902 5387 1978 5445 en
2007 5391 2393 5462 perseverantia
2414 5392 2529 5460 ipsa
2550 5390 2829 5444 donetur.‘

2142 5482 2323 5541 NOTA
2331 5486 2371 5539 Ε
2380 5526 2393 5538 .

686 5595 713 5620 δ
739 5579 870 5638 Joan
922 5578 1079 5641 XV".
1117 5579 1196 5635 I2.

689 5652 711 5691 ι
751 5653 902 5729 ιριη.
940 5654 1043 5710 νιιι
1103 5654 1193 5713 tt.

2415 5576 2701 5646 Augustin.
2732 5578 2795 5628 de
2820 5571 3037 5642 Corrept
3155 5569 3305 5624 Gtt".
3331 5584 3362 5623 c
3421 5566 3504 5622 l2.
