4236 6072
387 227 598 294 ιοθ,

1409 171 1419 179 .
1485 219 1685 282 UBER
1730 224 1815 282 DE
1854 217 2564 283 PRAEDES'NNATIONE.

3574 227 3685 285 tto
3744 214 3750 220 ’

388 352 440 397 et
481 349 604 414 post
642 340 946 411 aliquanta:
978 358 995 390 ι
1028 338 1144 407 Ipse
1171 337 1335 410 igitur
1353 350 1449 394 eos
1470 336 1599 392 facit
1628 341 2052 420 perseverareﬁ
2083 335 2334 406 bipertita
2363 336 2582 401 divisio,
2611 335 2662 389 in
2683 349 2780 393 eos
2808 334 2997 404 procul
3021 335 3204 400 dubio.
3237 335 3327 408 qui
3358 338 3410 393 in
3436 353 3665 396 numero

389 434 441 487 in
485 434 648 496 bono.
698 430 787 500 qui
851 429 977 484 fecit
1005 431 1023 464 ⁸
1054 430 1256 493 bonos;
1306 429 1398 499 qui
1445 439 1627 483 autem
1670 428 1890 501 cadunt,
1918 435 1975 482 et

385 530 655 593 pereunt,
710 522 762 575 in
827 518 1349 593 praedeStinatorum
1410 531 1636 573 numero
1691 532 1798 572 non
1861 517 1976 572 l'ue-

387 624 515 671 ruut
536 626 566 655 ι
603 633 650 666 ι.
683 614 932 670 Attende.
961 626 1123 682 quam
1168 608 1416 666 absolute
1442 609 1601 672 dixit,
1633 607 1726 678 qui
1769 608 1976 663 cadunt

386 710 709 775 et'pereuut,
730 703 785 758 in
805 702 1327 774 praedestinatorum
1354 713 1580 754 numero
1601 713 1706 754 non
1732 696 1971 753 fuerunt.

385 800 669 869 Quomodo
694 798 827 852 haec
861 796 1082 863 diceret,
1112 794 1158 849 si
1180 793 1268 850 vel
1288 795 1422 849 duas
1443 791 1974 863 praedestinatioacs

384 892 545 948 vellet
593 896 862 954 asserere.
913 886 999 942 vel
1048 902 1208 942 unam
1246 886 1301 940 in
1332 886 1468 939 duas
1502 892 1692 956 partes
1717 882 1968 947 divisam,

382 986 466 1055 vel
494 985 732 1055 duplam,
764 999 924 1039 unam
970 981 1187 1053 quidem
1217 989 1551 1044 sanctorum.
1582 979 1813 1035 alteram
1841 994 1974 1036 vero

384 1052 584 1148 impiis
610 1077 942 1145 deputatam.
992 1052 1055 1127 Si
1080 1073 1102 1104 ¹
1130 1071 1273 1129 enim
1324 1070 1463 1126 duae
1500 1080 1708 1135 essent.
1748 1084 1971 1126 necesse

381 1178 549 1232 esset,
577 1183 738 1222 unam
760 1165 861 1231 eis,
882 1164 1081 1237 quibus
1103 1162 1262 1219 datur
1282 1162 1484 1218 donum
1506 1162 1967 1233 perseverantiae.

308 1282 311 1287 '
382 1263 633 1327 alteram,
663 1261 862 1331 quibus
909 1257 1231 1314 cadentibus
1262 1265 1319 1311 et
1350 1256 1705 1327 pereuntibus
1744 1270 1851 1310 non
1879 1255 1971 1309 da-

382 1336 490 1417 tur,
522 1351 798 1415 distribui,
824 1348 1001 1405 nullus
1046 1356 1226 1404 tamen
1270 1346 1549 1425 hominum
1592 1346 1969 1402 excluderetur

382 1457 611 1502 numero
639 1440 1203 1513 praedestinaturum.‘
1225 1436 1358 1492 Nam
1389 1438 1434 1493 si
1476 1437 1840 1509 expelleretur
1868 1453 1966 1491 nu-

382 1549 532 1589 mero
558 1531 1105 1604 praedestinatorum,
1142 1527 1236 1600 qui
1284 1529 1478 1589 stando
1520 1529 1730 1597 vivunt,
1758 1530 1964 1600 recipe-

2078 431 2605 501 praedestinatorum
2630 440 2778 495 sunt,
2817 440 2875 486 et
2917 433 2970 486 in
3003 446 3117 497 eos,
3148 434 3241 509 qui
3282 445 3437 491 extra
3476 452 3659 492 nume-

2076 534 2196 575 rum
2224 520 2747 590 praedestinalorum
2778 531 2924 578 sunt.
2961 541 2979 573 ι
3009 523 3323 581 Nescientes
3349 527 3496 582 enim
3521 518 3669 590 ›,ἴιι-
3693 588 3697 595 λ

2075 608 2211 677 quit,
2234 627 2254 660 ι
2275 610 2398 679 quis
2420 611 2689 678 pertineat
2711 612 2776 665 ad
2806 613 3331 681 praedestinatornm
3357 632 3664 675 numerum.

2073 699 2197 769 quis
2224 716 2328 756 non
2352 702 2622 771 pertineat
2655 721 2703 757 ι.
2732 702 2797 756 Et
2823 703 3016 758 iterum
3053 723 3066 757 :
3104 724 3123 756 ι
3156 707 3256 772 Qui
3290 707 3664 775 praedestina-

2076 802 2159 847 tos
2194 806 2222 845 a
2252 792 2669 860 prae-destituatis
2697 795 3009 851 discernere
3038 812 3144 851 non
3175 796 3418 854 valemus
3450 817 3494 851 ι.
3525 799 3666 856 lliuc

2074 885 2278 939 texitur
2318 886 2708 956 quadrilhriam
2761 889 3040 959 inquisitio
3083 892 3329 946 veritatis
3372 907 3469 962 pcr
3502 892 3667 949 tetra5

2071 991 2271 1048 genum
2306 996 2318 1031 :
2350 974 2540 1035 Omnis
2579 980 2742 1037 homo
2787 978 3084 1051 autjustus
3132 990 3237 1046 est.
3293 993 3387 1039 aut
3433 983 3669 1054 injustas

2069 1081 2173 1125 est.
2207 1070 2359 1137 Item,
2401 1073 2583 1128 omnis
2627 1075 2789 1128 homo
2822 1084 2917 1130 aut
2954 1077 3390 1145 proedestinatus
3426 1085 3537 1144 est,
3572 1091 3667 1136 aut

2072 1163 2508 1231 praedestinatus
2554 1181 2660 1219 non
2702 1172 2807 1225 est.
2840 1164 2896 1221 Si
2931 1182 3113 1221 verum
3145 1177 3249 1233 est,
3293 1169 3472 1224 omnis
3500 1170 3663 1224 homo

2064 1249 2248 1321 justus
2274 1252 2710 1321 praedestinatus
2756 1264 2860 1319 est,
2902 1254 3096 1310 falsum
3128 1265 3236 1320 est.
3275 1258 3455 1312 omnis
3500 1258 3665 1313 homo

2063 1342 2247 1413 justus
2289 1344 2721 1413 praedestinatus
2771 1362 2875 1401 non
2927 1355 3031 1402 est.
3062 1348 3216 1414 item,
3247 1348 3291 1403 si
3336 1364 3525 1405 verum
3555 1361 3657 1406 est.

2068 1435 2250 1491 omnis
2278 1436 2441 1492 homo
2471 1420 2704 1509 injust‘us
2742 1440 3176 1508 praedestinatus
3198 1456 3303 1496 non
3326 1450 3429 1505 est,
3462 1440 3658 1497 falsum

2068 1536 2174 1593 est,
2203 1528 2382 1583 amitis
2424 1530 2586 1587 homo
2617 1531 2849 1599 injustus
2879 1533 3315 1603 praedestinatus
3344 1543 3447 1591 est.
3480 1535 3615 1592 Vide
3640 1536 3663 1568 ⁸

380 1635 530 1681 retur
550 1636 776 1701 numero
801 1621 1015 1680 illorum
1038 1620 1580 1690 praedestinatorum,
1607 1618 1699 1690 qui
1721 1619 1969 1691 cadendo
2068 1619 2177 1701 vim
2204 1619 2449 1676 rationis.
2477 1621 2591 1675 Duo
2613 1622 2930 1677 allii-insitiva
2953 1624 3279 1681 universalia
3303 1627 3404 1682 sibi
3427 1627 3660 1689 invicem

380 1722 629 1785 pereunt.
644 1712 911 1768 Similiter
930 1710 975 1768 si
998 1725 1105 1765 una
1130 1719 1274 1765 esset
1296 1708 1496 1780 partita
1519 1709 1571 1763 in
1599 1709 1737 1766 duas
1756 1719 1961 1781 partes,
1998 1706 2042 1777 Β
2070 1724 2194 1781 resp
2214 1712 2418 1767 uident.
2452 1710 2603 1771 Sient
2630 1714 2775 1768 enim
2820 1715 2998 1771 munis
3028 1718 3195 1773 homo
3229 1715 3410 1786 justus
3430 1724 3655 1791 praedo.

380 1807 460 1860 vel
492 1805 673 1877 dupla.
700 1802 1031 1877 necessario
1065 1802 1118 1857 in
1149 1817 1255 1857 una
1304 1801 1386 1857 sui
1415 1811 1570 1873 parte
1614 1802 1877 1874 perditos,
1912 1804 1973 1870 iu,

375 1899 549 1954 aitera
592 1897 849 1953 liberatos
891 1895 1260 1971 concluderet.
1315 1894 1451 1964 Quis
1477 1910 1609 1969 ergo
1660 1894 1962 1963 hominum,

375 2005 472 2045 seu
519 1978 832 2060 augeldrunt
871 1987 1136 2043 bonorum
1188 1986 1271 2041 vel
1314 1986 1605 2054 malorum,
1649 2003 1756 2044 non
1803 1989 1875 2045 sit
1906 1990 1969 2051 in

373 2090 607 2133 numero
672 2076 1241 2148 praedestinatorum?
1298 2077 1380 2132 An
1456 2076 1598 2134 torte
1651 2078 1966 2138 haereticus

374 2172 532 2225 docet
553 2170 771 2225 tertium
790 2183 961 2240 genus
981 2180 1036 2223 et
1058 2168 1335 2224 hominum
1358 2178 1414 2226 et
1436 2171 1770 2241 angelorum,
1796 2172 1965 2244 quod,

372 2260 501 2331 quia
530 2274 632 2315 nec
678 2256 884 2316 bonum
913 2273 1019 2321 uec
1054 2259 1256 2315 malum
1302 2260 1394 2326 sit,
1436 2260 1966 2332 praedestinaton

374 2367 660 2407 numerum
699 2346 937 2407 excedit.
971 2349 1124 2417 Quod
1154 2351 1199 2405 si
1247 2352 1720 2409 meudosissimum
1745 2366 1848 2421 est,
1878 2372 1963 2413 re-

371 2443 697 2515 linquuntur
732 2426 840 2496 duo
868 2449 1079 2496 tantum
1124 2456 1323 2512 genera
1351 2455 1475 2498 esse
1500 2452 1555 2497 et
1601 2443 1881 2511 hominum
1906 2456 1963 2507 et

372 2534 710 2609 angelorum.
737 2530 830 2592 Sic
861 2534 1006 2601 enim
1037 2533 1183 2591 ratio
1210 2533 1421 2599 dividit,
1458 2535 1638 2591 omnis
1664 2538 1829 2594 homo
1868 2548 1963 2595 aut

371 2627 546 2685 bonus
570 2637 662 2682 aut
684 2624 858 2682 malus
880 2636 994 2691 est;
1024 2625 1275 2681 similiter
1304 2629 1370 2683 de
1394 2628 1607 2700 angelo.

440 2715 505 2771 il.
536 2716 593 2771 Si
621 2717 787 2788 igitur
824 2715 1269 2787 praedestinatio,
1304 2725 1361 2772 ut
1388 2719 1589 2783 dictum
1612 2730 1718 2786 est,
1760 2720 1961 2785 divide-

371 2818 523 2875 retur
549 2808 773 2862 in-duas
793 2805 1002 2878 species
1025 2814 1117 2860 aut
1140 2817 1344 2877 partes,
1376 2824 1604 2879 quarum
1618 2828 1736 2881 kuna
1764 2812 1957 2881 honos,

371 2899 541 2959 altera
568 2898 738 2956 malos
760 2898 1079 2965 includeret,
1105 2900 1228 2969 quis
1246 2878 1407 2961 extra
1431 2878 1955 2983 praedcﬁinatoruni

368 3006 655 3051 numerum
699 2990 933 3064 reperiri
955 2992 1184 3064 posset?
1205 2991 1274 3047 Et
1301 2992 1344 3046 si
1368 2992 1450 3048 sic
1489 3003 1652 3062 esset,
1685 2986 1956 3068 quomodo

2070 1801 2305 1857 stinatus
2338 1810 2443 1867 est,
2483 1803 2555 1857 ita
2589 1804 2767 1861 omnis
2819 1806 2983 1861 homo
3009 1810 3447 1878 praedestinatus
3477 1812 3659 1881 justus

2067 1902 2170 1947 est.
2203 1892 2382 1957 Simili
2413 1898 2574 1951 modo
2614 1896 2721 1952 duo
2752 1898 3080 1957 universalia
3110 1904 3358 1974 negativa
3382 1907 3486 1961 sibi
3517 1909 3656 1961 iuvi~

2066 2000 2185 2040 cem
2215 1988 2580 2043 consentiunt.
2607 1988 3072 2057 Quemadmodum
3101 1995 3245 2049 enim
3283 1997 3462 2051 omnis
3497 2000 3660 2053 homo

2067 2077 2301 2146 injustas
2322 2080 2761 2149 praedestinatus
2787 2098 2894 2137 non
2920 2093 3025 2148 est,
3058 2085 3130 2139 ita
3156 2091 3334 2145 omnis
3360 2088 3521 2143 homo
3547 2105 3651 2143 non

2063 2167 2504 2239 praedesﬁnatns
2532 2169 2777 2247 injustas
2804 2182 2906 2227 est.
2934 2173 3089 2235 item.
3117 2188 3177 2229 ut
3201 2172 3387 2232 verbis
3434 2185 3656 2243 utamur

2063 2261 2234 2331 ipsius
2262 2263 2569 2333 Augustini,
2594 2265 2773 2320 omnis
2797 2265 2959 2321 homo
2981 2277 3074 2322 aut
3099 2268 3166 2322 ad
3195 2284 3476 2324 numerum
3500 2283 3661 2340 prae-

2062 2348 2458 2419 destinatorum
2507 2353 2761 2422 pertinet.
2811 2365 2905 2410 aut
2949 2373 3054 2410 non
3102 2360 3356 2428 pertinet.
3395 2358 3651 2416 Omnium

2063 2451 2245 2497 autem
2298 2443 2575 2499 hominum
2606 2444 2714 2499 duo
2740 2461 2941 2517 genera
2978 2458 3120 2512 esse,
3170 2452 3292 2518 quis
3325 2450 3651 2519 sapientium

2061 2529 2294 2599 dubitat,
2325 2533 2451 2588 dum
2479 2536 2684 2591 veritas
2728 2537 2846 2593 sine
2862 2519 3116 2608 'caligine
3142 2540 3362 2606 clamet,
3392 2558 3497 2598 non
3531 2559 3653 2599 esse

2062 2624 2280 2679 humani
2304 2626 2519 2697 generis
2559 2627 2661 2681 nisi
2689 2629 2824 2684 clues
2855 2627 3009 2692 lines,
3044 2646 3208 2686 unum
3236 2633 3453 2702 quidem
3482 2636 3651 2705 perti-

2060 2716 2304 2769 nentium
2360 2715 2427 2769 ad
2476 2715 2801 2792 supplicium
2854 2728 3175 2787 aeternum,
3231 2722 3465 2779 alterum
3520 2722 3652 2780 vero

2059 2802 2356 2859 {ruentium
2384 2805 2493 2859 vita
2526 2806 2783 2861 aeterna?
2821 2807 2933 2862 Duo
2964 2808 3145 2878 itaque
3175 2822 3301 2866 sunt
3327 2813 3429 2869 sibi
3459 2814 3653 2872 adver-

2058 2897 2258 2961 santia,
2273 2896 2383 2951 vita
2404 2897 2650 2964 aeterna,
2677 2906 2731 2953 et
2749 2899 3069 2970 supplicium
3091 2910 3395 2959 aeternum.
3418 2905 3653 2964 Proinde

2057 2988 2447 3059 pertinentium
2490 2991 2559 3051 ad
2614 3006 2897 3047 numerum
2945 2994 3477 3063 praedestinatorum
3525 2998 3649 3055 linis

367 3084 677 3156 praedictus
693 3063 886 3140 auctor
905 3063 1300 3153 pronuntiaret.
1319 3063 1952 3159 quicaduntetpereunt,
1984 3063 2029 3125 C
2058 3087 2143 3132 est
2170 3079 2278 3132 vita
2300 3085 2544 3142 aeterna,
2570 3095 2672 3135 non
2697 3081 3080 3150 pertinentium
3114 3099 3240 3139 vero
3261 3085 3328 3141 ad
3356 3103 3645 3142 tutmcrum

366 3178 971 3252 inpraedestinatorum
1001 3191 1227 3232 numero
1249 3192 1355 3232 non
1385 3170 1629 3236 fuerunt.
1658 3162 1779 3244 Non
1808 3182 1956 3250 enim

367 3272 464 3338 ait,
496 3271 551 3325 in
577 3256 1100 3342 praedestinatorum
1145 3270 1212 3326 ad
1246 3269 1413 3324 vitam
1439 3285 1668 3327 numero
1701 3288 1809 3337 non
1834 3272 1955 3329 fue-

366 3369 513 3426 runt.
545 3359 640 3417 sed
653 3359 920 3425 absolute,
940 3360 1025 3414 ciu
1045 3360 1575 3430 praedestinatorum
1597 3378 1826 3434 numero
1847 3380 1954 3422 non

367 3453 588 3509 fuerunt
608 3471 654 3506 ι.
681 3451 739 3509 Si
783 3468 915 3524 ergo
946 3453 999 3508 in
1036 3467 1262 3509 numero
1290 3453 1812 3522 praedestinatorum
1847 3473 1957 3520 non

368 3543 607 3609 fuerunt,
636 3554 786 3598 extra
811 3558 999 3612 eorum
1032 3558 1316 3600 numerum
1362 3543 1598 3604 fuerunt.
1628 3546 1748 3617 Quo
1788 3550 1958 3606 conli-

366 3634 528 3700 citur,
575 3634 830 3690 cadentes
885 3642 940 3689 et
1000 3643 1293 3703 pereuntes
1337 3649 1444 3691 non
1483 3650 1630 3698 ,esse
1681 3636 1959 3696 ullomodo

365 3728 818 3801 praedestinatos.
879 3725 1034 3795 Quod
1094 3728 1441 3798 apertissime
1492 3730 1548 3787 in
1604 3733 1956 3803 sequentibus

365 3820 630 3890 aperitur,
672 3819 766 3874 ubi
800 3818 877 3873 ait
910 3834 927 3874 :
964 3838 983 3871 ι
1013 3817 1309 3877 Pastoralis
1344 3821 1643 3881 necessitas
1669 3821 1853 3885 habet.
1886 3840 1955 3881 ne
1982 3860 1993 3872 ο

364 3930 461 3986 per
490 3914 673 3985 plures
701 3920 925 3984 serpant
949 3912 1067 3968 dira
1093 3913 1368 3985 contagia,
1390 3928 1645 3985 separare
1673 3917 1744 3986 ab
1761 3917 1961 3975 ovibus

366 3990 515 4062 sanis
556 4005 882 4073 morbidum,
915 4004 985 4061 ab
1028 4005 1251 4074 illo,cui
1282 4007 1418 4062 nihil
1456 4016 1541 4065 est
1594 4010 1950 4081 impossibile,

366 4100 482 4170 ipsa
548 4097 773 4155 forsitan
829 4100 1176 4170 separatione
1248 4101 1569 4157 sanandam.
1640 4100 1964 4163 Nesciente!»

363 4188 534 4254 enim,
559 4188 683 4261 quis
708 4188 977 4261 pertineat
995 4190 1063 4245 ad
1090 4190 1612 4260 praedestinatorum
1643 4206 1955 4264 numerum.

364 4278 492 4350 quis
524 4293 635 4334 non
668 4278 971 4349 pertineat,
1004 4278 1085 4335 sic
1127 4278 1267 4335 allici
1297 4278 1604 4353 [debemus]
1630 4280 1653 4313 ³
1705 4282 1959 4341 caritatis

365 4368 584 4436 aﬂ‘ectu,
599 4378 659 4425 ut
681 4384 873 4426 omnes
889 4369 1114 4426 velimus
1154 4370 1332 4426 salvos
1372 4370 1491 4427 ﬁeri
1514 4370 1546 4412 δ
1575 4391 1621 4425 ι.
1666 4390 1687 4427 ι
1715 4370 1952 4438 Proinde

2055 3158 2584 3235 praedestinatorum
2646 3170 2771 3226 ﬁnis
2824 3182 2910 3227 est
2963 3174 3286 3245 supplicium
3336 3189 3643 3233 aeternum.

2057 3256 2165 3311 Sed
2218 3258 2478 3330 quoniam
2528 3262 2899 3330 promisimus,
2957 3281 3057 3320 nos
3105 3268 3414 3324 testimonia
3470 3271 3644 3329 sancti

2054 3346 2343 3419 Augustini
2370 3350 2713 3417 collectums,
2738 3352 2943 3423 placuit
2977 3370 3040 3410 ea
3084 3365 3292 3413 tantum
3342 3374 3644 3427 assumere,

2055 3437 2255 3508 quibits
2281 3440 2399 3497 luce
2421 3442 2624 3498 clarius
2669 3445 2990 3515 perhibetur
3008 3446 3190 3502 divina
3220 3451 3647 3518 praedestinatio

2057 3531 2293 3587 nonnisi
2319 3530 2387 3587 ad
2418 3537 2887 3604 praeparationem
2916 3538 3330 3607 donorum‘Det,
3366 3557 3505 3612 quae
3533 3544 3648 3600 suis

2054 3621 2242 3679 electis
2270 3622 2591 3705 largiturus,
2622 3627 2916 3696 pertinere,
2944 3643 3009 3685 ac
3046 3645 3141 3700 per
3169 3632 3272 3688 hoc
3294 3631 3363 3686 ad
3395 3648 3482 3699 ea,
3506 3650 3675 3705 quae

2056 3732 2164 3772 non
2218 3716 2288 3772 ad
2340 3716 2459 3787 ejus
2504 3720 2645 3775 dona
2704 3721 3233 3788 misericordissima.
3280 3726 3373 3781 sed
3414 3726 3484 3783 ad
3530 3728 3648 3797 ejus

2050 3804 2255 3875 judicia
2270 3800 3094 3883 justissima.occultissimaque,
3116 3814 3265 3870 nullo
3292 3817 3454 3872 modo
3476 3818 3648 3888 respi-

2055 3913 2203 3955 cere.
2234 3898 2514 3967 Quamvis,
2549 3908 2606 3957 ut
2631 3916 2794 3972 saepe
2826 3904 3054 3970 dictum,
3084 3890 3430 3961 inveniantur
3459 3918 3647 3964 aucto.

2057 4007 2146 4051 res
2182 4004 2339 4064 tropo
2375 3994 2467 4048 illo
2505 3994 2667 4050 solito
2713 3996 3120 4053 contrarietatis
3163 4000 3450 4056 enuntiare
3487 4017 3645 4074 prae-
3737 4034 3747 4044 ο

2056 4083 2356 4141 destinatos
2411 4086 2479 4141 ad
2513 4102 2741 4158 poenas.
2786 4087 2843 4143 lu
2893 4090 3031 4145 libro
3080 4091 3147 4147 de
3202 4094 3353 4149 Dono
3395 4110 3647 4165 perseve-

2056 4179 2266 4235 rantiae
2294 4197 2309 4235 :
2336 4198 2357 4232 ι
2385 4179 2465 4236 Ex
2488 4181 2699 4237 duobus
2728 4182 2967 4253 parvulis
2996 4202 3016 4235 ι
3037 4224 3053 4244 ,
3084 4184 3257 4254 inquit
3279 4226 3294 4246 .
3334 4205 3352 4238 ι
3385 4187 3642 4258 originali

2054 4278 2281 4344 peccato
2321 4270 2530 4341 pariter
2562 4271 2863 4336 obstrictis,
2899 4288 2996 4328 cur
3042 4274 3144 4329 iste
3186 4274 3526 4344 adsumatur,
3553 4279 3643 4333 ille

2055 4361 2415 4433 relinquatur,
2469 4369 2526 4417 et
2574 4375 2643 4417 ex
2692 4362 2903 4419 duobus
2959 4371 3138 4420 aetate
3178 4364 3291 4434 jam
3345 4369 3643 4438 grandibus

362 4470 629 4534 quantum
655 4462 723 4516 ad
750 4475 850 4518 nos
884 4462 1141 4532 pertinet,
1174 4462 1264 4531 qui
1311 4463 1745 4534 praedestinatos
1776 4480 1808 4520 ει
1839 4480 1948 4523 non
1978 4438 2032 4497 ο
2056 4452 2239 4525 impiis
2267 4468 2367 4509 cur
2396 4451 2499 4509 iste
2524 4452 2597 4509 ita
2640 4462 2885 4520 vocetur,
2920 4462 2979 4510 ut
3026 4469 3311 4512 vocantem
3355 4471 3637 4530 seqttatut,

256 4574 283 4597 .-
362 4552 781 4625 praedestinatis
830 4553 1139 4609 discernere
1184 4569 1289 4609 non
1342 4554 1603 4620 valemus.
1648 4565 1704 4614 et
1748 4558 1819 4615 ob
1847 4559 1950 4617 hoc

359 4659 554 4702 omnes
597 4645 776 4701 salvos
830 4638 947 4703 ﬁeri
1004 4644 1141 4700 velle
1204 4646 1485 4712 debemus,
1542 4647 1848 4716 omnibus,
1879 4665 1951 4705 ne

362 4745 611 4810 pereant,
635 4736 723 4791 vel
752 4752 819 4791 ne
837 4734 972 4791 alios
1001 4737 1253 4808 perdant,
1278 4736 1584 4793 adhibenda
1615 4746 1702 4793 est
1731 4753 1764 4796 a
1792 4740 1950 4796 nobis

364 4828 761 4885 medicinaliter
787 4843 974 4884 severa
1002 4829 1294 4899 correptio.
1330 4827 1424 4884 Dei
1470 4836 1556 4884 est
1601 4837 1805 4895 autem,
1836 4830 1948 4888 illis

365 4932 493 4976 e‘un
527 4917 708 4974 facere
747 4919 953 4982 utilem,
984 4918 1109 4987 quia
1134 4918 1156 4948 '*
1205 4917 1321 4988 ipse
1360 4918 1654 4988 praescivit
1694 4926 1753 4975 et
1796 4935 1954 4990 prae-

364 5006 980 5065 destinavitcoul‘ormes
1003 5009 1254 5081 imaginis
1291 5008 1389 5063 lilii
1424 5009 1506 5064 sui
1532 5020 1555 5050 ε
1580 5029 1626 5063 ι.

435 5101 521 5157 lli.
552 5100 653 5159 Ubi
685 5104 845 5158 datur
874 5101 1110 5174 intelligi.
1143 5090 1307 5159 {otius
1338 5101 1617 5160 rationalis
1659 5113 1948 5158 creaturae

2033 4547 2143 4610 ’ille
2187 4553 2370 4607 autem
2416 4554 2512 4602 aut
2541 4562 2648 4603 non
2692 4557 2936 4613 vocetur,
2970 4559 3063 4603 aut
3111 4565 3218 4603 non
3265 4550 3338 4605 ιιι
3392 4560 3638 4622 vocetur,

2053 4637 2139 4712 [ut
2160 4646 2442 4694 vocantem
2468 4636 2749 4711 seqpatur]
2777 4639 2828 4701 ⁸,
2883 4639 3254 4696 inscrutahilia
3282 4651 3409 4696 sum
3432 4639 3637 4710 judicia

2050 4732 2170 4790 Dei.
2198 4731 2278 4787 Ex
2323 4732 2534 4789 duobus
2555 4741 2736 4791 autem
2770 4732 2873 4803 piis
2900 4747 2999 4788 cur
3028 4732 3154 4788 huic
3195 4733 3428 4790 donetur
3450 4750 3639 4805 perse-

2049 4824 2294 4882 verantia
2323 4839 2496 4896 usque
2524 4823 2577 4879 in
2603 4824 2878 4890 linem,illi
2913 4841 3019 4880 non
3051 4828 3211 4882 detur
3236 4828 3278 4888 -'.
3310 4827 3637 4885 inscrutahi-

2049 4917 2188 4973 liora
2228 4925 2358 4974 sunt
2388 4913 2593 4985 judicia
2624 4916 2740 4972 Dei.
2776 4915 2908 4970 Illud
2955 4925 3134 4970 tamen
3184 4916 3432 4971 lidetihus
3472 4917 3636 4974 debet

2047 5024 2170 5067 esse
2197 5007 2588 5075 certissimum,
2616 5008 2758 5064 hunc
2785 5023 2909 5063 esse
2929 5026 2993 5062 ex
3021 5009 3457 5078 praedestinantis,
3484 5009 3632 5088 illum

2046 5116 2155 5156 non
2181 5098 2343 5157 esse‘
2365 5119 2413 5156 ι.
2444 5098 2501 5155 ιιι
2529 5101 2755 5156 eodem:
2787 5120 2805 5152 ι
2840 5102 2925 5154 An
2954 5100 3242 5171 quisquam
3262 5102 3444 5157 dicere
3468 5103 3637 5157 aude-

1647 5212 1902 5270 νΑιιιΑε
1938 5192 2343 5271 Lecuoxes.

441 5304 459 5336 ⁸
483 5302 557 5360 al.
603 5304 751 5374 facit.
826 5304 848 5338 ⁸
870 5304 1027 5368 Cod.,
1064 5305 1137 5361 bl.
1181 5306 1305 5360 sive.
1380 5305 1407 5374 ἦ
1427 5306 1671 5360 debemus
1716 5320 1828 5362 oin.
1855 5304 2004 5369 cod.,
2028 5305 2150 5361 add.
2186 5304 2257 5359 Μ.
2331 5302 2355 5335 ⁸
2382 5302 2476 5361 Stc

444 5388 461 5432 t
488 5384 754 5432 uocantem
782 5389 1034 5433 sequatur
1056 5392 1168 5432 om.
1205 5377 1348 5433 cod..
1370 5378 1494 5432 add.
1528 5375 1597 5430 Μ.
1674 5376 1695 5408 ⁷
1720 5376 1792 5431 al.
1824 5376 1905 5431 illi
1932 5385 2110 5433 autem
2135 5391 2241 5431 non
2266 5373 2493 5430 donetur

1720 5393 1792 5431 al.
1824 5393 1905 5431 ιω
1932 5393 2110 5431 autem
2135 5393 2241 5431 non
2266 5393 2510 5430 acuetur.

374 5374 461 5432 "at
488 5384 754 5432 uocantem
782 5389 1034 5446 sequatur
1056 5392 1168 5432 om.
1205 5377 1348 5441 cod.,
1370 5378 1494 5432 add.
1528 5375 1597 5430 Μ.

2028 5305 2150 5361 add.
2186 5304 2257 5359 Μ.
2331 5301 2355 5335 ⁸
2382 5302 2476 5361 Stc
2500 5302 2647 5371 cod.,
2678 5301 2749 5358 ll.
2775 5319 2926 5372 quos.
2999 5301 3026 5338 ⁸
3046 5303 3139 5359 Sic
3168 5303 3267 5370 RL,
3302 5304 3422 5362 cod.
3456 5301 3580 5358 Und

1895 5484 2146 5542 NOTAE.

438 5594 467 5652 ᾳ
495 5576 779 5652 angustia.
810 5580 874 5634 de
900 5579 1136 5652 Corrept.
1166 5593 1212 5636 et
1238 5579 1387 5639 Crat.
1492 5580 1579 5638 l2.

443 5648 770 5721 l’Auiustiu.
803 5652 929 5703 ibid.
963 5667 1010 5705 ιι.
1045 5648 1131 5705 i5.

2126 5588 2149 5618 ο
2175 5579 2460 5647 Augustin.
2486 5579 2608 5632 ibid.
2642 5594 2691 5633 c.
2728 5578 2811 5632 ιιι.

2122 5647 2151 5688 ιι
2180 5646 2465 5722 Augustin.
2491 5649 2555 5702 de
2579 5647 2726 5703 Dono
2749 5657 3162 5716 ,rrscrernnlme
3195 5663 3246 5704 υ.
3270 5646 3327 5704 8.
