4236 6072
593 251 701 319 UB

1963 233 2248 303 Joannis
2286 241 2482 304 SCOTI

2672 221 2701 246 ‘
3733 203 3837 266 διδ

589 383 698 426 non
722 365 889 438 igitur
914 377 982 420 ex
1013 355 1267 429 veritate,
1293 374 1358 417 ac
1387 374 1486 432 per
1504 360 1612 416 hoc
1639 371 1738 415 nec
1759 373 1828 413 ex
1854 363 1973 428 ejus
2011 373 2172 428 prae-
2200 365 2247 422 Α
2347 337 2481 411 Πιιξ
2503 355 2632 413 lloc'
2657 365 2740 412 est
2764 352 3236 420 considerandum,
3271 363 3451 411 utrum
3477 354 3680 418 omnia,
3707 360 3848 428 quae

587 459 816 518 scientia
837 499 854 525 ,
884 471 986 512 nec
1012 453 1530 527 piaedestinatione.
1565 450 1892 520 Colligamus
1931 450 2172 506 breviter

587 556 658 607 de
689 549 950 624 peccatis.
1005 546 1064 602 Si
1112 545 1316 602 veritas
1361 558 1612 600 verorum
1643 547 1756 606 est,
1808 557 1934 596 vera
1989 551 2170 596 autem

587 642 748 716 plane
781 655 888 696 non
931 639 1035 694 nisi
1090 652 1231 709 quae
1272 644 1438 700 sunt,
1489 631 1848 705 praescientia
1908 639 1963 686 et
2014 646 2172 708 prae-

587 732 877 788 destinatio
897 730 1076 786 divina
1101 726 1288 801 procul
1313 726 1476 782 dubio
1491 704 1695 779 veritas
1717 736 1985 778 verorum.
2006 704 2172 788 igitur

589 833 808 894 peccata
845 821 969 894 quis
994 817 1234 891 ambigat
1261 811 1394 874 falsa
1423 831 1566 881 esse,
1601 816 1706 871 nisi
1748 814 1840 886 qui
1865 813 2109 884 ambigit,
2140 827 2172 868 a

591 917 820 972 veritate
847 930 951 968 non
973 919 1114 978 esse.
1129 910 1432 968 Conﬁcitur
1451 899 1638 966 eorum
1666 920 1842 976 neque
1869 907 2172 976 praescion-

591 1005 743 1070 tiam,
771 1018 948 1074 neque
971 999 1527 1083 praedestinationctn
1555 997 1670 1054 ﬁeri
1703 1011 1885 1068 posse.

663 1095 748 1153 Vl.
785 1095 861 1150 De
889 1102 1111 1167 peccato
1139 1091 1480 1148 conclusum.
1535 1089 1822 1146 Videamus
1858 1087 1924 1142 de
1977 1100 2170 1158 poena,

588 1188 671 1243 vel
716 1185 984 1257 supplicio
1029 1184 1348 1249 interituve,
1379 1181 1462 1237 vel
1488 1179 1853 1250 qualicunque
1883 1178 2042 1232 modo
2079 1191 2189 1229 νει--

587 1278 699 1332 cari
731 1276 902 1347 possit
928 1273 1258 1330 universitas
1281 1271 1552 1337 miseriae,
1601 1283 1740 1340 quae
1759 1269 1905 1340 juste
1929 1266 2174 1338 sequitur

589 1377 895 1442 peccatum.
927 1365 1304 1433 Praediximus
1333 1363 1623 1434 siquidem,
1653 1361 1978 1418 auctoritate
2001 1359 2175 1431 patris

585 1459 874 1534 Augustini
934 1465 1189 1523 utentes,
1247 1454 1465 1511 divinae
1508 1451 2018 1525 praedeStinationis
2067 1447 2176 1506 ele-

582 1551 786 1606 mentia
811 1548 1023 1606 nullum
1047 1543 1364 1619 praeparati
1381 1543 1448 1600 ad
1473 1550 1768 1608 tormenta,
1788 1554 2148 1614 quamquam,

583 1655 642 1700 ttt
671 1657 833 1712 saepe
855 1643 967 1714 jam
1023 1639 1342 1712 repetitum,
1388 1651 1454 1692 ea
1494 1633 1712 1695 dicatur
1733 1633 2151 1706 praedestinaro

2273 449 2338 504 de
2362 459 2587 518 peccato
2629 447 2900 512 diximus,
2944 449 3010 502 de
3041 461 3212 518 poena
3239 445 3489 502 similiter
3521 445 3642 518 ejus
3667 445 3848 502 dicere

2271 538 2582 595 debeamus.
2617 539 2860 594 Diximus
2883 546 3084 601 autem,
3121 535 3301 592 omnia
3326 543 3547 608 peccata
3581 549 3696 593 non
3728 549 3850 592 esse

2271 648 2302 686 a
2330 631 2458 697 Deo,
2487 641 2632 687 recte
2653 631 2925 698 videlicet,
2957 629 3082 700 quia
3115 644 3220 684 non
3249 627 3545 684 secundum
3574 635 3848 694 naturam,

2271 725 2367 780 sed
2395 734 2586 778 contra
2617 735 2736 778 eam
2755 732 2904 777 sunt.
2927 721 3223 776 Audiamus
3247 717 3560 790 Apostolum
3585 735 3600 774 :
3623 716 3851 773 Anticus

2272 825 2445 869 autem
2472 815 2653 868 mortis
2693 822 2966 884 peccatum
2991 823 3037 866 ε.
3065 810 3124 866 Si
3153 825 3283 883 ergo
3307 825 3372 864 ex
3397 808 3604 880 peccati
3632 807 3854 862 vulnere

2272 921 2420 962 mors
2450 906 2760 961 necessario
2790 905 2991 970 evenit,
3021 917 3090 958 ex
3117 912 3340 973 peccato
3364 900 3524 972 plane
3549 901 3656 956 erit
3680 907 3847 962 mors.

2169 1045 2184 1056 .
2273 1012 2414 1068 quae
2455 995 2700 1068 profecto
2741 1011 2914 1067 poena
2943 995 3151 1066 peccati
3179 1003 3280 1050 est.
3328 993 3407 1048 Ac
3433 1007 3530 1063 per
3549 992 3678 1049 line.
3709 990 3854 1048 unde

2274 1099 2584 1161 peccatum,
2627 1088 2754 1144 inde
2801 1103 2971 1144 mors.
3044 1085 3271 1142 Mortem
3319 1083 3564 1155 sequitur
3611 1081 3849 1138 miseria.

2274 1177 2426 1234 Unde
2457 1177 2618 1248 igitur
2637 1190 2806 1242 mors,
2832 1175 2954 1232 inde
2977 1173 3216 1240 miseria,
3249 1188 3390 1245 quae
3417 1181 3503 1229 est
3529 1187 3704 1243 poena
3721 1211 3736 1238 ,
3769 1177 3854 1224 vet

2273 1266 2616 1338 supplicium.
2631 1265 2866 1326 Proinde
2883 1265 3148 1322 malorum
3161 1264 3400 1320 omnium
3417 1262 3682 1333 quaedam
3696 1258 3854 1338 quasi

2276 1357 2653 1430 inseparabilis
2677 1367 2868 1415 catena
2892 1373 3138 1430 connexa
3166 1366 3272 1419 est.
3293 1355 3377 1413 Ex
3400 1355 3556 1412 liberi
3585 1354 3851 1424 siquidem

2275 1427 2484 1506 arbitrii
2511 1463 2767 1520 per-verso
2791 1427 3153 1522 culpabilique
3178 1456 3350 1514 metu,
3383 1444 3689 1505 deserentis
3711 1442 3856 1502 vitle-

2258 1537 2392 1594 licet
2416 1551 2696 1594 summum
2747 1537 2980 1604 bonum,
3011 1537 3118 1595 hoc
3143 1545 3252 1606 est,
3296 1538 3476 1595 Deum
3509 1553 3698 1606 suum,
3721 1554 3837 1614 quo

2260 1633 2367 1688 irui
2402 1641 2611 1704 posset,
2654 1633 2858 1690 factum
2897 1645 2982 1692 est
3011 1641 3298 1704 peccatum
3333 1633 3707 1692 inobedientis
3735 1649 3834 1690 sue

546 1787 549 1789 _
582 1702 782 1806 impios
818 1702 890 1789 ad
921 1735 1064 1803 ipsa.
1085 1702 1200 1788 ilbi
1236 1729 1278 1795 ί,
1310 1702 1373 1784 ut
1401 1702 1842 1807 domintum—aut
1877 1740 1977 1796 per
2006 1725 2156 1779 simi-
2189 1702 2236 1764 Β
2257 1702 2806 1798 perbiaeJ’eceatum
2825 1702 3062 1782 subinde
3079 1725 3376 1804 subsecuta
3392 1733 3478 1782 est
3507 1741 3831 1792 mors,mor-

580 1826 876 1882 litudinem
913 1821 1345 1896 praedestinatio
1379 1834 1484 1891 pro
1511 1817 1880 1886 praescieutia
1906 1817 2160 1887 punitur,

578 1934 676 1978 aut
704 1939 802 1992 per
833 1922 986 1976 illum
1022 1930 1264 1990 tropum,
1299 1918 1392 1986 qui
1425 1907 1634 1970 dicitur
1650 1911 1958 1982 ὑπαλλαγή.
1987 1927 2152 1979 quem

553 2024 556 2026 ’
579 2027 876 2087 possumus
894 2014 1179 2068 nominare
1197 2007 1748 2074 subalternationem;
1770 2020 2014 2074 congrue
2028 2003 2156 2073 qui-

577 2108 988 2179 dem,quoniam
1013 2119 1125 2161 non
1155 2105 1349 2160 eodem
1368 2103 1566 2157 ordine
1582 2099 1750 2156 verba
1772 2099 2148 2170 proferuntur,

575 2216 686 2270 quo
714 2211 770 2255 et
797 2213 1015 2254 sensus.
1045 2195 1216 2268 Cujus
1237 2195 1548 2276 exemplum
1574 2203 1740 2278 poeta
1757 2191 1937 2262 posuit
1959 2188 2153 2243 :cdare

571 2291 846 2352 classibus
869 2292 892 2324 ³
924 2298 1202 2353 austros»,
1234 2287 1384 2358 quod
1413 2300 1446 2341 ο
1473 2286 1695 2340 diverso
1725 2283 2154 2356 accipitur,dare
2199 2355 2204 2360 ι

488 2409 492 2412 ~
575 2385 782 2440 classes
813 2385 1038 2438 austris.
1068 2379 1193 2451 Non
1215 2379 1288 2434 ab
1331 2394 1389 2434 re
1433 2377 1602 2448 igitur
1633 2391 1731 2446 per
1759 2379 1906 2428 hunc
1934 2383 2176 2444 tropum

575 2487 803 2552 possent
841 2477 1108 2532 autbores
1126 2473 1335 2538 dicere,
1345 2471 1787 2543 praedestinatos
1810 2481 1930 2520 esse
1951 2465 2150 2532 impios

577 2571 644 2626 ad
668 2586 922 2642 poenam,
939 2571 1010 2624 ‘ac
1025 2569 1073 2624 si
1093 2567 1367 2622 dixissent
1381 2577 1614 2636 poenam
1641 2557 1824 2629 impiis
1854 2553 2152 2628 praedesti-

2259 1827 2366 1872 tem
2389 1832 2692 1886 poenarum
2717 1817 2966 1881 miseria,
2991 1817 3061 1874 de
3077 1801 3287 1889 quibus
3311 1818 3571 1890 omnibus
3583 1819 3711 1890 quia
3732 1833 3832 1874 nos

2253 1907 2494 1962 liberare
2521 1906 2749 1978 potest?
2807 1905 3002 1964 Gratia
3035 1905 3132 1961 Dei
3163 1922 3258 1978 per
3288 1903 3468 1962 lerunt
3488 1904 3761 1962 Christum
3782 1906 3829 1963 τ.

2254 1996 2352 2052 llla
2369 2013 2470 2068 pro
2498 1997 2738 2066 certoab
2754 1996 2850 2052 illo
2878 2012 2990 2054 non
3021 2000 3276 2067 suut,qui
3300 2011 3400 2052 nos
3417 1995 3492 2054 ab
3509 1996 3830 2054 eisliberat.

2257 2089 2316 2147 Si
2339 2093 2489 2146 enim
2517 2089 2588 2146 ab
2619 2089 2714 2145 illo
2741 2098 2951 2154 essent,
2983 2088 3136 2145 nullo
3171 2088 3463 2144 dubitante
3515 2101 3624 2144 non
3663 2087 3831 2151 mala.

2253 2185 2349 2240 sed
2392 2184 2536 2262 bona
2569 2193 2782 2239 essent.
2807 2183 2972 2253 Atqui
2991 2182 3015 2214 ⁸
3035 2182 3178 2238 mala
3207 2188 3359 2237 sunt.
3385 2181 3470 2237 Ab
3510 2180 3632 2251 ipso
3664 2180 3832 2252 igitur

2255 2275 2372 2332 ﬁeri
2409 2291 2520 2332 non
2559 2288 2814 2349 possunt.
2843 2278 2953 2332 Aut
2973 2278 3065 2332 cui
3093 2292 3202 2332 non
3229 2275 3389 2332 facile
3418 2274 3698 2344 pateat,ab
3722 2287 3832 2330 una

2253 2369 2470 2438 origine
2497 2369 2656 2425 nasci
2691 2385 2801 2425 non
2831 2383 2995 2440 posse
3028 2369 3261 2424 invicem
3294 2367 3400 2428 sibi
3437 2363 3830 2422 adversantia!

2256 2459 2508 2516 Profecto
2545 2459 2770 2532 quidem
2802 2460 2950 2516 unde
2979 2461 3180 2516 bonum
3207 2460 3300 2526 sit,
3336 2457 3464 2514 lmle
3487 2459 3691 2512 malum
3723 2470 3830 2511 non

2255 2555 2392 2618 erit;
2426 2554 2569 2610 unde
2611 2553 2918 2618 humilitas,
2963 2568 3071 2608 non
3107 2551 3237 2607 inde
3265 2549 3554 2621 superbia;
3583 2563 3649 2604 ex
3679 2543 3834 2603 fonte

577 2674 796 2720 natam.
823 2661 1074 2726 Possent,
1111 2659 1360 2730 inquam,
1385 2634 1438 2710 si
1470 2654 1613 2712 ratio
1673 2652 1881 2710 sineret
1933 2661 2153 2718 proprie
2248 2643 2788 2714 jusutiaenunquam
2809 2653 2992 2698 manat
3015 2634 3832 2716 iniquitas;eyxvitaepriucipio

574 2756 950 2831 pronuntiari,
974 2768 1205 2824 poenam
1225 2751 1412 2820 impiis
1440 2761 1560 2808 esse
1595 2735 2150 2816 praedestinataut..Si

575 2862 758 2909 autem
778 2850 971 2906 eodem
999 2846 1260 2925 loquendi
1275 2858 1492 2913 genere,
1504 2853 1564 2897 ut
1579 2836 1859 2908 sequentia
1873 2843 2127 2925 att-.nnstra

571 2938 730 3003 bunt,
755 2937 1010 2990 dicuntur
1039 2930 1190 3002 impii
1215 2917 1605 3002 praedestinati
1628 2921 1696 2976 ad
1733 2916 1994 2991 supplicia
2013 2953 2029 2982 ,
2053 2929 2160 2986 quo

571 3031 739 3086 etiam
788 3027 1048 3100 supplicia
1100 3020 1503 3097 praedestinata
1562 3014 1744 3086 impiis
1771 3052 1786 3076 ,
1840 3009 2158 3078 relinquitur

2253 2750 2537 2806 nunquam
2593 2735 2845 2812 procedit
2872 2733 3053 2801 mors;
3101 2731 3391 2795 beatitudo
3416 2744 3526 2786 non
3548 2737 3636 2785 est
3661 2740 3828 2785 causa

2253 2828 2530 2897 miseriae;
2568 2839 2847 2898 postremo
2911 2841 3130 2883 summa
3181 2824 3423 2881 essentia
3473 2821 3630 2878 nullo
3661 2817 3832 2876 modo

2262 2919 2446 2986 efficit,
2470 2935 2611 2991 quae
2639 2933 2746 2974 non
2776 2924 2904 2973 sunt
2921 2933 2937 2969 :
2953 2924 3261 2987 peccatum,
3277 2924 3446 2975 mors,
3466 2920 3663 2980 poena,
3686 2903 3846 2974 justi-

2266 3012 2396 3076 tiae,
2422 3009 2590 3076 vitae,
2617 3003 2973 3064 beatitudinis
2999 3001 3249 3060 defectus
3275 3005 3439 3056 sunt:
3464 2997 3535 3054 ab
3569 3010 3635 3077 eo
3661 2993 3844 3068 igitur,

575 3139 716 3180 unius
745 3123 835 3178 ille
855 3074 1026 3191 saepe
1051 3074 1331 3194 pt‘raefatus
1358 3112 1580 3174 modus,
1613 3074 1704 3178 qui
1730 3074 1937 3162 dicitur.
1960 3074 2120 3170 entby
2143 3127 2159 3138 -
2190 3074 2234 3136 (ἶ
2267 3100 2358 3172 qui
2383 3074 2516 3164 est,
2563 3074 2672 3153 non
2703 3104 2858 3162 sunt;
2903 3109 2971 3150 ac
2997 3107 3097 3164 per
3122 3093 3248 3156 hoc,
3270 3089 3316 3146 si
3359 3087 3430 3144 ab
3455 3101 3523 3144 eo
3546 3074 3656 3143 non
3672 3093 3841 3146 sunt,

573 3231 755 3273 menta
779 3215 824 3282 ³,
851 3214 1107 3284 quoniam
1152 3191 1244 3264 illa
1288 3202 1484 3260 mentis
1509 3197 1795 3272 conceptio
1825 3191 2162 3258 acontrario

575 3321 796 3377 semper
831 3303 1147 3369 assumitur.

549 3413 576 3430 λ
653 3372 760 3454 Vll.
793 3396 930 3450 llinc
975 3390 1132 3462 apte‘
1161 3407 1193 3445 a
1240 3383 1644 3448 Grammaticis,
1679 3386 1738 3434 ut
1766 3372 2162 3462 praediximus,

579 3503 802 3548 vocatur
828 3489 1248 3563 κατωδτίφρασις.
1282 3477 1451 3548 Cujus
1468 3464 1774 3543 exemplu'm
1807 3469 1862 3523 in
1907 3461 2168 3521 seculari-

580 3585 682 3640 bus
707 3583 905 3638 litteris
951 3554 1179 3638 Parcae,
1215 3571 1358 3644 quod
1393 3565 1525 3624 nulli
1556 3568 1801 3636 parcant,
1826 3557 1964 3625 [item
1989 3554 2165 3644 lucus,

579 3691 723 3748 quoa
756 3690 860 3730 non
891 3671 1091 3735 luceat,
1123 3677 1177 3722 et
1216 3643 1541 3734 liujusmodi,
1569 3667 1710 3728 quae
1731 3645 2082 3709 Grammatici
2111 3643 2168 3698 in

518 3803 533 3814 -
581 3767 811 3842 singulis
839 3771 1047 3836 ponunt
1077 3760 1274 3815 verbis.
1327 3756 1385 3812 lu
1433 3747 1762 3807 dictionibus
1806 3756 1938 3798 vero
1978 3738 2168 3792 rheto-

582 3832 704 3919 rutn
733 3832 945 3916 Marcus
965 3855 1173 3911 Tullius
1193 3858 1196 3863 '
1214 3867 1312 3922 pro
1352 3845 1570 3918 Ligario
1598 3859 1654 3898 τι
1688 3839 1897 3894 Novum
1927 3832 2130 3890 crimen
2152 3869 2166 3894 ,

583 3953 718 4011 Cai'
751 3951 953 4008 Caesar
972 3950 1015 4003 ιι
1035 3946 1093 4005 ln
1119 3919 1318 4000 divinis
1346 3951 1562 4011 quoque
1589 3931 1836 4005 apicibus
1861 3919 2170 3983 multotics‘

588 4049 726 4101 haec
747 4043 954 4114 species
975 4040 1093 4096 luce
1117 4029 1566 4094 clarior'arridet.
1601 4020 1888 4095 Apostolus
1919 4036 1934 4071 :
1962 4015 2170 4114 Donate

585 4117 713 4192 mihi
742 4103 878 4190 hanc
911 4131 1231 4203 injuriaml,
1262 4132 1318 4180 et
1346 4122 1490 4193 quod
1513 4131 1676 4186 supra
1705 4111 2022 4203 posuimus:
2048 4103 2174 4158 Per-

589 4229 710 4283 dam
737 4196 1043 4295 sapientium
1072 4219 1385 4288 sapientum,
1431 4221 1478 4265 et
1505 4203 1840 4280 prudentiam
1859 4196 2172 4295 prudentum

589 4287 872 4389 "probabo
899 4313 950 4366 ιι.
1012 4311 1076 4366 Et
1122 4287 1380 4363 Dominus
1418 4303 1471 4357 in
1518 4289 1920 4389 Evangelio‘de
1967 4287 2178 4388 Joanne

591 4375 827 4479 Baptista
854 4403 1076 4462 Iudaeis
1106 4401 1182 4456 ait
1210 4398 1237 4452 τ’
1255 4395 1324 4452 Ut
1363 4391 1490 4466 quid
1511 4387 1696 4445 existis
1725 4385 1782 4440 iu
1807 4381 2068 4479 desertam
2096 4375 2170 4477 vi:

589 4499 749 4555 dere?
793 4495 1114 4552 Arundiuem
1159 4491 1319 4546 uentis
1361 4485 1615 4556 agitatam
1646 4477 1715 4530 ‘5?
1746 4477 1883 4533 llem
1909 4469 2170 4541 proditori

589 4604 690 4646 suo
717 4607 730 4643 :
761 4587 958 4650 Amice,
1004 4585 1072 4638 ad
1093 4583 1220 4654 quid
1250 4577 1427 4636 misti
1456 4573 1509 4636 δ,
1535 4579 1588 4626 et
1619 4577 1820 4629 cetera,
1847 4575 1986 4632 quae
2002 4559 2088 4654 ei,
2116 4566 2176 4612 ut

594 4650 1149 4754 praedixunus,quasi
1177 4669 1516 4741 Apostuiicae
1541 4659 1748 4734 gratiae
1777 4651 2016 4712 consorti
2032 4650 2175 4705 dicta

591 4743 738 4829 sunt.
764 4743 1053 4840 Exemplo'
1086 4767 1220 4822 haec
1249 4759 1539 4816 suilieiunt.
1572 4751 1878 4807 Redeamus
1895 4743 1960 4798 ad
1979 4757 2174 4811 propol-

592 4863 776 4921 situm.

2269 3191 2392 3264 quis
2413 3191 2616 3283 audeat
2633 3188 2835 3252 dicere,
2869 3185 2925 3240 in
2953 3184 3034 3240 eis
3060 3181 3262 3254 aliquid
3287 3179 3454 3237 esse?

2334 3350 2426 3406 lx.
2461 3349 2770 3413 Pet-actum,
2795 3345 2851 3402 ni
2873 3345 3050 3414 fallor,
3075 3354 3131 3401 et
3150 3351 3392 3415 peccata,
3421 3349 3478 3398 et
3503 3351 3728 3411 poenas,
3747 3349 3856 3392 nec

2267 3457 2298 3498 a
2330 3442 2442 3498 Deo
2471 3439 2585 3496 ﬁeri
2621 3457 2722 3495 nec
2759 3441 2828 3495 ab
2852 3453 2919 3495 eo
2943 3435 3241 3508 praesciri,
3278 3433 3361 3488 vel
3385 3427 3845 3504 praedestinari‘.

2267 3533 2472 3589 Delicta
2494 3533 2630 3586 enim
2655 3531 2774 3603 quis
2797 3529 3038 3600 intelligit
3061 3528 3123 3582 δι
3161 3527 3268 3581 Sed
3298 3525 3439 3580 sicut
3469 3522 3721 3586 dicimus,
3749 3531 3849 3574 nos
3925 3597 3929 3600 _
3985 3549 3991 3554 -

2271 3627 2543 3701 praescire
2571 3625 2821 3680 tenebras
2846 3631 2970 3694 post
3016 3622 3145 3676 solis
3171 3633 3424 3676 occasum
3453 3631 3574 3672 esse
3601 3614 3812 3679 futuras
3831 3651 3848 3675 ,
3889 3619 3900 3628 '

2269 3732 2326 3778 et
2373 3721 2647 3775 silentium
2699 3725 2824 3787 post
2849 3712 3326 3789 acclamationem,
3381 3716 3436 3762 et
3463 3705 3703 3761 dolorem
3731 3709 3854 3774 post

2271 3809 2524 3866 sanitatis
2567 3805 2875 3860 abscessum
2890 3807 3006 3868 ’,ει
3039 3800 3637 3866 lt'islitiatn,p05tqtlatn
3668 3801 3850 3848 transv

2277 3900 2402 3956 ierit
2454 3899 2705 3970 gaudium
2727 3936 2741 3960 ,
2788 3905 2844 3948 et
2888 3893 3129 3950 laborem
3157 3898 3418 3962 pereunte
3447 3887 3646 3956 quiete,
3675 3882 3856 3940 stulti-

2273 3992 2406 4046 tiam
2456 3987 2994 4059 pcrdita'sapieutia,
3041 3993 3334 4052 ceteraque
3377 3979 3437 4034 id
3473 3991 3668 4048 genus,
3715 3987 3856 4046 quae

2273 4081 2489 4148 omnia,
2542 4091 2600 4134 ut
2639 4079 2716 4134 ait
2760 4077 3112 4150 Augustinus,
3146 4093 3163 4125 ι
3197 4069 3492 4127 nesciendo
3533 4067 3783 4123 sciuntur
3804 4083 3855 4131 ι,

2281 4189 2542 4246 «quorum
2564 4171 2782 4228 inscitia
2804 4175 2992 4223 eorum
3016 4175 3102 4222 est
3127 4162 3354 4219 scientia
3378 4162 3391 4202 ἱ
3412 4181 3457 4215 ι.
3475 4158 3570 4214 Sic
3597 4157 3856 4213 nimirum

2276 4244 2464 4326 sancta
2516 4264 2814 4320 auctoritas
2843 4247 3010 4316 Deum
3039 4257 3237 4312 asserit
3262 4255 3345 4310 vel
3379 4251 3733 4323 praesciisse,
3771 4244 3861 4302 vel
3891 4261 3898 4267 '

2278 4357 2713 4432 praedestinasse
2724 4361 2969 4426 peccata,
2986 4351 3067 4405 vel
3082 4357 3447 4421 poenas,quae
3461 4358 3561 4398 nec.
3574 4337 3858 4410 praesciri,

2202 4439 2253 4500 Β
2280 4449 2782 4524 uecpraedestinari
2817 4454 3060 4516 possunt.
3088 4442 3202 4498 Non
3224 4439 3368 4496 enim
3385 4439 3438 4492 in
3453 4432 3880 4514 dettnitionibus

2275 4545 2575 4602 fortuat'mu
2603 4541 2754 4607 sciri,
2782 4540 2875 4594 Sed
2905 4539 2957 4593 in
2989 4534 3502 4592 defectibus-eamut
3531 4525 3731 4581 nesciri
3759 4521 3861 4578 tio-

2279 4649 2522 4695 scuntur.
2558 4637 2696 4702 Quid
2726 4631 2909 4690 enim?
2935 4628 3184 4698 Nunquid
3215 4625 3358 4679 aliud
3378 4611 3661 4692 isiguiﬁcat
3687 4616 3862 4702 nihil!

2279 4731 2382 4788 nisi
2431 4723 3041 4794 notionem'cogitantis
3081 4717 3349 4772 defectum
3377 4710 3670 4772 essentiae.
3721 4693 3863 4773 Quid

2278 4820 2587 4894 signiﬁcant
2636 4804 2916 4876 tenebrae,
2974 4811 3052 4866 vel
3083 4808 3392 4870 silentium,
3441 4817 3543 4857 mSI
3585 4809 3860 4855 nottonem

1879 4943 2136 5002 VAlJAlI
2173 4931 2572 4998 LECTIONES.

660 5091 681 5126 ⁸
706 5087 803 5144 Ubi
840 5100 953 5140 om.
991 5077 1064 5136 Μ.
1137 5077 1158 5111 ³
1189 5075 1318 5132 Cod.
1349 5068 1600 5144 ciuilibus,
1639 5068 1716 5117 sic
1741 5071 1975 5144 semper.

593 5134 952 5217 muiibvtieu'slw
991 5153 1011 5184 ⁷
1045 5134 1136 5207 Sic
1167 5147 1288 5204 cod.
1366 5142 1384 5173 ⁸
1419 5138 1573 5195 Sic”
1607 5182 1618 5202 ,
1655 5134 1773 5190 cod.
1815 5137 1908 5183 aut

2042 5050 2212 5104 θεοί.
2233 5056 2534 5103 εηιηηριηα.
2605 5038 2746 5093 *εἰς
2763 5036 2998 5101 Μηροιι.
3025 5009 3223 5106 aperte.
3282 5030 3304 5064 ³
3326 5028 3461 5086 Cod.
3495 5026 3609 5100 gai.
3649 5025 3672 5057 ⁸
3707 5024 3846 5082 Cod.

1945 5127 2054 5198 qui.
2129 5121 2151 5153 ’
2193 5119 2327 5174 Cod.
2361 5115 2630 5169 abnuunt

2098 5215 2186 5274 ΝΟ
2201 5214 2346 5272 ΓΔΕ.

666 5366 686 5386 ⁵
723 5348 767 5406 ll
796 5346 928 5402 Cor.
962 5339 1074 5398 Xll.
1101 5338 1189 5393 15.

670 5420 698 5463 δ
733 5422 754 5476 l
787 5421 913 5472 Cor.
946 5411 986 5472 Ι.
1033 5411 1120 5464 i9.

680 5508 699 5531 ι
738 5487 958 5545 Matth"
990 5481 1084 5544 XI,
1119 5480 1172 5533 7.

675 5569 702 5602 ¢
737 5557 904 5614 Matth
959 5550 1143 5612 XXVI,
1175 5549 1242 5605 50

729 5631 898 5686 [ϐυτ.
918 5621 1128 5688 X\’,56.

682 5717 693 5736 τ
725 5697 877 5760 Rom.
901 5693 1016 5757 VII.
1039 5694 1132 5751 ἓξ.

2351 5291 2378 5348 ά
2410 5303 2786 5361 Falsisst‘mum
2806 5299 2856 5347 td
2881 5289 3100 5365 quidem
3131 5285 3262 5344 Nam
3293 5289 3515 5351 peccata
3539 5294 3824 5365 praesciuit

2283 5389 2388 5436 tur.
2417 5359 2515 5430 scd
2545 5389 2654 5427 nun
2689 5359 3188 5437 praedestinantur,
3220 5369 3417 5437 pteuac
3453 5367 3584 5437 vero
3617 5359 3671 5432 et
3691 5365 3854 5417 prae.

2283 5421 2978 5510 sciente-rvet"j'ustisstmo
3015 5429 3106 5484 Dei
3135 5421 3348 5510 judicio
3389 5421 3666 5492 peccatori
3699 5436 3856 5490 prae:

2287 5531 2452 5591 parun
2463 5523 2570 5569 tur.

2361 5591 2384 5626 ιι
2415 5589 2554 5640 Psan
2587 5579 2770 5643 XVIII,
2805 5578 2889 5631 15.
2935 5644 2942 5646 ξ
2995 5617 3008 5630 .
3035 5643 3061 5646 μ
3107 5641 3119 5646 _
3175 5637 3216 5646 -.

2360 5659 2370 5689 ι
2410 5635 2703 5724 iugasti...
2737 5635 2806 5703 de
2833 5644 2988 5702 una.
3023 5641 3140 5707 Dei,
3175 5636 3295 5702 xu,
3327 5635 3379 5694 7.

4170 1439 4171 1460 1

4170 1491 4171 1506 1

4170 1519 4171 1534 1

4170 1637 4171 1670 1

4170 1679 4171 1708 1

4170 1825 4171 1860 1

4170 1863 4171 1892 1

4170 2009 4171 2020 1

4170 2031 4171 2060 1

4170 2075 4171 2086 1

4169 2099 4171 2136 1

4170 2239 4171 2274 1

4170 2475 4171 2492 1

4170 2747 4171 2770 1
