4236 6072
557 271 661 331 ‘13

1926 264 2210 323 JOANNIS
2251 264 2450 323 SCOTI

3676 220 3795 318 ’ωε

551 381 694 437 ntale
723 378 921 436 utendo
970 352 1148 433 anima
1190 378 1627 449 corruptionibus
1667 377 1941 435 noxiavit?
1988 376 2127 445 Quid
2160 384 2197 440 Λ
2230 378 2297 434 de
2322 394 2429 447 quo
2463 379 2733 435 hominem
2758 379 2935 436 divina
2964 391 3073 435 non
3116 372 3348 434 abselvit
3389 374 3702 463 clementia,
3743 374 3793 437 in

554 483 736 526 autem
772 468 790 507 ³
848 469 1016 531 dolor,
1040 468 1131 540 qui
1162 469 1361 525 dicitur
1395 468 1581 533 animi,
1621 468 1722 523 nisi
1745 482 1930 522 carere
1950 478 2125 521 muta-

556 558 754 617 bilibus
798 557 980 623 rebus,
1032 558 1225 626 quibus
1270 557 1569 622 fruebatur,
1607 566 1700 611 aut
1739 555 1847 611 frui
1874 570 1933 612 se
1968 567 2130 625 posse
2166 557 2203 569 "'

555 649 807 719 sperabat
823 646 847 702 ἲ
865 649 981 705 [ioc
997 647 1017 678 '
1041 658 1125 701 est
1152 658 1341 711 totum,
1356 646 1497 717 quod
1521 647 1717 701 dicitur
1730 647 1953 710 malum,
1978 646 2030 699 id
2047 657 2130 699 est

556 745 836 806 peccatum
878 744 934 791 et
978 750 1147 807 poena
1199 736 1405 811 peccati
1456 756 1475 789 ι
1530 747 1579 790 ι.
1621 736 1883 801 Quocirca
1947 735 2127 791 divina

557 826 802 896 aequitas
826 840 934 882 non
960 826 1130 895 punit,
1161 827 1304 895 quod
1333 842 1429 880 sua
1453 826 1662 881 bonitas
1687 840 1875 881 create
1894 825 2080 880 voluit.

632 917 714 974 Vl.
746 916 940 974 Procul
968 916 1130 973 dubio
1154 917 1317 990 igitur
1362 919 1671 982 tenendum,
1720 920 1920 974 nullam
1972 929 2130 973 natu~

557 1026 672 1068 ram
717 1012 786 1067 ab
811 1010 915 1066 alia
947 1020 1137 1066 natura
1163 1011 1366 1086 puniri,
1397 1027 1459 1067 ac
1490 1028 1585 1081 per
1625 1013 1727 1068 hoc
1762 1012 1961 1067 nullam
1997 1027 2127 1083 poe-

559 1119 681 1159 nam
708 1117 738 1157 a
765 1103 872 1158 Dco
896 1116 1018 1156 esse
1049 1100 1267 1165 factam,
1296 1101 1628 1171 subindeque
1658 1117 1757 1157 ncc
1783 1102 1851 1157 ab
1878 1116 1944 1155 eo
1975 1116 2131 1171 prae-

556 1197 773 1260 scitam,
791 1209 888 1248 nec
907 1193 1361 1264 praedestinatum
1383 1192 1405 1224 ³
1433 1208 1448 1258 ;
1475 1195 1721 1264 quamvis
1736 1209 1897 1263 saepe
1918 1194 2130 1249 dicatur

554 1295 606 1340 et
632 1285 845 1348 fecisse,
877 1292 927 1337 et
952 1283 1272 1351 praescisse,
1293 1284 1377 1336 vel
1401 1283 1846 1353 praedestinassc.
1870 1284 1952 1338 Ad
1975 1300 2131 1341 exer-

554 1377 739 1431 citium
761 1374 959 1445 quippe
979 1386 1193 1429 nostrae
1216 1364 1598 1445 itttellzgettiiaze
1626 1375 1765 1430 Deus
1800 1376 2141 1444 procuravit,.

554 1478 610 1523 et
639 1467 692 1521 in
724 1465 1026 1537 Scripturis
1052 1464 1184 1528 suis,
1213 1476 1266 1520 ct
1296 1467 1348 1520 in
1381 1467 1767 1521 tractatui-ibus
1790 1465 1923 1531 ejus,
1951 1477 2008 1521 ut
2035 1481 2130 1519 au-

557 1560 764 1624 dientes
793 1558 927 1613 tales
954 1555 1281 1612 locutionum
1321 1556 1507 1611 modos
1530 1556 1811 1624 evigilaret
1836 1567 2016 1610 nostra
2047 1554 2128 1609 iu-

557 1648 725 1704 tentio
746 1649 811 1703 ad
837 1646 1257 1716 intelligendum,
1283 1646 1413 1716 quid
1431 1644 1453 1676 "
1479 1647 1530 1701 in
1546 1645 1625 1700 eis
1647 1647 1931 1717 mysticum
1945 1645 2128 1711 lateat,
2168 1697 2172 1701 .

2232 471 2531 541 praesentis
2559 470 2816 541 temporis
2840 468 3018 526 studio
3060 468 3345 529 libidimSe
3370 463 3670 526 forinsecus
3694 466 3796 523 ini.

2231 576 2408 617 serum
2449 572 2763 632 peccantem
2792 563 2863 615 .in
2903 576 3077 631 eoque
3115 570 3549 631 perseverantem
3575 559 3800 615 delecta-

2232 662 2320 707 tur
2349 654 2372 688 ⁸
2399 694 2413 720 ,
2460 654 2784 709 intrinsecus
2821 668 2949 709 vero
2978 668 3037 708 se
3085 654 3259 723 ipsum
3298 652 3472 722 punit.
3515 649 3574 706 In
3620 650 3800 708 futuro
3856 678 3867 686 -

2229 754 2429 809 autem,
2454 760 2576 799 cum
2609 743 2882 814 plenitudo
2908 742 3201 813 impietatis
3230 750 3449 813 peracta
3479 739 3659 804 fuerit.
3691 759 3803 797 om-

2176 878 2192 889 .
2230 834 2319 888 nia
2343 833 2453 895 illa,
2472 850 2609 903 quae
2640 834 2726 888 bic
2747 833 2981 897 fuerant,
3009 827 3398 890 delectamenta
3424 830 3635 902 peccati
3658 841 3806 882 com-

2231 924 2475 978 mittendi
2502 923 2609 979 illic
2636 931 2916 979 vertentur
2945 924 2996 977 iu
3024 922 3383 976 instrumenta
3430 923 3634 989 peccati
3672 937 3797 976 cru:

2230 1014 2429 1069 ciandi.
2481 1013 2770 1069 Peccatum
2828 1013 3007 1083 itaque
3052 1014 3275 1068 omnino
3336 1020 3557 1083 peccato
3610 1026 3661 1067 et
3709 1013 3803 1068 hic

2233 1105 2446 1162 occulte
2494 1105 2748 1185 incipitur
2792 1103 2991 1175 puniri,
3034 1110 3089 1159 et
3131 1104 3239 1159 illic
3277 1113 3463 1173 aperte
3496 1105 3804 1175 perﬁcietur

2232 1196 2504 1266 torqueri;
2547 1196 2634 1249 hic
2658 1194 2869 1248 initium
2905 1194 3171 1260 dolorum,
3192 1193 3310 1248 'illic
3348 1192 3471 1247 linis
3516 1191 3805 1262 supplicio-

2230 1303 2387 1351 runt;
2422 1286 2510 1342 hic
2541 1285 2671 1341 t‘alsa
2716 1285 2917 1340 laetitia
2947 1286 3013 1341 de
3056 1282 3358 1359 voluntaria
3406 1282 3648 1353 libidine,
3690 1295 3801 1337 uno

2232 1395 2356 1435 vera
2384 1378 2599 1434 tristitia
2630 1377 2699 1433 de
2730 1362 3028 1433 necessaria
3059 1363 3328 1447 passione.
3375 1372 3568 1443 ﬁerito
3604 1373 3803 1447 quippe

2231 1471 2530 1543 perniciesa
2566 1470 2652 1524 hic
2677 1468 2902 1524 dulcedo
2924 1466 3158 1521 libidinis
3182 1465 3288 1527 illic
3313 1474 3556 1520 vertetur
3579 1464 3634 1518 in
3655 1474 3804 1520 ama-

2232 1565 2519 1622 ritudiuem
2553 1562 2794 1626 ultimus,
2818 1569 2895 1626 ut,
2919 1560 3044 1631 quia
3074 1560 3162 1615 hic
3186 1561 3383 1616 donum
3407 1557 3621 1635 divinae
3651 1555 3807 1628 largi-

2232 1657 2377 1720 tatis,
2405 1656 2621 1720 hocest,
2652 1653 2876 1709 liberant
2903 1651 3195 1707 voluntatis
3217 1642 3524 1715 arbitrium,
3555 1650 3700 1721 quod
3724 1656 3809 1705 est

556 1755 662 1795 non
711 1734 840 1809 quid
888 1738 1177 1793 verborum
1222 1736 1447 1807 simplex
1492 1728 1808 1806 superﬁcies
1855 1738 2126 1793 ostendat.
2159 1733 2204 1793 Β
2240 1745 2500 1800 naturalis
2530 1743 2911 1813 intelligentiae
2942 1757 3135 1796 munus
3157 1740 3201 1805 ',
3234 1740 3289 1795 id
3311 1748 3393 1796 est
3414 1740 3616 1795 utentis
3640 1739 3806 1805 acies,

554 1828 706 1898 Quae
731 1842 853 1883 cum
876 1825 949 1882 ita
977 1826 1107 1892 sint,
1134 1826 1328 1881 merito
1347 1827 1644 1897 quaeritur,
1677 1827 1804 1896 quid
1836 1826 2055 1898 punitur
2075 1827 2129 1882 in

559 1920 771 1975 miseris
795 1917 1175 1989 suppliciorum
1205 1917 1535 1975 cruciatibus
1561 1917 1878 1989 plecteudis,
1908 1932 1964 1975 et
2001 1920 2130 1991 quid

556 2008 731 2080 punit.
753 2007 853 2065 Cui
895 2008 1229 2077 inquisitioni
1267 2008 1457 2063 beatus
1483 2017 1641 2079 pater
1676 2010 2009 2080 Augustinus
2045 2026 2132 2066 rt."

557 2102 837 2172 spondeat,
889 2098 978 2169 qui
1018 2100 1071 2152 in
1111 2098 1447 2169 expositione
1486 2098 1675 2169 psalmi
1724 2101 1936 2170 septimi
1982 2098 2017 2140 ⁸ι
2052 2103 2132 2158 sic

555 2193 633 2247 ait
674 2210 690 2247 :
734 2210 754 2243 ι
798 2190 1180 2262 Intelligamus,
1214 2190 1500 2259 unicuique
1551 2189 1757 2247 ltomiui
1810 2192 2129 2263 supplicium

562 2281 679 2337 lieri
717 2281 784 2341 de
822 2290 1044 2351 peccato
1074 2296 1192 2343 suo,
1224 2290 1279 2333 et
1306 2279 1423 2356 eius
1447 2278 1868 2349 iniquitatemin
1902 2295 2130 2351 poenam

556 2372 819 2438 converti,
850 2365 1240 2440 nec‘putcmus,
1273 2370 1417 2425 illum
1446 2371 1884 2441 tranquillitatem
1915 2382 1970 2427 et
1999 2371 2133 2429 inef—

556 2459 717 2517 fabile
739 2460 919 2516 lumen
944 2459 1042 2516 Dei
1073 2462 1145 2516 de
1160 2477 1218 2514 se
1230 2459 1489 2533 proferre,
1507 2460 1649 2516 unde
1667 2456 1888 2532 peccata
1912 2462 2132 2534 punian-

557 2566 667 2621 tur,
706 2558 801 2610 sed
826 2554 940 2626 ipsa
961 2562 1185 2626 peccata
1214 2552 1294 2608 sic
1320 2552 1594 2619 ordinare,
1635 2560 1714 2618 ut,
1746 2567 1886 2623 quae
1914 2554 2133 2608 fuerunt

475 2633 481 2638 ’
556 2646 943 2701 delectamenta
1009 2644 1211 2700 homini
1260 2642 1541 2713 peccanti,
1603 2643 1713 2697 sint
1769 2641 2131 2698 instrumenta

557 2736 785 2793 Domino
812 2723 1056 2805 punienti
1091 2754 1109 2785 ι
1148 2735 1195 2797 h,
1218 2732 1442 2802 pulchre
1461 2733 1679 2803 quidem
1703 2740 1864 2803 atque
1892 2734 2135 2803 praecla-

558 2838 618 2882 re
647 2826 940 2889 definiens,
983 2841 1093 2899 non
1120 2839 1236 2880 esse
1265 2824 1371 2879 alia
1408 2826 1764 2879 instrumenta
1802 2827 2134 2894 torquendus

558 2916 869 2990 impietatis,
883 2927 1103 2987 praeter
1131 2915 1272 2970 illaut
1298 2916 1466 2985 ipsam
1494 2914 1846 2986 impietatem.
1870 2915 2041 2973 Omne
2064 2917 2136 2973 si-

558 3006 773 3078 quidem
800 3015 1102 3076 peccattnn,
1150 3005 1293 3075 quod
1332 3004 1387 3060 in
1430 3004 1531 3060 bac
1577 3006 1690 3060 vita
1737 3005 2024 3083 inchoatur
2064 3010 2135 3064 ab

2232 1852 2394 1909 quam
2418 1826 2663 1893 conditor
2700 1833 2949 1888 omnibus
2990 1831 3317 1902 generaliter
3357 1829 3580 1897 donavit
3624 1829 3693 1884 ad
3748 1845 3809 1885 se

2232 1929 2618 2002 quaerendum,
2642 1924 2991 1995 diligendum,
3021 1920 3326 1985 fruendum,
3361 1920 3417 1976 in
3442 1935 3571 1975 usus
3587 1920 3809 1990 turpitu-

2232 2018 2375 2075 diuis
2399 2026 2608 2074 mutare
2636 2012 2995 2091 superbienth
3021 2009 3363 2091 nerlnissitne
3380 2009 3644 2091 voluerat,
3675 2009 3805 2075 illic,

2230 2127 2301 2174 ne
2320 2110 2539 2166 omnino
2556 2106 2801 2163 veritatis
2827 2086 3108 2162 honestate
3133 2086 3364 2169 fruatur,
3383 2100 3595 2171 iustitia
3617 2090 3665 2136 λ’
3691 2119 3812 2173 per-

2231 2205 2343 2268 dat,
2367 2211 2511 2257 eteo
2530 2213 2753 2257 carcere
2776 2195 3079 2267 iniquitatis
3101 2195 3369 2266 propriae,
3401 2193 3453 2248 in
3476 2209 3582 2264 quo
3612 2193 3701 2249 hic
3748 2209 3809 2251 se

2233 2298 2405 2369 ipsum
2427 2292 2739 2357 incluserat,
2757 2290 3006 2347 tenebras
3025 2298 3276 2344 aeternae
3300 2286 3637 2356 ignorantiae
3662 2286 3811 2342 inex-

2233 2383 2551 2445 tricabiliter
2575 2380 2980 2454 poenaliterque
3005 2393 3112 2434 non
3126 2377 3309 2439 evitet.

2304 2474 2434 2531 Vlll.
2474 2472 2613 2529 Hinc
2638 2470 2972 2544 Augustinus
2995 2468 3048 2525 in
3081 2468 3218 2526 libro
3243 2469 3310 2524 de
3334 2483 3463 2524 vera
3492 2465 3808 2538 Religione:

2238 2587 2257 2622 ο
2274 2566 2378 2637 Qui
2392 2581 2524 2638 ergo
2544 2584 2590 2633 ι,
2608 2552 2800 2634 inquit,
2824 2581 2842 2613 ι
2865 2560 3003 2618 male
3019 2568 3239 2616 utuntur
3256 2570 3407 2624 tanto
3425 2558 3622 2615 mentis
3647 2559 3809 2623 bono,

2233 2665 2295 2713 ut
2326 2667 2493 2723 extra
2530 2669 2651 2709 eam
2694 2651 2927 2708 visibilia
2967 2651 3136 2723 magis
3170 2657 3458 2724 appetant,
3506 2646 3702 2717 quibus
3742 2647 3812 2701 ad

2232 2728 2615 2817 conspicienda
2645 2751 2700 2801 et
2724 2742 2989 2813 diligenda
3016 2724 3369 2812 intelligibilia
3393 2736 3812 2817 commemorari

2232 2838 2561 2901 delmerunt,
2589 2832 2865 2890 dabuntur
2885 2829 2966 2887 eis
2989 2830 3288 2886 exteriores
3315 2827 3589 2893 tenebrae,
3619 2828 3817 2891 harum

2234 2928 2432 2999 quippe
2461 2925 2676 2985 initium
2704 2931 2787 2981 est
2811 2921 2995 2978 carnis
3018 2918 3305 2993 prudentia
3331 2928 3387 2976 et
3416 2935 3669 2975 sensuum
3694 2934 3816 2974 cor-

2237 3032 2526 3092 poreorum
2575 3013 2919 3071 imbecillitas
2941 3016 3009 3080 ιι,
3056 3021 3113 3069 et
3154 3011 3245 3083 qui
3292 3010 3677 3067 certaminibus
3718 3011 3817 3067 de-

559 3098 776 3154 homine
819 3095 1229 3162 delectabiliter,
1278 3096 1556 3166 perﬁcitur
1586 3096 1642 3151 in
1690 3097 1876 3154 futuro
1902 3100 2139 3168 poenali-
2164 3095 2209 3159 C
2239 3108 2532 3172 nectuntur,
2565 3104 2943 3161 alienabutttur
2980 3117 3011 3159 a
3051 3115 3215 3171 pace,
3246 3110 3302 3155 et
3330 3101 3558 3157 summis
3586 3099 3816 3156 ditlicul-
3890 3092 3893 3093 ⁷

560 3200 643 3243 ter
689 3185 735 3252 ⁸,
770 3186 872 3242 nisi
902 3186 970 3242 ab
996 3201 1062 3240 eo
1099 3185 1271 3257 gratia
1297 3185 1477 3239 divina
1498 3202 1596 3256 per
1631 3184 1815 3242 Jesum
1855 3188 2131 3246 Christum

563 3280 848 3336 Dominum
893 3288 948 3334 et
976 3279 1300 3334 salvatorem
1344 3278 1528 3333 mundi
1578 3278 1908 3347 liberaverit,
1958 3281 2135 3351 prius-

563 3385 728 3442 quam
751 3370 819 3427 de
847 3371 949 3425 hoc
994 3370 1175 3425 seculo
1213 3377 1537 3424 transeatur.
1565 3367 1776 3424 Nullum
1803 3381 1982 3425 autem
2004 3386 2134 3443 pec~

563 3474 746 3520 catum
761 3470 867 3529 est,
890 3462 1151 3534 quodnon
1176 3470 1483 3532 peccantem
1504 3460 1710 3531 puniat.
1733 3460 1789 3515 ln
1817 3462 1964 3516 utiuti
1990 3462 2135 3518 enim

558 3563 844 3626 peccatore
866 3554 1023 3612 simul
1041 3553 1302 3623 incipiunt
1327 3551 1458 3607 oriri
1483 3561 1538 3606 et
1557 3561 1858 3621 peccatum,
1887 3564 1943 3607 et
1962 3568 2134 3624 poena

560 3646 697 3717 ejus,
725 3646 853 3719 quia
881 3645 1082 3701 nullum
1105 3652 1385 3714 peccatum
1414 3652 1520 3710 est,
1544 3642 1689 3714 quod
1713 3660 1818 3699 non
1848 3642 1923 3700 se
1960 3645 2137 3717 ipsum

561 3737 770 3811 puniat,
801 3734 1015 3792 occulte
1044 3747 1223 3789 tamen
1258 3734 1312 3789 in
1362 3732 1465 3789 hac
1508 3732 1642 3799 vita,
1687 3730 1874 3805 aperte
1916 3748 2044 3791 vero
2081 3736 2136 3793 in

561 3831 755 3895 altera,
786 3843 927 3900 quae
955 3837 1039 3882 est
1065 3824 1264 3881 futura.

637 3919 743 3976 Vll.
771 3918 926 3987 Quod
963 3916 1400 3973 manifestissime
1442 3915 1706 3988 probatur
1742 3916 1957 3973 virtutis
1983 3933 2141 3984 argu-

567 4023 769 4069 mento.
818 4013 1006 4068 Omnis
1030 4011 1226 4083 quippe
1251 4010 1420 4065 virtus
1452 4024 1673 4066 necesse
1699 4018 1785 4065 est
1812 4010 1865 4064 in
1906 4010 2009 4066 hac
2032 4011 2137 4065 vita

566 4101 752 4173 incipi,
774 4111 830 4158 et
852 4102 909 4157 in
935 4100 1116 4157 futuro
1144 4098 1461 4172 perpetrari,
1504 4100 1578 4155 ita
1603 4109 1678 4166 ut,
1711 4100 1756 4155 si
1795 4114 1920 4155 vera
1945 4100 2036 4167 sit,
2065 4100 2139 4156 si-

570 4194 677 4248 mul
706 4208 829 4250 cum
852 4205 917 4247 ea
941 4191 1218 4247 beatitudo
1244 4206 1338 4247 sua
1375 4190 1587 4245 initium
1626 4190 1882 4246 sortiatur
1907 4191 2136 4259 occulte,

569 4296 760 4360 aperte
782 4301 911 4342 vero
946 4285 1184 4342 laborem
1227 4295 1446 4357 propter
1470 4284 1810 4340 adversantia
1840 4284 1963 4350 sibi,
1990 4299 2140 4341 eam-

567 4394 675 4452 que
704 4380 918 4453 penitus
945 4376 1160 4435 auferre
1199 4379 1451 4434 volentia.
1495 4378 1561 4435 Et
1586 4380 1688 4434 hoc
1727 4379 1781 4435 in
1808 4377 1978 4447 hujus
1998 4380 2141 4435 vitae

2235 3199 2441 3258 tatibus
2468 3194 2908 3269 implicabantur.
2932 3192 3169 3248 initium
3207 3191 3355 3248 enim
3399 3194 3643 3255 Summae
3674 3190 3813 3263 ditii—

2234 3290 2564 3348 cultatisest
2584 3286 2782 3344 bellum
2805 3297 2968 3355 atque
2987 3284 3288 3349 contentio,
3308 3283 3489 3339 ethoc
3514 3282 3821 3355 signiﬁcare

2236 3382 2495 3444 arbitror,
2524 3376 2670 3449 quod
2699 3377 2932 3448 ligantur
2959 3376 3035 3430 eis
3059 3390 3248 3429 manus
3281 3383 3329 3429 et
3366 3372 3521 3445 pedes
3542 3383 3589 3440 ο,
3627 3372 3682 3428 id
3711 3385 3817 3441 est,

2238 3471 2476 3535 facilitas
2500 3469 2679 3529 omnis
2708 3466 2954 3523 aufertur
2991 3464 3281 3537 operandi.
3327 3470 3386 3522 et
3426 3464 3517 3535 qui
3564 3464 3719 3527 sitire
3762 3472 3821 3519 et

2237 3562 2449 3618 esurire
2475 3559 2681 3623 Volunt,
2710 3565 2765 3613 et
2790 3557 2845 3611 in
2875 3555 3155 3630 libidinem
3195 3557 3482 3621 ardescere
3523 3562 3580 3609 et
3620 3552 3819 3613 defati-

2239 3652 2379 3727 gari,
2407 3660 2468 3707 ut
2496 3651 2725 3709 libenter
2751 3648 2935 3713 edant,
2966 3657 3022 3709 et
3046 3646 3254 3711 bibant,
3272 3656 3327 3703 et
3350 3646 3735 3710 concumbant.
3764 3651 3824 3701 et

2242 3741 2540 3807 dormiant,
2559 3749 2745 3795 amant
2768 3737 3141 3813 indigentiam,
3165 3737 3308 3808 quod
3329 3747 3412 3793 est
3438 3736 3649 3792 initium
3673 3750 3823 3801 sum-

2239 3848 2453 3890 morum
2476 3830 2743 3889 dolorum.
2772 3827 3092 3885 l’e‘rlicietur
3113 3843 3243 3900 ergo
3265 3828 3320 3883 in
3346 3826 3427 3884 eis
3446 3826 3588 3897 quod
3612 3833 3818 3891 amant,

2242 3933 2298 3980 κι
2337 3922 2411 3978 ibi
2448 3922 2523 3977 eis
2559 3921 2635 3977 sit
2674 3918 2911 3992 ploratus
2953 3929 3001 3975 et
3049 3919 3246 3973 stridor
3289 3917 3592 3973 deutimnd.
3632 3917 3825 3975 Plures

2239 4012 2386 4071 enim
2417 4020 2566 4077 sunt,
2599 4010 2690 4082 qui
2722 4012 2861 4066 haec
2887 4008 3256 4066 omnia-initia
3291 4001 3452 4065 simul
3482 4007 3729 4077 diligunt,
3768 4018 3825 4067 et

2241 4119 2470 4176 quorum
2505 4102 2615 4157 vita
2644 4109 2730 4156 est
2759 4107 3028 4170 spectare,
3072 4083 3421 4164 contendere,
3469 4099 3821 4161 manducare,

2240 4195 2448 4261 bibere,
2478 4191 2858 4253 concumbere,
2887 4188 3144 4254 dormire,
3176 4196 3231 4245 et
3274 4187 3329 4243 in
3366 4185 3699 4259 cogitatione
3725 4199 3825 4251 sua

2241 4285 2375 4342 nihil
2400 4281 2567 4351 aliud,
2594 4296 2755 4353 quam
2783 4280 3339 4351 phantasmata,quae
3363 4277 3431 4333 de
3458 4276 3552 4332 tali
3578 4276 3689 4331 vita
3717 4275 3826 4331 col-

2243 4378 2437 4451 ligant,
2466 4371 2765 4445 amplexari
2792 4412 2808 4438 ,
2843 4379 2899 4426 et
2928 4385 2997 4427 ex
3020 4384 3210 4427 eorum
3240 4368 3454 4426 fallacia
3490 4365 3827 4439 superstitio-

567 4474 746 4545 spatio
772 4461 1143 4542 fieri'semper
1162 4464 1471 4526 inevitabile
1495 4482 1599 4526 est.
1626 4468 1683 4525 ln
1739 4485 1804 4526 ea
1853 4485 1978 4526 vero
2004 4471 2137 4535 vita,
2172 4460 2218 4519 1)
2246 4468 2331 4524 nis
2359 4465 2447 4521 vel
2472 4463 2766 4535 impietatis
2796 4460 3011 4534 regulas
3037 4460 3201 4532 ﬁgere
3227 4467 3295 4526 ι’,
3325 4460 3523 4531 quibus
3551 4456 3826 4528 decipiun-

569 4565 626 4624 ιιι
653 4574 761 4637 qua
784 4561 962 4620 omnis
984 4561 1160 4633 pietas
1188 4560 1483 4632 perficitur,
1529 4561 2042 4632 consumptolomni.
2062 4560 2141 4618 la-

570 4657 704 4714 bore
716 4653 1083 4711 defendendae
1106 4650 1339 4716 virtutis,
1370 4651 1482 4720 ipsa
1503 4651 1820 4721 sibimetipsi
1845 4651 1949 4707 erit
1965 4660 2144 4724 paret

571 4743 852 4812 beatitudo
876 4742 923 4798 '.
962 4740 1059 4799 Sic
1092 4741 1255 4813 igitur
1282 4755 1315 4796 e
1337 4739 1610 4796 contrario
1655 4756 1815 4797 eunte
1836 4751 2140 4814 peccaturo,

2249 4569 2359 4625 tur,
2379 4566 2436 4614 et
2456 4556 2653 4629 quibus
2678 4555 2988 4620 inhaerent,
3016 4553 3233 4609 etiamsi
3256 4553 3328 4609 ab
3354 4551 3625 4609 illeceer
3646 4550 3826 4615 carnis

2247 4660 2511 4713 conentur
2538 4644 2860 4731 [abstinere]
2878 4643 2948 4713 “,
2980 4645 3108 4716 quia
3145 4659 3254 4700 non
3301 4644 3441 4700 bene
3477 4648 3704 4706 utuntur
3739 4648 3825 4695 ta-

2250 4741 2399 4799 leuto
2422 4739 2526 4797 sibi
2552 4738 2867 4804 commisso,
2893 4737 3062 4803 idest,
3082 4735 3280 4792 mentis
3293 4736 3429 4802 acie,
3454 4748 3566 4807 qua
3577 4732 3828 4793 videntur

1877 4836 2141 4933 unus
2165 4870 2564 4931 LECTIONES.

648 4999 666 5031 ί
699 4990 791 5047 Sic
808 4988 952 5053 cod.,
981 4985 1395 5059 al.7corruptioni
1411 4988 1532 5059 fecit
1557 4976 1852 5057 obnoxium.
1879 4989 2022 5057 Quid
2052 4999 2129 5045 est
2156 4956 2353 5046 autent.
2424 4990 2445 5022 '
2490 4988 2583 5045 Sic
2610 4989 2755 5053 cod.,
2791 4988 2861 5043 al.
2891 4997 3216 5059 speraverat.
3238 4985 3463 5059 Ut__ltoc.
3531 4984 3580 5059 A'.
3607 4958 3812 5059 ιῃῃι,

655 5027 664 5031 ⁷
700 5027 791 5047 υιν
809 5027 927 5045 ινιιο
981 5027 1051 5040 IIII
1076 5027 1153 5040 ννυ
1169 5027 1182 5040 l
1199 5027 1229 5040 II
1249 5027 1395 5042 ’νουσιν
1437 5027 1532 5043 ,νει
1557 5027 1852 5045 ννηνι-ουηι·
1931 5027 2020 5046 ωηο
2052 5027 2128 5045 εον
2156 5027 2353 5046 υκιιυοο
2490 5027 2583 5045 νιν
2610 5027 2731 5044 VIIII.
2791 5027 2839 5042 -Ι

577 5082 653 5120 tu.
693 5063 763 5118 ad
811 5027 975 5181 κιαι-ἐ.
1001 5058 1179 5112 adscr.
1214 5027 1429 5112 λίίιιιαυί
1458 5076 1679 5128 poenam
1716 5027 2226 5131 u'lleoupraescitam
2258 5076 2350 5114 nec
2377 5029 2839 5129 praedestinatr’rm.

580 5151 674 5181 vn.
748 5130 769 5163 ⁶
798 5128 889 5181 illa
910 5146 939 5181 a
966 5168 979 5181 .
999 5143 1069 5181 m.
1088 5128 1155 5181 ad
1175 5142 1343 5181 mare.
1364 5130 1539 5181 adscr.
1567 5128 1719 5181 Ouod
1742 5136 1794 5181 in
1816 5132 1912 5181 hac
1929 5132 2030 5181 vim
2052 5131 2329 5181 inchoatur
2358 5142 2644 5181 peccatum.
2663 5130 2720 5181 in
2750 5128 2839 5181 fati

580 5151 674 5189 vn.
748 5130 769 5163 ⁶
798 5128 889 5185 illa
910 5146 939 5182 a

999 5143 1069 5181 m.
1088 5128 1155 5198 ad
1175 5142 1343 5198 marg.
1364 5130 1539 5184 adscr.
1567 5128 1719 5195 Quod
1742 5136 1794 5185 in
1816 5128 2030 5186 liac'riia
2052 5131 2329 5185 inchoatur
2358 5128 2644 5197 peccatum,
2663 5130 2720 5182 in
2748 5128 2927 5197 futuro
2948 5128 3107 5197 per/i4:

2989 5057 3080 5143 Sis
3114 5058 3266 5143 φάη
3297 5056 3369 5143 λε·
3391 5056 3591 5143 ,τιμςάλ
3637 5053 3824 5143 1005';

3109 5130 3263 5182 ietur.
3337 5125 3359 5159 '
3388 5122 3520 5180 Ead.
3542 5123 3613 5178 al.
3648 5139 3722 5179 tu.
3757 5122 3826 5177 ad

581 5218 752 5275 tnarg.
786 5200 962 5275 adscr.
996 5195 2156 5275 beatitudine?»{conﬁnisrirtuterdiritesse.
2217 5200 2256 5275 _'f
2275 5195 2394 5275 cod.
2417 5199 2724 5275 dilatatur,
2748 5195 3117 5275 “paeleum.”
3226 5196 3318 5275 llla
3339 5195 3522 5275 nt.
3551 5196 3620 5249 ad
3649 5208 3821 5275 marg.

582 5262 756 5331 adscr.
790 5271 983 5325 donem
1010 5267 1210 5339 gratiae
1239 5270 1531 5339 naturalem
1571 5270 1694 5327 dicit
1726 5270 2141 5339 intelligentiam.-
2214 5270 2258 5302 "
2298 5270 2389 5325 Sic
2414 5268 2510 5336 ιι,
2540 5270 2933 5338 cad.justitiae.
3010 5275 3051 5310 ³³
3078 5266 3210 5324 Cod.
3261 5265 3580 5321 imbicilitas.
3640 5266 3703 5298 -“
3734 5262 3827 5320 Sic

476 5390 485 5399 .
584 5349 727 5410 cod.,
753 5342 823 5397 al.
855 5336 1071 5410 lingere.
1143 5336 1473 5405 ",abxtinere
1508 5354 1617 5394 om.
1648 5341 1792 5409 cod.,
1830 5336 1969 5397 add;
1992 5340 2043 5397 Μ

2056 5471 2307 5551 ΝΟΓΑῌ.

664 5606 993 5681 έΑυιυειεη.
1022 5604 1224 5681 statue-
1259 5592 1473 5681 nare

650 5666 676 5705 ⁵
708 5666 853 5753 Αυξ.
875 5679 932 5731 in
958 5676 1091 5744 paul.
1123 5672 1189 5730 γι
1222 5668 1319 5722 sub
1349 5666 1529 5719 riuum.

2342 5596 2365 5624 ε
2408 5580 2780 5639 M.ttllt.XXll.
2825 5582 2901 5635 ιδ.

2316 5656 2343 5696 ἀ
2387 5654 2572 5709 Matth.
2602 5652 2738 5712 Xlll.
2771 5652 2858 5708 δῦ.
