4236 6072
342 302 450 362 ηδ

1451 311 1653 372 LIBER
1694 313 1781 370 DE
1814 312 1942 366 PRA
1955 311 2516 393 EDESTIﬂATIONE.

343 432 550 480 omnes,
583 416 675 488 qui
704 415 879 485 docti,
905 428 998 474 aut
1028 421 1240 485 urbani,
1267 432 1359 478 aut
1382 424 1538 501 Iaceti
1563 423 1929 490 nominantur,
1962 433 2008 490 Α

2737 280 2781 307 θ’

3506 323 3619 385 426

2524 430 2722 485 CAPIT
2732 431 2919 491 ULUM
2963 432 3103 492 XVII

340 507 641 576 excellere;
670 510 766 567 sed
792 512 993 568 habent
1028 526 1147 568 eam
1178 515 1230 567 in
1251 514 1467 568 sudario
1511 514 1793 586 obligatam
1820 515 1835 546 ⁸
1874 526 1925 578 ι.
2039 517 2146 573 Cur
2170 519 2307 574 Dens
2333 521 2527 598 dicitur
2549 523 2963 598 praedestinasse
2983 543 3202 598 poenas,
3249 543 3367 582 cum
3392 544 3481 584 eas
3507 545 3612 584 non

345 608 437 654 aut
463 614 518 654 tn
544 609 685 660 terra
712 601 958 656 obrutam
986 604 1034 666 ιι,
1072 602 1125 658 id
1154 615 1258 661 est.
1288 604 1531 660 delicatis
1564 614 1620 659 et
1646 604 1929 676 superﬂuis

339 694 526 753 rebus,
559 699 657 744 aut
685 686 921 747 tet-retiis
959 693 1345 764 cupiditatibus
1393 695 1686 751 involutam
1714 706 1782 769 pet
1831 711 1931 767 0p-

340 792 608 849 prcssam.
647 781 980 855 Ligalmntar
1018 800 1141 856 ergo
1208 785 1292 840 Itis
1336 802 1527 842 manus
1568 796 1618 842 et
1660 788 1839 858 pedes,-
1880 799 1951 843 et.

346 869 614 930 mittentur
645 875 701 934 in
738 875 975 931 tenebras
1007 876 1313 941 exteriores,
1350 877 1420 932 ibi
1450 878 1546 933 erit
1599 879 1840 949 ploratus
1877 878 1939 934 eti

339 965 540 1019 stridor
581 965 819 1020 dentiant
845 976 897 1032 ο,
946 983 1052 1022 non
1098 968 1223 1038 quia
1272 968 1384 1037 ipsa
1431 967 1765 1033 dilexerunt,
1803 969 1930 1041 quis

338 1056 487 1111 enim
516 1056 654 1113 haec
681 1056 896 1130 diligat,
934 1058 1031 1127 sed
1071 1058 1199 1128 quia
1242 1058 1369 1124 illa,
1415 1074 1554 1136 quae
1596 1047 1927 1125 dilexerunt,
1966 1080 1971 1084 δ

341 1144 496 1202 initia
530 1146 759 1204 istorum
796 1156 956 1213 Sunt,
999 1158 1056 1204 et
1084 1147 1392 1212 necessario
1432 1145 1763 1204 dilectores'
1800 1164 1931 1206 suos

339 1236 407 1289 ad
439 1234 540 1290 ista
579 1236 911 1308 perducunt.
961 1236 1064 1306 Qui
1109 1235 1254 1293 enim
1309 1237 1481 1307 magis
1523 1246 1709 1293 amant
1753 1237 1775 1271 ³
1818 1238 1928 1301 ire,

342 1338 507 1393 quam
547 1324 749 1391 redire,
797 1336 889 1382 aut
934 1318 1257 1397 pervenire,
1314 1326 1369 1382 in
1414 1325 1754 1397 longinqua‘
1799 1329 1927 1384 mit-

343 1415 490 1471 tentli
517 1419 665 1483 sunt,
697 1416 954 1491 quoniam
979 1433 1104 1473 caro
1130 1426 1273 1485 sunt,
1311 1425 1359 1474 et
1385 1418 1601 1487 spiritus
1627 1417 1927 1487 ambulans,

336 1513 384 1559 et
411 1518 517 1557 non
544 1513 801 1561 revertens
820 1504 849 1544 ά
876 1524 917 1560 ι.
1124 1550 1131 1569 ς

358 1592 370 1605 ·
408 1589 501 1647 ιχ.
544 1590 646 1649 Cui
687 1594 961 1653 consentit
1004 1595 1381 1652 sanctissimus
1439 1596 1926 1668 veracissimusque

345 1672 487 1743 νίφα
514 1680 807 1756 Gregorius
837 1683 895 1740 iu
921 1696 976 1740 ιι
1006 1683 1147 1740 libro
1178 1685 1233 1740 iu
1268 1683 1396 1752 Job,
1428 1701 1737 1758 exponens,
1784 1687 1928 1757 quod

339 1768 602 1843 scriptum
629 1776 713 1827 est
741 1785 757 1827 :
784 1768 850 1828 Si
874 1772 1145 1829 incluserit
1169 1774 1456 1842 hominem,
1486 1775 1665 1830 nullus
1698 1786 1798 1842 est,
1834 1777 1924 1847 qui
1961 1774 2002 1831 Il

338 1858 538 1928 aperiat
559 1869 605 1925 ο,
632 1877 651 1913 ι
676 1860 802 1938 quia
826 1860 1007 1919 omnis
1032 1863 1196 1918 homo
1215 1877 1317 1934 per
1343 1863 1417 1930 id,
1440 1866 1584 1935 quod
1618 1864 1760 1919 male
1787 1865 1923 1936 agit,

336 1949 463 2022 quid
490 1949 596 2007 sibi
626 1950 799 2016 aliud,
850 1967 1014 2025 quant
1056 1954 1424 2011 conscientiae
1470 1970 1603 2012 suae
1644 1970 1925 2013 carcerem

335 2036 505 2106 facit,
548 2048 610 2097 ut
648 2040 792 2097 hunc
835 2043 1052 2099 animae
1080 2043 1106 2077 ⁸
1145 2055 1330 2101 reatus
1361 2054 1618 2117 premat,
1665 2046 1830 2101 etiam
1878 2045 1926 2102 si

335 2147 497 2190 nemo
531 2133 777 2191 exterius
802 2132 1023 2191 accusat
1055 2135 1097 2190 ⁸.
1131 2135 1236 2204 Qui
1262 2152 1384 2193 cum
1413 2134 1713 2214 judicante‘
1728 2138 1839 2195 Deo
1870 2139 1924 2194 in

324 2220 579 2299 malitiae
602 2241 751 2308 suae
779 2226 1043 2289 caecitate
1077 2228 1422 2309 relinquitur,
1462 2228 1616 2301 quasi
1656 2230 1797 2292 intra
1833 2245 1925 2287 se-

334 2317 627 2390 metipsum
667 2317 961 2397 clauditur,
1003 2333 1075 2377 ne
1120 2319 1614 2398 evadendi'locutn
1664 2322 1924 2387 inveniat,

332 2421 499 2477 quem
520 2407 765 2468 invenire
785 2396 1010 2470 minime
1035 2418 1297 2466 meretur.
1326 2396 1461 2464 Nam
1488 2423 1651 2482 saepe
1678 2411 1924 2471 nonnulli

331 2500 484 2555 exire
513 2515 546 2555 a
572 2500 756 2576 pravis
801 2500 1012 2566 actibus
1039 2499 1291 2577 cupiunt;
1330 2501 1429 2557 sed
1458 2501 1587 2572 quia
1624 2503 1925 2557 eorundem

330 2600 555 2654 actuum
582 2593 825 2671 pondere
850 2602 1195 2672 premuntur,
1224 2594 1279 2648 in
1309 2594 1485 2651 malae
1513 2594 1926 2651 consuetudinis

333 2698 562 2740 carcere
596 2682 811 2751 inclusi,
843 2700 879 2743 a
909 2684 1217 2762 semetipsis
1249 2683 1401 2741 exire
1432 2693 1816 2757 noupossuut.
1858 2683 1927 2740 Et

330 2773 553 2847 quidem
582 2775 603 2807 '
627 2775 812 2849 culpas
834 2775 1082 2851 proprias
1117 2776 1308 2854 punire
1333 2776 1614 2847 cupientes
1636 2775 1758 2843 hoc,
1780 2775 1926 2849 quod

333 2875 485 2924 recte
520 2881 580 2923 se
613 2881 776 2939 agere
801 2867 1132 2936 aestimant,
1188 2867 1243 2921 in
1268 2867 1615 2938 gravioribus
1641 2867 1925 2940 pec'catis'

331 2968 577 3025 uertunt,
604 2957 773 3030 ﬁtque
801 2959 963 3016 modo
991 2959 1401 3028 miserabiliyut
1421 2960 1565 3031 quod
1594 2960 1800 3017 exitum
1826 2974 1923 3031 pa.-

333 3060 474 3118 taut,
496 3053 599 3108 hoc
620 3050 977 3112 inclusiouetn
1006 3052 1305 3109 inveniant.
1326 3050 1430 3108 'Sie
1453 3051 1711 3113 videlicet
1731 3067 1921 3124 repro-

331 3141 438 3199 bus
464 3142 666 3210 ludas,
700 3159 824 3201 cum
853 3152 1081 3207 mortem
1110 3142 1216 3200 sibi
1246 3152 1433 3199 contra
1460 3153 1744 3216 peceatum
1770 3144 1919 3200 intu-
1947 3125 1993 3188 (ἶ

330 3234 414 3302 lit,
445 3236 516 3292 ad
530 3246 798 3297 aeternae
826 3235 1016 3291 mortis
1062 3233 1326 3307 supplicia
1372 3235 1637 3306 pervenit,
1677 3244 1736 3291 et
1762 3234 1920 3308 pejus

332 3327 401 3382 de
435 3335 664 3399 peccato
691 3326 975 3407 poeuituit,
1004 3341 1164 3398 quam
1203 3328 1463 3399 peccavit.
1488 3325 1726 3411 Dicatur'
1744 3343 1915 3399 ergo:

332 3415 393 3473 Si
428 3417 696 3477 incluserit
721 3417 1003 3483 hominem,
1054 3418 1233 3474 nullas
1261 3418 1469 3489 εει,ᾳωὶ
1513 3419 1745 3491 aperiat,
1788 3412 1917 3490 quia

331 3508 487 3587 sicut.
503 3523 665 3565 nemo
692 3509 909 3567 obsistit
943 3510 1175 3582 largitati
1208 3510 1476 3577 vocantis,
1507 3510 1583 3568 ita
1612 3506 1789 3566 nullus
1816 3511 1919 3566 ob—

330 3598 443 3654 viat
455 3597 707 3667 jnstitiae
731 3600 1108 3670 relinquentis.
1127 3600 1184 3656 In
1198 3601 1413 3667 cludere
1436 3602 1618 3680 itaque
1638 3600 1839 3658 dicitur
1853 3601 1876 3634 ’
1897 3640 1915 3671 ,

329 3686 534 3748 clausis
573 3704 683 3751 non
729 3691 962 3767 aperire.
1014 3691 1252 3749 Unde‘ct
1286 3693 1357 3747 ad
1397 3691 1582 3751 Mosen
1625 3694 1823 3749 dicitur
1850 3694 1917 3750 de

329 3777 616 3844 Pharaone
645 3785 690 3819 ¹⁶
724 3802 742 3840 :
793 3784 909 3857 Ego
957 3783 1222 3839 obdurabo
1271 3800 1365 3839 cor
1410 3784 1533 3856 ejus
1560 3783 1604 3838 τ.
1633 3782 1918 3844 Obdurat‘e

329 3876 531 3949 quippe
560 3891 658 3953 per
682 3875 952 3950 justitiam
991 3875 1192 3935 dicitur
1228 3868 1421 3952 [Deus]
1448 3886 1514 3943 ιι,
1559 3879 1776 3950 quando
1820 3893 1920 3936 cor

330 3968 620 4042 reprobum
653 3983 754 4038 per
786 3968 1018 4040 gratiam
1045 3984 1152 4024 non
1181 3968 1411 4024 emollit.
1454 3954 1704 4025 liecludit
1736 3969 1918 4041 itaque

284 4052 291 4057 ’
329 4058 627 4123 hominem,
660 4074 821 4130 quem
865 4059 921 4116 iu
962 4074 1453 4115 suorum'oaerum
1484 4061 1725 4117 tenebris
1756 4061 1919 4121 relin-

329 4150 448 4220 quit
477 4168 497 4206 ι
520 4151 569 4203 ⁸.
587 4149 728 4211 idem
754 4150 808 4215 in
830 4152 1021 4207 eodem
1049 4167 1064 4204 :
1098 4166 1119 4202 ι
1140 4147 1342 4220 Regum
1365 4150 1548 4221 itaque
1560 4148 1787 4212 balteum
1808 4148 1922 4207 dis-

330 4240 479 4296 solvit
502 4239 555 4306 ιι,
587 4241 802 4311 quando
828 4240 881 4294 in
912 4239 1019 4306 his,
1045 4238 1137 4310 qui
1167 4241 1308 4297 bene
1335 4256 1527 4322 regere
1549 4256 1645 4297 sua
1673 4243 1918 4305 membra

330 4334 678 4399 videbantur,
718 4343 941 4413 propter
976 4333 1231 4389 elationis
1259 4333 1472 4403 culpam
1504 4335 1774 4390 castitatis
1803 4336 1918 4395 cin-

330 4426 515 4495 gulum
540 4425 791 4481 destruit.
837 4424 977 4493 Quid
1016 4439 1149 4481 vero
1190 4426 1243 4480 in
1280 4425 1405 4485 l‘nnc
1429 4426 1476 4475 ι’
1516 4425 1785 4499 accipitur
1812 4427 1914 4484 nisi

331 4527 639 4589 peccatum,
670 4516 810 4571 sicut
832 4531 932 4587 per
963 4515 1311 4575 Salomoncm
1340 4515 1579 4572 dicitur:
1606 4515 1915 4588 Ιηὶιιηίιιιιεε

330 4622 457 4661 suae
492 4606 704 4676 capiant
737 4605 979 4675 impium,
1020 4615 1070 4660 et
1083 4604 1299 4679 funibus
1332 4596 1666 4675 peccatorum
1694 4622 1917 4669 suorum

332 4696 706 4768 constringitur
734 4715 754 4748 ι
769 4696 812 4754 ἱ.

2459 594 2644 661 feriat,
2685 610 2777 647 nec
2811 594 3182 664 praetlrstinrt.

2098 700 2141 756 Ι.
2186 700 2423 756 Proinde
2470 703 2678 758 ratione
2723 714 2886 775 atque
2930 707 3254 762 auctoritate
3299 708 3610 775 coniicitur,

2033 792 2342 853 ﬁrmissime
2373 795 2700 858 tenendum,
2732 795 2896 850 Deum
2930 812 3153 867 prorsus
3186 780 3570 870 suppliciorum
3597 840 3611 861 ,

2031 885 2229 956 quibus
2278 886 2508 955 superba
2563 886 2813 958 impietas
2861 899 3084 943 aeterno
3122 893 3459 959 torquebitur
3491 906 3613 947 cru-

2031 977 2196 1040 ciatu,
2232 973 2543 1032 nullut'nodo
2572 991 2694 1033 esse
2726 984 3035 1041 auctorem,
3087 980 3398 1035 nullomodo
3425 994 3614 1036 eorum

2030 1081 2153 1121 esse
2180 1066 2463 1131 factorem,
2500 1067 2812 1124 nulloutodo
2842 1069 3386 1138 praetlestiuatorem.
3422 1069 3495 1125 Ea
3533 1080 3617 1125 ta-

2032 1172 2153 1212 men
2184 1156 2394 1213 ratione
2421 1168 2611 1214 auctor
2635 1164 2823 1215 eorun’t
2854 1174 2974 1215 esse
3004 1158 3223 1222 dicitur.
3250 1168 3305 1215 et
3335 1159 3527 1222 factor,
3559 1173 3616 1217 et

2030 1248 2482 1319 praedestiuator,
2505 1263 2612 1317 qua
2642 1249 2920 1304 verissime
2944 1250 3186 1304 creditur
3209 1250 3374 1306 totius
3398 1252 3609 1307 univer-

2030 1338 2205 1395 sitatis
2225 1380 2239 1404 ,
2269 1339 2323 1393 in
2352 1354 2456 1409 qua
2488 1348 2643 1407 sunt,
2674 1339 2848 1395 factor
2891 1348 2947 1395 et
2991 1340 3293 1396 ordinator.
3345 1340 3422 1396 lta
3466 1344 3613 1398 enim

2028 1428 2317 1498 universae
2350 1437 2633 1485 creaturae
2676 1446 2826 1496 suae,
2858 1441 3146 1500 antequam
3179 1432 3349 1503 ipsum
3382 1443 3613 1500 crearet,

2029 1530 2230 1576 statum
2269 1520 2690 1591 pulchritudinis
2729 1521 3153 1591 praedeStinavit
3188 1536 3312 1577 esse
3351 1520 3612 1581 futurum.

2030 1622 2089 1667 ut
2132 1613 2393 1667 malorum
2444 1613 2752 1682 turpitudo,
2798 1627 2959 1683 quam
3009 1630 3114 1668 non
3160 1614 3610 1684 praedestinavit,

2030 1702 2155 1771 quia
2185 1717 2292 1757 non
2322 1718 2441 1756 eam
2473 1701 2715 1758 facturus
2738 1711 2904 1767 esset,
2937 1703 2989 1757 in
3019 1704 3272 1759 universo
3307 1704 3480 1774 turpis
3506 1720 3612 1759 non

2029 1801 2194 1856 esset,
2227 1792 2433 1848 malitia
2466 1793 2774 1848 nocentium
2807 1809 2911 1848 non
2940 1802 3195 1857 noceret,
3233 1809 3392 1850 error
3420 1808 3612 1855 erran-

2028 1883 2165 1937 tium
2193 1896 2299 1937 non
2326 1890 2556 1945 erraret,
2587 1880 2805 1937 miseria
2838 1882 3261 1951 torquendoruut
3300 1881 3611 1938 felicitatem

2027 1986 2135 2026 non
2162 1970 2409 2026 turbaret
2428 1968 2753 2027 .cleetorum.
2795 1967 3006 2025 t‘iullius
3035 1970 3179 2024 enim
3218 1970 3493 2040 turpitudo
3528 1969 3611 2025 vel

2025 2059 2233 2119 malitia
2264 2059 2345 2113 vel
2380 2074 2537 2117 error
2576 2073 2668 2115 seu
2708 2058 2929 2114 miseria
2977 2057 3439 2129 praedestinatum
3486 2071 3614 2114 ante

2025 2149 2207 2212 secula
2236 2150 2535 2206 naturalem
2587 2150 2834 2206 ordinem
2861 2150 3219 2209 dehonestare
3254 2148 3607 2221 permittitur.

2095 2239 2334 2298 IL-Cutn
2361 2255 2495 2314 ergo
2523 2241 2793 2304 audimus,
2830 2240 3254 2310 praedestinavit
3302 2242 3442 2296 Deus
3486 2239 3610 2298 illos

2026 2332 2110 2384 vel
2142 2329 2264 2385 illos
2290 2332 2357 2385 ad
2391 2330 2692 2395 interitum,
2739 2330 2824 2386 vel
2871 2329 3213 2401 supplicium,
3261 2329 3341 2384 vel
3384 2344 3608 2398 poenas.

2025 2434 2119 2475 seu
2143 2420 2459 2484 crueiatum,
2486 2433 2579 2474 seu
2601 2433 2816 2489 quoquo
2831 2419 2989 2475 modo
3006 2417 3186 2475 vocari
3207 2418 3344 2474 solet
3365 2419 3608 2483 miseria,
3656 2418 3662 2426 '

2024 2528 2131 2585 qua
2163 2520 2444 2583 torquetur
2474 2512 2736 2584 iniquitas
2762 2528 2794 2568 a
2820 2528 2881 2569 se
2910 2513 3051 2584 ipsa,
3078 2512 3133 2569 in
3159 2528 3219 2569 se
3242 2512 3380 2584 ipsa,
3419 2527 3517 2584 per
3551 2529 3611 2567 se

2022 2607 2237 2680 ipsam,
2263 2621 2373 2661 non
2399 2603 2545 2660 aliud
2583 2604 2884 2677 intelligere
2907 2602 3184 2675 jubetnur,
3227 2621 3389 2676 quam
3433 2603 3607 2677 ipsum

2023 2710 2152 2758 aute
2190 2709 2434 2771 tenipora
2475 2698 2801 2773 praesciisse
2825 2697 2868 2738 ⁸³
2904 2708 2958 2752 et
2984 2699 3452 2769 praedestinasse,
3502 2713 3612 2769 quo

2021 2789 2220 2849 Ordine
2246 2787 2617 2848 universitatis
2645 2786 2811 2843 futuri
2849 2798 2976 2843 sunt
3008 2788 3081 2842 illi
3105 2827 3121 2854 ,
3168 2801 3310 2858 quos
3350 2788 3606 2845 occultis-

2020 2882 2183 2951 simo,
2201 2878 2507 2955 justissima
2527 2892 2707 2939 tamen
2739 2881 2941 2953 judicio
2975 2881 3391 2938 amaritudinem
3416 2896 3607 2951 pecca-

2022 2981 2202 3031 torum
2234 2989 2455 3031 snorum
2479 2973 2680 3030 sentire
2704 2973 2949 3045 permisit
2975 2971 3043 3039 ⁸⁸,
3090 2973 3215 3044 quia
3246 2988 3340 3029 eos
3369 2973 3423 3028 in
3455 2972 3602 3029 dant-

2023 3064 2191 3121 nabili
2229 3064 2441 3137 origine
2482 3065 2736 3135 reliquit,
2778 3074 2991 3120 servata
3024 3064 3111 3120 illa
3144 3062 3425 3120 notissima
3459 3062 3608 3118 dilie-
3642 3066 3649 3069 ’

2024 3157 2195 3213 rentia
2220 3157 2364 3212 inter
2385 3157 2797 3228 praescientiam
2819 3166 2875 3211 et
2913 3155 3487 3226 praedestinatimtem,
3519 3164 3598 3217 ut,

2021 3262 2145 3304 cum
2190 3257 2397 3305 tantum
2450 3247 2557 3302 late
2600 3254 2782 3317 pateat
2828 3246 3290 3318 praedestinatio,
3337 3254 3603 3317 quantum

2019 3335 2401 3408 praescientia,
2418 3352 2583 3397 unum
2605 3336 2807 3406 quippe
2830 3346 2992 3406 atque
3015 3334 3176 3399 idem,
3204 3334 3442 3390 divinam
3468 3348 3598 3404 pro—

2018 3428 2164 3485 lecto
2191 3428 2570 3493 substantiam,
2587 3418 2971 3497 signiﬁcantes,
2997 3425 3416 3495 praedes’tinatio
3440 3425 3508 3480 ad
3533 3439 3604 3479 ea

2019 3524 2249 3583 tantum,
2283 3531 2426 3589 quae
2471 3519 2523 3571 in
2567 3517 2708 3571 bouo
2735 3524 2879 3580 sunt,
2910 3502 3201 3586 pertineat,
3237 3511 3597 3583 praescieutia

2016 3622 2147 3663 vero
2177 3607 2243 3663 ad
2275 3608 2416 3664 bona
2449 3607 2718 3678 malaque.
2758 3605 2908 3673 Quae
2947 3617 3125 3660 tamen
3160 3603 3461 3669 dill‘erentia
3493 3619 3599 3669 non

2018 3708 2102 3755 est
2126 3715 2197 3754 ex
2222 3708 2440 3763 natura,
2474 3698 2567 3753 sed
2594 3713 2662 3753 ex
2693 3714 2793 3753 usu
2819 3696 3174 3762 locutionum,

2088 3790 2174 3845 lli.
2202 3789 2680 3859 Quemadmodum
2719 3789 2866 3845 enim
2895 3788 3097 3851 dicitur
3122 3788 3191 3844 de
3224 3787 3370 3854 Deo,
3407 3787 3609 3859 ubique

2018 3892 2104 3939 est
2129 3882 2440 3953 praesentia
2468 3881 2757 3954 potestatis
2775 3921 2790 3947 ,
2838 3883 2934 3938 sed
2963 3895 3070 3937 non
3099 3880 3298 3951 ubique
3321 3889 3404 3935 est
3429 3878 3608 3952 gratia

2018 3973 2391 4039 habitationis,
2420 3974 2495 4029 ita
2527 3974 2594 4029 de
2619 3987 2686 4028 eo
2701 3972 2811 4028 dici
2837 3971 3048 4042 possit,
3071 3970 3273 4041 ubique
3297 3969 3606 4041 praescien-

2020 4064 2124 4130 tia,
2165 4065 2260 4126 sed
2300 4080 2408 4121 non
2445 4065 2645 4135 ultique
2665 4062 3181 4135 praedestinatione.
3212 4060 3348 4117 Cum
3378 4059 3609 4131 apertis-

2018 4154 2157 4210 sime
2184 4152 2395 4209 veritas
2424 4152 2619 4215 clamet
2662 4153 2729 4207 de
2772 4151 2905 4217 Deo,
2927 4151 3233 4221 ubicunque
3267 4149 3412 4207 Deus
3443 4148 3610 4209 fuerit

2019 4243 2358 4314 praesentia,
2405 4242 2478 4297 ibi
2522 4242 2765 4313 profecto
2791 4242 2899 4297 erit
2931 4241 3267 4300 habitatione
3300 4256 3315 4299 :
3356 4239 3607 4295 similiter

2004 4334 2326 4404 ubicunque
2351 4333 2514 4388 fuerit
2538 4333 2918 4407 praescicutia,
2959 4332 3273 4388 necessario
3304 4331 3410 4388 erit
3448 4344 3603 4400 prae-

2020 4423 2397 4481 destinatione.
2441 4424 2672 4480 Proinde
2715 4424 3173 4495 quemadmodum
3202 4420 3509 4491 praesentia
3549 4428 3604 4474 et

2022 4511 2286 4571 habitatio
2318 4516 2409 4570 Dei
2442 4531 2548 4571 non
2574 4523 2693 4581 est,
2724 4515 2829 4570 nisi
2865 4515 2919 4569 in
2947 4515 3065 4581 his,
3100 4529 3238 4585 quae
3268 4516 3339 4581 ab
3364 4528 3430 4569 co
3459 4509 3602 4565 facta

2022 4615 2170 4669 sunt,
2198 4606 2270 4660 ita
2301 4604 2418 4674 ejus
2442 4605 2804 4675 praescieutia
2828 4616 2881 4660 et
2912 4602 3334 4675 praedestinatio
3359 4616 3466 4656 non
3496 4600 3600 4655 nist

2023 4711 2233 4763 eorum,
2264 4713 2402 4767 quae
2433 4698 2544 4767 ipse
2570 4695 2811 4761 facturus
2838 4704 3003 4760 esset,
3041 4694 3308 4749 credenda
3336 4701 3482 4747 sunt.
3524 4690 3603 4743 Ac

2024 4804 2123 4861 per
2151 4789 2253 4844 huc
2278 4788 2732 4859 quemadmodum
2760 4785 3068 4859 praesentia
3105 4782 3225 4853 ejus
3256 4794 3312 4839 et
3338 4780 3603 4838 habitatio

1627 4895 1880 4957 VARIAE
1920 4897 2325 4958 LECTIONI‘IS.

407 5020 426 5055 ⁸
454 5011 548 5070 Sic
581 5012 725 5076 cod.,
751 5011 821 5068 ai.
859 5011 1095 5081 ligatam.
1172 5010 1194 5040 '
1220 5008 1372 5071 Cotl.,
1401 5007 1723 5081 delectares._
1785 5008 1920 5064 "Sic
1951 5010 2047 5073 Μ..
2075 5013 2193 5066 eod.
2220 5023 2385 5069 amat.
2460 5018 2481 5045 ⁵
2511 5012 2601 5068 Sic
2622 5013 2766 5072 eod,
2794 5010 2875 5065 al.
2908 5027 2959 5064 tu
2991 5010 3375 5081 longinquiora.
3452 5008 3476 5081 ξ
3505 5008 3598 5081 Sic

336 5083 480 5150 cum,
506 5082 579 5138 al.
603 5081 785 5138 animi.
862 5080 886 5114 ‘
909 5082 1001 5136 Sic
1028 5080 1276 5150 cod.,_al.
1306 5088 1532 5134 accusa.

339 5146 481 5216 cod;
510 5152 581 5207 al.
612 5151 717 5207 Dei
746 5162 843 5207 est.
919 5152 963 5184 ιθ
991 5150 1124 5205 (Iud.
1172 5146 1437 5210 Fumone.

344 5219 386 5262 "
409 5217 503 5284 Sic
541 5221 639 5289 ιι,
664 5223 786 5279 cod.
813 5221 1071 5293 promisit.
1402 5238 1411 5245 κ

1611 5079 1630 5153 ξ’
1669 5078 1759 5133 Sic
1788 5081 1930 5142 COtI.,
1964 5082 2034 5134 al.
2064 5086 2295 5153 quidam.
2373 5084 2395 5115 ⁸
2425 5083 2515 5138 Sic
2541 5086 2685 5145 eod.,
2710 5082 2865 5153 abin
2893 5077 3153 5153 praetores
3178 5077 3377 5153 culpas.
3454 5078 3486 5153 ’_
3507 5080 3596 5135 Sic

1521 5154 1561 5188 η
1592 5149 1729 5203 Dens
1754 5166 1864 5204 om.
1892 5154 2035 5215 cud.,
2075 5149 2209 5208 add.
2245 5153 2314 5207 Μ.

2392 5158 2435 5188 ⁸³
2470 5153 2559 5208 Sic
2607 5154 2752 5216 cod.,
2782 5151 2849 5204 ll.
2886 5151 3006 5218 (ius.
3087 5149 3132 5187 ³³
3160 5151 3293 5223 Cod;
3325 5149 3568 5219 pretcisu

1836 5329 2003 5390 Ν.)τή
2015 5334 2075 5387 Ε.

408 5457 434 5494 ι
471 5445 603 5511 Luc.
638 5444 780 5507 XIX,
808 5442 899 5499 2|).

408 5516 440 5559 δ
477 5516 663 5572 latth.
698 5514 859 5577 X‘XV,
893 5514 980 5570 18.

412 5597 435 5626 ε
477 5586 663 5641 Halm.
697 5583 860 5651 XXII,
892 5584 977 5638 I5.
1232 5650 1243 5651 γ
1356 5647 1366 5651 Α
1576 5648 1601 5651 4
1818 5596 1825 5603 ’

410 5663 438 5705 d
463 5662 609 5719 l’sJ.
629 5647 885 5720 LXXV“,
911 5656 1002 5711 39.
1022 5650 1304 5722 Angustin.
1330 5647 1395 5702 de
1417 5663 1539 5702 vera
1568 5648 1732 5720 Παίς.
1754 5668 1804 5705 c.
1825 5652 1896 5704 Tit

416 5733 576 5791 ‘Joh
612 5730 727 5791 λιι,
771 5730 853 5782 II.

2091 5445 2109 5523 ξ
2150 5445 2320 5523 ﬁxed.
2352 5447 2583 5523 ξδ’,Ξ-Ι.Δ
2667 5498 2711 5523 Α

2083 5516 2108 5553 ⁵
2148 5516 2306 5585 (ireg.
2342 5517 2534 5572 Morel.
2569 5520 2620 5570 in
2650 5513 2769 5569 Job.
2809 5515 2899 5581 XI,
2929 5513 2965 5575 5

2105 5588 2132 5626 ⁸⁵
2172 5589 2270 5646 .lob
2306 5590 2415 5649 ΧΗ,
2459 5594 2518 5644 18
2796 5596 2817 5611 ’

2112 5658 2291 5711 iProv
2356 5661 2419 5720 ν,
2455 5658 2541 5713 9‘2.
