4236 6072
423 304 530 363 433

1309 367 1330 392 /

1527 301 1724 358 LIBER
1761 305 1844 359 DI'.‘
1883 303 2010 357 PRA
2023 303 2589 366 EDESTINATIONE.

3586 317 3696 374 454

426 419 634 492 peccati
662 427 953 476 moreest:
985 433 1134 474 mors
1169 418 1310 473 vitae
1355 427 1640 488 percatttttt
1671 427 1752 470 est
1783 434 1795 470 :
1829 431 2003 485 poena
2039 419 2082 474 Α
2112 419 2355 488 nequitia
2387 421 2702 478 honestetur
2741 423 3006 482 laudanda
3045 428 3344 500 sapientiae
3379 413 3690 500 disciplina.

425 513 611 582 itaque
634 511 844 581 peccati
871 521 954 565 est
977 523 1282 584 peccatum.
1313 509 1491 565 Poena
1523 519 1608 565 est
1637 508 1961 578 supplicium
1989 525 2003 564 :

424 603 746 674 supplicium:
773 603 936 674 igitur
958 601 1163 672 peccati
1201 615 1482 672 peccatum
1512 610 1618 656 est.
1641 595 1762 656 Vita
1786 609 2008 658 aeterna

421 691 582 748 Jesus
602 689 852 748 Christus
865 699 953 747 est
975 690 1166 748 :Jesus
1183 691 1436 748 Christus
1452 707 1602 748 mors
1623 690 1818 747 mortis
1837 698 2008 744 aeter-

424 797 528 840 nae
542 791 627 838 est
643 799 657 837 :
679 783 791 837 vita
809 782 992 854 itaque
1003 792 1224 840 aeterna
1247 799 1392 840 mors
1425 763 1615 841 mortis
1633 794 1890 840 aeternae
1902 795 2004 850 est,

424 879 570 934 sicut
607 862 930 950 ipse-dixit:
961 875 1072 930 Ero
1097 874 1282 932 Lmors
1316 886 1433 942 tua,
1463 893 1494 932 ο
1523 891 1680 943 mors,
1711 887 1760 932 et
1801 891 2006 932 morsus

423 979 569 1034 tuus,
597 951 634 1027 ὁ
670 968 876 1038 inferne
906 981 956 1022 ι.
987 967 1224 1024 Proinde
1267 968 1378 1024 vita
1413 984 1518 1024 non
1549 976 1636 1024 est
1665 983 1812 1025 mors
1839 971 2005 1032 vitae,

420 1075 586 1130 quam
616 1058 766 1124 fecit,
809 1059 905 1115 sed
933 1069 1018 1115 est
1043 1073 1192 1116 mors
1216 1061 1430 1124 mortis,
1457 1076 1620 1132 quatn
1653 1061 1922 1117 destruxit
1952 1063 2005 1116 in

423 1153 534 1218 his,
551 1167 688 1225 cruos
708 1153 1134 1224 praedestinavit
1155 1152 1225 1220 ad
1246 1168 1306 1210 se
1325 1153 1633 1210 fruendum.
1663 1153 1720 1218 in
1745 1154 1830 1211 his
1856 1169 2008 1222 veto,

321 1305 328 1312 _
423 1261 560 1316 quos
613 1245 1038 1318 praedestinavit
1089 1247 1157 1301 ad
1211 1244 1512 1310 interitum,
1548 1260 1656 1302 non
1705 1238 2005 1309 destruxit,

423 1339 551 1415 quia
577 1353 674 1394 eos
698 1337 753 1392 in
781 1351 984 1415 massa
1013 1335 1297 1406 originalis
1333 1340 1540 1407 peccati
1582 1339 1951 1400 remotissima
1975 1355 2007 1394 ει

423 1408 582 1486 nobis
600 1444 700 1485 suo
716 1427 925 1498 judicio
950 1408 1187 1498 reliquit,
1216 1429 1434 1484 relictos
1456 1428 1699 1484 deseruit
1723 1467 1740 1495 ,
1762 1428 2008 1492 desertos
2045 1437 2048 1441 '

421 1523 629 1580 lumine
655 1522 911 1580 tenebrae
927 1529 1182 1593 torquent
1199 1521 1500 1586 ’,desertos
1527 1521 1634 1576 vita
1661 1537 1811 1578 mors
1840 1522 2008 1578 inter-

423 1617 562 1687 imit.
600 1615 718 1673 Non
757 1615 900 1686 quod
931 1615 986 1670 in
1019 1615 1100 1672 eis
1124 1615 1242 1686 ipse
1284 1611 1412 1672 fecit
1433 1655 1452 1692 δ
1489 1612 1747 1692 relinquit
1787 1615 1872 1668 vel
1907 1616 2004 1670 de-

425 1711 569 1776 t'erit,
595 1709 836 1780 alioquin
868 1722 1054 1764 eorum
1085 1717 1277 1766 natura
1322 1707 1388 1764 ad
1413 1691 1640 1762 nihilum
1684 1691 1915 1773 rediret,
1958 1708 2005 1764 si

421 1817 632 1878 summa
661 1800 900 1861 essentia
933 1799 988 1866 in
1028 1801 1108 1858 eis
1146 1816 1254 1859 non
1292 1810 1482 1867 esset;
1517 1799 1614 1856 sed
1645 1803 1788 1875 quod
1831 1800 1886 1856 in
1924 1803 2006 1858 eis

422 1909 530 1950 non
553 1891 700 1956 fecit,
730 1891 783 1948 id
799 1899 884 1956 est
905 1891 1240 1973 superbiam,
1269 1893 1492 1966 sprevit.
1514 1893 1660 1951 Deus
1683 1895 1828 1949 enim
1858 1895 1914 1954 in
1941 1910 2005 1950 ea

423 1992 616 2062 natura
639 2023 656 2052 ,
707 1999 872 2057 quam
911 1982 979 2040 ad
1017 1998 1078 2040 se
1113 1985 1350 2050 creavit,
1399 1998 1616 2056 semper
1664 1983 1902 2051 habitat,
1941 2000 2007 2039 ac

423 2093 521 2153 per
548 2079 650 2135 hoc
676 2063 894 2151 semper
929 2091 998 2135 ea
1034 2085 1238 2146 manet,
1270 2077 1324 2132 in
1357 2091 1487 2156 qua,
1524 2076 1616 2148 qui
1637 2082 1872 2152 semper
1897 2087 2004 2144 est,

426 2170 629 2232 residet
656 2168 701 2224 ³.
1965 2217 1978 2229 .

490 2260 578 2319 Ἦ.
608 2248 766 2330 Quod
794 2273 924 2317 vero
951 2259 1064 2318 dixi
1107 2277 1238 2336 quos
1265 2262 1772 2338 praedestinavit-ad
1825 2263 2008 2318 interi-

421 2345 858 2432 tam,propterea
887 2355 998 2412 dixi
1023 2395 1038 2422 ,
1083 2356 1340 2431 quoniam
1373 2356 1594 2414 beatum
1639 2357 2020 2442 Augustinum'

421 2445 550 2502 talia
572 2445 775 2506 dixisse
790 2461 952 2519 saepe
968 2447 1202 2520 reperio,
1218 2447 1690 2506 demonstraturus
1719 2449 2006 2520 adiuvante

421 2540 678 2602 itotnino,
737 2540 876 2607 Quid
937 2540 1026 2596 tali
1081 2539 1410 2596 locutiomtm
1453 2549 1672 2614 genere
1729 2543 2006 2602 insinuare

415 2629 593 2688 voluit
649 2630 924 2706 piissimus
987 2629 1271 2688 doctrinae
1312 2639 1510 2704 pater,
1577 2633 2002 2708 pulcherrimum

416 2721 704 2792 exemplar
728 2717 1093 2793 eloquentiae,
1119 2722 1470 2780 acutissimus
1491 2725 1741 2782 veritatis
1768 2726 2004 2798 inquisi-

421 2829 527 2885 tor,
553 2817 986 2875 studiosissimus
999 2819 1318 2876 liberalium
1339 2821 1543 2876 artium
1572 2823 1852 2894 magister,
1878 2826 2003 2894 pro-

362 2908 368 2912 ’
416 2910 823 2966 videntissimus
883 2909 1192 2967 animorum
1253 2911 1616 2978 exercitator,
1667 2912 2004 2974 humillimus

417 3017 728 3075 persuasor,
750 3017 818 3058 ne
837 3001 892 3062 in
917 3003 1034 3059 suis
1058 3001 1387 3061 dictionibus
1425 3003 1832 3075 quis’aestimet
1875 3009 2006 3071 eum

417 3095 678 3155 valuisse.
708 3092 854 3155 quod
900 3093 1153 3152 videatur
1178 3095 1399 3152 veritati
1438 3097 1712 3154 resistere.
1743 3096 1862 3154 Non
1895 3099 2000 3155 ita-

662 3136 678 3161 ,
708 3109 854 3173 quoa
900 3109 1153 3152 vjaealur
1178 3109 1399 3152 verna"
1438 3109 1712 3154 resistere.
1743 3109 1862 3154 Non
1895 3109 2000 3155 na-
2029 3130 2073 3190 Γ
2105 3109 2270 3141 cuum
2307 3109 2452 3158 Ipsus
2481 3109 2714 3143 trullam:
2749 3109 2848 3144 nec
2880 3109 3032 3151 \‘CIIe,
3065 3109 3165 3145 nec
3187 3109 3348 3160 posse
3391 3109 3687 3149 tltttleltm

662 3201 743 3242 ειη
775 3181 1120 3242 ηιοιιογοιιιίι
1143 3177 1390 3252 intelligi,
1419 3189 1564 3252 quod
1592 3189 1769 3252 dixit;
1801 3207 1821 3240 ι
1855 3190 2004 3252 Quos
2055 3171 2074 3190 ³
2107 3191 2240 3234 suae
2263 3177 2466 3250 gloriae
2501 3172 2696 3234 munus
2719 3194 2839 3236 esse
2868 3196 2974 3236 non
2999 3181 3244 3236 dubitent
3279 3197 3294 3236 :
3328 3181 3400 3237 ita
3433 3185 3691 3252 reprobo-
3743 3195 3746 3198 ‘

415 3201 525 3260 que
551 3186 743 3242 eodem
775 3181 1120 3242 modOvoluit
1143 3177 1390 3259 intelligi,
1419 3189 1564 3259 quod
1592 3189 1729 3253 dixit
1755 3206 1769 3244 :
1801 3207 1821 3240 ι
1855 3190 2004 3268 Quos

411 3277 558 3352 iuste
585 3276 1008 3349 praedestinavit
1039 3276 1110 3332 ad
1137 3292 1409 3348 poenama
1443 3317 1458 3346 ,
1498 3293 1606 3350 quo
1636 3279 1827 3346 voluit,
1855 3283 2002 3352 quod

419 3368 556 3428 dixit
581 3385 596 3424 :
627 3386 648 3422 ι
685 3361 819 3441 quos
841 3367 1076 3440 benigne
1102 3367 1528 3440 praedestinavit
1559 3369 1626 3424 ad
1644 3370 1876 3442 gratiam
1900 3371 1930 3412 ι»
1953 3390 2000 3426 ι.

420 3461 652 3520 Attende
704 3460 757 3516 in
801 3461 958 3526 haec,
993 3473 1134 3530 quae
1153 3467 1478 3530 sequuntur.
1511 3459 1702 3518 Omnis
1728 3470 1999 3535 creatura,

420 3557 738 3630 priusquam
773 3543 950 3618 deret,
989 3552 1066 3608 ita
1103 3561 1186 3609 est
1221 3539 1252 3608 a
1282 3551 1546 3609 Creatore
1574 3553 2000 3624 praedestinata,

421 3650 474 3708 id
501 3657 605 3714 est,
630 3645 984 3718 praedeﬁnita
1016 3657 1072 3703 et
1099 3646 1364 3717 praevisa,
1389 3656 1449 3701 ut
1481 3647 1746 3703 terminos
1774 3655 2003 3707 naturae

415 3755 568 3808 suae,
608 3739 752 3816 intra
772 3753 908 3810 quos
933 3735 1112 3793 fuerat
1139 3737 1448 3802 condenda,
1473 3738 1698 3792 omnino
1726 3739 2001 3810 impleret,
2062 3784 2065 3786 .

417 3834 568 3896 nullo
596 3830 755 3886 modo
794 3827 1102 3886 excederet.
1143 3827 1386 3884 Termini
1414 3839 1598 3884 autem
1624 3831 1872 3886 omnium
1897 3844 1999 3888 na:

419 3897 662 3985 iurarum
712 3903 992 3980 constituti
1039 3921 1092 3976 in
1136 3929 1254 3977 arte
1305 3921 1695 3993 omnipotentis
1742 3924 2000 3996 artificis,

318 4075 326 4082 ,
416 4035 560 4086 quae
582 4029 665 4079 est
691 4019 868 4094 Patris
887 4019 1172 4091 sapientia,
1197 4019 1382 4090 inqua
1406 4029 1462 4076 et
1495 4034 1594 4094 per
1618 4035 1780 4092 quam
1805 4026 2000 4076 cuncta

416 4121 545 4170 sunt
569 4110 806 4168 condita.
833 4099 1160 4166 Naturarum
1185 4109 1380 4184 deinde
1399 4109 1706 4166 creatarum
1732 4113 1998 4181 quaedam

416 4211 566 4270 sunt,
615 4219 757 4276 quae
805 4203 1053 4260 ordinem
1107 4202 1241 4273 legis
1290 4203 1499 4258 aeterni
1552 4203 1858 4276 transgredi
1895 4217 2000 4260 nec

415 4293 626 4362 volunt,
653 4307 754 4352 nec
794 4302 1041 4366 possunt,
1086 4303 1146 4348 ut
1174 4293 1196 4326 ⁸
1216 4303 1346 4350 sunt
1377 4295 1559 4350 omnia
1592 4295 1802 4350 ratione
1831 4303 1888 4350 et
1917 4297 2001 4362 in-~

417 4382 638 4442 tellectu
661 4383 945 4450 carentia;
975 4385 1242 4456 quaedam
1273 4400 1404 4440 vero
1448 4393 1598 4450 sunt,
1629 4385 1830 4457 quibus
1856 4389 2000 4448 ratio

2106 516 2163 562 et
2177 509 2334 564 unius
2347 511 2518 580 partis
2532 513 2838 570 inordinata
2851 516 3168 576 deformitas
3177 523 3345 578 totius
3365 526 3678 584 universita-
3743 540 3746 544 '

2107 596 2178 653 tis
2191 599 2649 659 ordinatissimam
2663 605 3120 676 pulchritudinem
3137 626 3245 666 non
3260 611 3490 670 minuat.

2177 690 2288 748 VII.
2321 691 2554 750 Proinde
2589 689 2802 752 summa
2851 707 2908 763 et
2941 697 3232 758 ineﬂ‘abilis
3264 705 3446 782 divina
3473 706 3698 780 sapieu~

2107 782 2180 839 tia
2207 785 2626 856 praedestinavit
2656 789 2709 844 in
2749 791 2865 847 suis
2903 790 3110 870 legibus
3140 797 3349 861 modos,
3381 798 3522 854 ultra
3553 813 3695 870 quos

2109 873 2397 943 impiorum
2425 875 2628 934 malitia
2654 881 2906 952 progredi
2928 869 3032 936 non
3063 890 3264 954 potest.
3291 885 3410 942 Non
3437 869 3584 943 enini
3613 889 3690 944 εἰς

2109 967 2256 1022 nitur
2295 967 2526 1040 alicujus
2554 957 2761 1026 malitia
2808 974 2860 1028 in
2893 973 3186 1042 inﬁnitum,
3220 987 3382 1050 prout
3407 980 3560 1046 velit,
3591 996 3693 1037 εις

2111 1060 2504 1125 teudi,divinis
2547 1062 2758 1134 legibus
2801 1068 3182 1139 progrediendi
3235 1075 3464 1128 modum'
3514 1073 3692 1146 impo-

2108 1152 2380 1210 ncntibus.
2406 1153 2548 1222 Quid
2578 1156 2722 1213 enim
2769 1159 2976 1230 appetit
3017 1161 3306 1232 impiorum
3334 1163 3604 1232 omnium,
3631 1175 3690 1222 et

2107 1244 2193 1300 sui
2223 1247 2439 1318 capitis,
2463 1249 2608 1319 quod
2637 1257 2722 1307 est
2745 1250 3014 1319 diabolus,
3044 1255 3305 1326 nequitia,
3345 1257 3454 1314 nisi
3501 1258 3574 1318 ab
3597 1273 3688 1326 eo,
3761 1297 3766 1301 ρ

2109 1335 2198 1404 qui
2228 1346 2313 1390 est
2345 1352 2558 1393 summa
2586 1342 2841 1407 essentia,
2869 1333 3146 1410 recedere,
3169 1345 3476 1414 iit-tantum,
3505 1356 3564 1405 ut
3593 1363 3690 1410 eo:

2108 1441 2230 1484 rum
2266 1437 2480 1493 natura,
2509 1430 2553 1486 si
2593 1433 2676 1487 lex
2705 1432 2886 1488 divina
2917 1435 3153 1502 sineret,
3187 1437 3242 1491 in
3275 1437 3503 1494 nihilum
3542 1439 3690 1496 redi-

2111 1525 2233 1579 ret?
2265 1523 2402 1581 Ilinc
2429 1543 2662 1599 namque
2699 1531 2941 1602 nequitia
2983 1540 3065 1588 est
3100 1533 3268 1600 dicta,
3297 1533 3440 1604 quod
3464 1537 3692 1608 itequic-

2107 1617 2335 1684 quam",
2358 1617 2409 1670 id
2439 1627 2522 1672 est
2545 1619 2776 1675 nihilum
2803 1637 2926 1678 esse
2961 1625 3260 1680 contendit.
3291 1625 3398 1681 Sed
3427 1627 3688 1698 quoniam

2109 1709 2160 1763 ei
2197 1707 2482 1766 diliicultas
2505 1726 2570 1766 ex
2601 1715 2842 1771 aeternis
2864 1715 3075 1787 legibus
3099 1719 3338 1782 obsistit,
3383 1737 3450 1775 ne
3479 1721 3531 1777 in
3563 1729 3688 1778 tan-

2109 1810 2220 1856 tum
2250 1805 2431 1869 cadat,
2461 1815 2724 1875 quantum
2758 1809 2938 1877 vellet,
2975 1825 3042 1866 ex
3075 1827 3142 1868 ea
3184 1813 3496 1870 ditlicultate
3539 1815 3691 1872 labo-

2109 1903 2215 1962 rat,
2236 1895 2534 1953 laborando
2557 1907 2857 1972 torquetur,
2875 1903 3116 1974 punitur,
3138 1905 3432 1962 cruciatur.
3459 1906 3525 1960 iit
3545 1906 3690 1962 unde

2108 1985 2161 2044 ﬁt
2195 1989 2699 2048 miseraHnanium
2731 1993 3065 2069 voluptatum
3087 2006 3348 2067 egestate.
3381 1999 3692 2054 Praedcsti-

2115 2077 2267 2132 navit
2291 2077 2476 2150 itaque
2497 2081 2638 2138 Deus
2665 2083 2859 2154 impios
2888 2087 2955 2140 ad
2987 2101 3240 2155 poenam,
3271 2089 3354 2140 vel
3383 2087 3686 2152 interitum,

2109 2158 2212 2223 hoc
2237 2177 2341 2235 est,
2373 2170 2800 2245 circumscripsit
2839 2190 2936 2230 eos
2989 2177 3199 2251 legibus
3244 2179 3358 2234 suis
3390 2179 3690 2234 incommu-

2109 2263 2382 2332 tabilibns,
2409 2279 2549 2335 quas
2573 2279 2763 2320 eorum
2791 2266 3041 2337 impietas
3069 2269 3300 2323 evadere
3328 2271 3686 2358 tudipermit-

2109 2355 2285 2410 titur:
2343 2357 2413 2411 ad
2452 2370 2683 2426 poenam
2733 2355 2976 2428 profecto
3012 2373 3198 2422 suam;
3243 2373 3305 2413 ca
3333 2355 3528 2430 quippe
3552 2359 3688 2422 ditii-

2105 2445 2298 2508 cultas,
2328 2455 2387 2501 ut
2412 2455 2497 2503 est
2523 2447 2752 2513 dictum,
2780 2463 2884 2518 qua
2933 2449 3290 2519 prohibentur
3318 2452 3598 2522 pervenire
3621 2453 3688 2508 ad

2107 2551 2193 2598 ea.
2225 2551 2366 2607 quae
2417 2536 2707 2593 libidinose
2751 2547 3034 2610 appetunt,
3060 2538 3294 2595 ciiicitur
3331 2535 3412 2597 ris
3445 2530 3702 2613 poenalis
3760 2539 3766 2544 ⁷

2106 2627 2380 2695 interitus,
2410 2637 2466 2684 et
2492 2643 2626 2685 suae
2672 2630 3016 2704 miserrimae
3057 2632 3330 2702 cupidinis
3353 2632 3690 2703 justissimus

2105 2719 2400 2779 cruciatus.
2429 2719 2584 2784 Sicut
2607 2722 2751 2779 enim
2792 2723 2936 2780 Deus
2957 2723 3278 2786 electorum,
3303 2741 3440 2796 quns
3465 2726 3688 2796 praede-

2106 2811 2328 2868 stinavit
2357 2812 2425 2868 ad
2469 2813 2734 2884 gratiam.
2779 2813 3028 2870 liberavit
3071 2815 3426 2878 voluntatem,
3457 2833 3692 2886 eamque

2105 2905 2352 2970 caritatis
2399 2921 2555 2961 suae.
2587 2904 2873 2962 aﬂectibus
2924 2907 3205 2978 implevit,
3252 2921 3310 2964 ut
3360 2925 3464 2966 non
3513 2911 3688 2964 solum

2107 2993 2248 3054 intra
2289 2992 2425 3048 ﬁnes
2465 3002 2722 3052 aeternae
2760 2994 2896 3067 legis
2935 2985 3217 3070 gaudeant
3261 2999 3545 3060 contineri,
3595 2999 3688 3054 sed

2105 3086 2270 3141 etiam
2307 3086 2452 3158 ipsos
2480 3087 2714 3143 transire
2749 3105 2848 3144 nee
2880 3089 3032 3151 velle,
3065 3103 3165 3145 nec
3187 3105 3348 3160 posse
3391 3093 3687 3149 maximum.
3735 3080 3746 3084 ’

2109 3284 2250 3334 rum,
2289 3283 2426 3345 quos
2476 3270 2899 3342 praedestinavit
2928 3269 2994 3325 ad
3029 3287 3259 3340 poenam
3294 3273 3683 3342 turpissimam,

2105 3370 2323 3417 coercet
2343 3359 2701 3426 voluntatem,
2755 3368 2816 3415 ut
2867 3375 2900 3416 e
2943 3361 3244 3426 contrario,
3287 3361 3544 3432 quicquid
3584 3363 3691 3419 illis

2105 3451 2344 3522 pertinet
2390 3452 2458 3508 ad
2491 3452 2746 3524 gaudium
2776 3453 2968 3508 beatae
2997 3451 3164 3517 vitae,
3207 3452 3326 3506 istis
3359 3462 3601 3508 vertatur
3635 3457 3687 3508 in

2103 3543 2424 3618 supplicium
2451 3545 2722 3600 miseriae.
3077 3609 3084 3614 _

2182 3635 2314 3692 \‘lll.
2361 3635 2550 3706 Itaque
2589 3635 2872 3708 utriusque
2911 3637 3085 3707 partis
3127 3638 3562 3706 praedestinatns
3607 3650 3692 3694 est

2105 3741 2404 3794 nimierus;
2436 3727 2489 3784 in
2517 3733 2744 3798 utraque
2765 3726 2964 3798 quippe
2993 3725 3136 3781 Deus
3160 3729 3569 3784 substantialem
3594 3743 3684 3783 na-
3741 3779 3744 3783 ,

2105 3828 2262 3875 tnrae
2299 3820 2588 3874 numerum
2627 3818 2928 3884 substituit,
2967 3820 3314 3874 substitutam
3344 3823 3365 3854 ⁸
3415 3821 3686 3892 praedati-

2103 3910 2259 3970 nivit.
2292 3908 2410 3964 Una
2443 3908 2604 3964 enim
2631 3908 2932 3979 eademque
2963 3923 3156 3970 natura
3185 3927 3475 3967 numerose
3505 3913 3685 3968 inniti:
3781 3919 3794 3928 '

2103 4003 2336 4076 plicatur
2357 4003 2410 4058 in
2441 4003 2714 4067 omnibus,
2747 4003 2820 4058 ita
2849 4013 2909 4066 ut
2955 4021 3060 4058 una
3104 4005 3156 4058 in
3213 4007 3458 4074 singuIis,
3492 4017 3541 4062 et
3571 4008 3686 4064 sin-

2101 4095 2212 4171 guli
2239 4095 2295 4151 in
2325 4111 2430 4150 una
2455 4095 2584 4160 sint,
2614 4109 2787 4166 neque
2823 4103 2907 4149 est
2939 4095 3083 4148 aliud
3115 4097 3230 4165 ipsa
3257 4097 3364 4150 nisi
3388 4097 3687 4168 unusquiis—
3731 4107 3738 4113 '

2101 4202 2228 4264 que,
2269 4201 2443 4256 neque
2481 4184 2625 4240 aliud
2672 4185 3044 4258 unusquisque
3085 4185 3186 4241 nisi
3247 4187 3384 4258 ipsa.
3427 4189 3682 4248 Ur’unium

2104 4282 2288 4354 igitur,
2317 4296 2458 4354 quos
2489 4279 2632 4335 Deus
2671 4280 2896 4344 creavit,
2923 4279 3356 4349 prae-destinatus
3379 4291 3460 4333 est
3489 4295 3685 4338 nume-

2102 4391 2228 4442 rus;
2258 4375 2354 4432 sed
2375 4375 2632 4446 quoniam
2675 4371 2923 4427 cotiditor
2949 4371 3252 4443 praevidit,
3289 4372 3462 4446 ipsum
3495 4389 3684 4428 uince-

413 4483 474 4534 et
494 4473 800 4534 intellectus
823 4474 1253 4532 substantialiter
1279 4475 1492 4532 insitus.
1509 4475 1754 4544 Quarum
1780 4479 1998 4550 quidem

2107 4483 2226 4528 rum
2258 4467 2312 4522 in
2356 4468 2535 4536 primo
2585 4467 2804 4522 homine
2845 4463 3173 4536 generaliter
3227 4465 3553 4534 pet-iturum,
3585 4481 3682 4520 ex;

416 4588 546 4649 pars
579 4585 686 4626 una
712 4567 1014 4625 conditoris
1041 4567 1123 4622 sui
1154 4567 1326 4639 gratia
1355 4567 1584 4623 liberata
1603 4570 1840 4625 aeternis
1863 4569 1996 4642 legi-

415 4665 522 4722 bus
550 4660 780 4718 voleudo
818 4659 1005 4724 servit,
1048 4657 1393 4716 adhaerendo
1423 4659 1582 4715 beata
1631 4659 1728 4728 tit;
1783 4661 1954 4718 altera
1977 4664 2001 4696 ⁸

413 4769 568 4820 vero,
604 4750 800 4809 merito
827 4749 1016 4806 relicta
1051 4750 1338 4820 superbiae
1375 4762 1538 4822 atque
1575 4741 1996 4822 inobedicntiac,

413 4845 560 4902 intra
585 4841 832 4903 ordinem
853 4839 1163 4912 praedictae
1183 4838 1338 4912 legis,
1355 4839 1604 4897 videlicet
1617 4853 1890 4909 aeternae,
1908 4863 2000 4901 co-

412 4935 582 5000 artari
615 4932 806 4999 noluit,
826 4932 920 4988 sed
939 4946 1060 4987 eam
1105 4930 1491 4987 transcendere
1513 4947 1618 4986 non
1640 4934 1832 5003 potuit.
1855 4933 2002 5008 Quo-

410 5041 523 5100 quo
557 5027 719 5084 modo
746 5025 893 5082 enim
919 5039 978 5081 se
1001 5031 1218 5096 moveat
1244 5021 1776 5094 turpiterrationalis
1806 5027 1997 5102 volun-

412 5127 514 5184 tas,
530 5118 582 5175 in
599 5127 818 5175 aeterna
833 5114 1101 5189 inveniet;6
1120 5125 1237 5169 arte
1254 5113 1564 5180 terminum,
1583 5114 1636 5170 in
1650 5132 1758 5186 quo
1771 5119 1997 5190 turpitu-

412 5213 483 5268 do
494 5227 593 5269 sua
615 5209 956 5266 ordinabitur
977 5209 1218 5269 honeste,
1245 5206 1318 5261 ita
1339 5215 1395 5261 ut
1415 5206 1481 5262 de
1503 5206 1674 5278 ipsius
1695 5208 1998 5266 detestabili

2102 4573 2262 4635 cepto
2307 4557 2546 4614 vulneris
2597 4556 3016 4618 medicamento,
3079 4556 3223 4624 quod
3269 4567 3354 4611 est
3407 4556 3682 4621 Christus,

2101 4645 2548 4724 praedestinavit,
2581 4648 2682 4715 hoc
2709 4655 2812 4713 est,
2859 4655 3150 4716 antequam
3183 4649 3398 4710 tierent,
3439 4645 3686 4702 deiinivtt

2101 4751 2365 4799 eteorum
2391 4733 2698 4802 uulnerum,
2743 4753 2883 4808 quos
2915 4752 3010 4792 sua
3039 4738 3214 4808 gratia
3259 4739 3607 4802 liberaturus,
3631 4754 3682 4793 et

2101 4847 2312 4896 eorum,
2344 4846 2481 4902 quos
2527 4847 2624 4888 sua
2663 4830 2874 4903 justitia
2925 4830 3230 4894 relicturus,
3268 4831 3320 4884 in
3365 4829 3525 4886 istis’
3575 4830 3680 4884 cle-

2101 4924 2351 4980 tuentiae'
2369 4923 2500 4978 suae
2542 4922 2685 4976 dona
2716 4921 2966 4987 (laturus,
3010 4921 3062 4975 in
3108 4921 3214 4976 illis
3240 4922 3283 4954 ³⁸
3331 4932 3554 4976 naturae
3579 4937 3678 4976 nu.

2105 5034 2340 5085 merum,
2371 5031 2480 5090 quo
2531 5015 2860 5071 universitas
2917 5015 3302 5086 perficeretur.
3345 5014 3682 5082 impleturus,

2106 5113 2158 5168 in
2189 5111 2434 5181 utrisque
2473 5107 2693 5164 divitias
2732 5108 2989 5162 bonitatis
3033 5122 3162 5161 suae
3193 5115 3684 5169 demonstraturus,

2103 5203 2356 5261 omnibus
2386 5201 2634 5258 tribuens
2658 5198 2804 5274 leges
2829 5214 2957 5254 suas
2980 5196 3229 5254 servandi
3260 5205 3606 5268 potestatem,
3637 5212 3682 5251 st

1691 5321 1945 5380 VARIAE
1984 5320 2388 5384 LECTIONES.

485 5419 504 5454 ⁸
532 5417 624 5476 Sic
650 5419 775 5485 eod.
804 5417 877 5483 Μ,
911 5409 1056 5471 curo:
1132 5417 1152 5457 β
1177 5414 1358 5482 Corn,
1385 5415 1504 5470 rod.
1540 5426 1595 5470 et
1653 5413 1702 5468 Μ
1757 5426 2017 5486 torquent.
2095 5419 2116 5450 ³
2146 5417 2238 5474 Sic
2283 5417 2354 5480 at,
2410 5416 2531 5469 cod.
2572 5413 2804 5484 possidet

413 5491 482 5554 Μ,
522 5491 644 5545 cod.
694 5489 846 5544 alter.
924 5488 946 5520 ⁸
978 5489 1069 5559 Sic
1091 5487 1190 5559 Μ,
1219 5487 1340 5543 cod.
1393 5487 1640 5542 inveniat.
1711 5486 1733 5518 τ
1779 5485 1911 5542 (iud.
1968 5489 2302 5559 nequiquam.

410 5561 604 5624 missis.
682 5559 726 5592 '°
756 5559 850 5616 Sic
873 5559 1020 5621 cod...
1055 5558 1100 5613 Μ
1133 5557 1258 5611 illis.

2907 5396 3204 5466 κείσθω..
3267 5407 3312 5460 Μ
3373 5405 3469 5457 uti.
3545 5401 3687 5458 ἐἰς

2393 5487 2536 5542 “Sic
2577 5473 2706 5538 't'od.
2738 5525 2751 5544 ,
2805 5483 2852 5536 Μ
2909 5480 3274 5534 substantiam.
3333 5473 3484 5551 ".Sic
3539 5490 3681 5537 00...,
3752 5484 3761 5491 ‘

1932 5643 2185 5725 noris.

481 5761 508 5789 ι
541 5745 664 5802 Ose.
699 5742 831 5808 XIII,
876 5741 959 5794 LI.

2185 5741 2212 5777 ι’
2243 5739 2462 5804 August.
2493 5737 2546 5785 in
2583 5734 2853 5787 Enr/miri.
2883 5749 2929 5786 ς.
2969 5733 3084 5785 ιὀο.
