4236 6072
426 290 526 352 ut
1372 294 1459 352 DE
1490 296 1834 355 DIVISIONE
1871 298 2226 383 NATUBAE.
2255 331 2327 365 έ-
2355 289 2562 358 Ltee'n
2597 304 2873 362 ramus.
3563 315 3698 370 ,ηε

500 417 631 475 Lata
655 421 756 476 liae
776 419 1044 475 sententia
1067 420 1446 486 acerbissima,
1470 422 1616 476 nulla
1639 424 1818 477 medio
1839 440 1976 480 aevo
2001 425 2221 495 illorum
2244 427 2517 482 librorum
2545 428 3003 497 ampliusmentio
3030 430 3086 483 tit
3138 435 3294 487 Anno
3315 434 3535 493 demum
3567 438 3697 496 1681

427 509 758 591 prodierunt
782 511 924 578 typis
944 512 1127 564 excusi
1158 527 1292 565 cura
1314 509 1557 567 Tltomae
1577 512 1749 571 Galei.
1778 514 1958 584 Angli.
1981 513 2174 572 Statim
2210 501 2480 588 repetitur
2518 537 2751 575 censura
2779 522 3073 578 Ecclesiae.
3100 523 3235 579 Nam
3253 528 3307 580 in
3330 528 3512 587 indice
3530 531 3701 586 ljltrn-

430 617 548 691 rutn
576 601 993 691 prohibiturum
1027 603 1160 657 haec
1194 604 1436 691 reperis:
1463 603 1694 691 Erigeua
1725 605 1958 661 Joannes
1989 606 2172 662 Scotus
2199 607 2261 662 de
2283 607 2552 661 Diuisione
2587 620 2812 680 naturae
2845 610 2966 666 libri
3006 611 3064 670 V.
3103 614 3314 670 Accedit
3341 592 3619 691 Appendix
3634 637 3701 677 ex

431 689 704 761 Ambiguis
735 687 794 745 S.
825 688 1051 744 Haaimi
1085 707 1270 761 graece
1301 705 1346 744 et
1385 690 1569 746 latine.
1601 690 1878 751 Decretum
1914 693 2004 752 III
2039 696 2212 764 April.
2252 699 2302 751 ,11
2316 697 2589 755 DCLXXX
2606 698 2668 757 γ.

504 771 648 839 Ilaec
679 784 844 854 igitur
875 799 1041 852 quum
1072 782 1144 838 ita
1169 800 1228 839 se
1256 785 1516 850 habeam,
1553 784 1684 856 quid
1718 787 1782 842 de
1816 786 2002 842 indole
2027 803 2090 841 ac
2119 795 2312 841 natura
2348 789 2572 861 phorum
2605 789 2871 847 librorum
2905 793 3258 850 statuendum
3287 795 3380 860 sit,
3409 795 3556 853 inter
3610 813 3704 855 εει

433 872 668 927 tholicus
691 872 918 927 dubium
963 887 1084 928 esse
1119 871 1332 943 nequit.
1367 872 1478 928 Cur
1518 873 1555 928 ii
1588 874 1679 929 hic
1704 875 1849 947 typis
1883 888 2222 946 repetantur,
2255 881 2306 934 iu
2330 879 2617 937 Prooemio
2637 885 2974 952 aperuimus.
3008 886 3258 959 Systema
3289 899 3473 946 autem
3502 907 3696 950 eorum

430 980 733 1033 exponere,
769 966 1130 1036 singulosque
1161 981 1379 1022 errores
1409 969 1803 1038 perstringere,
1839 969 1987 1038 quod
2027 969 2130 1022 hoc
2161 967 2284 1023 loco
2327 971 2693 1039 supersedere
2724 989 3038 1042 possmnus,
3068 977 3322 1044 scriptori
3349 978 3701 1036 Commenta-

433 1052 600 1126 tionis
626 1052 695 1116 de
724 1052 934 1109 Joanne
965 1052 1133 1109 Scoto
1163 1070 1332 1124 supra
1368 1054 1667 1125 impressae
1692 1057 1924 1113 debetur
1959 1059 2158 1131 :cujus
2190 1061 2257 1116 ad
2291 1075 2500 1132 partem
2544 1063 2793 1133 alteram,
2829 1082 2970 1139 quae
2999 1067 3052 1122 in
3078 1068 3180 1122 hoc
3203 1083 3529 1140 argumento
3562 1073 3701 1129 inte-

430 1160 525 1217 ειη
561 1159 828 1212 versatur,
863 1162 930 1201 ne
963 1157 1084 1203 acta
1114 1163 1276 1217 agere
1313 1149 1618 1210 videamur,
1657 1149 1996 1219 delegamus.
2389 1149 2394 1152 ’

501 1235 808 1290 Guilelmus
848 1236 1352 1292 Malmesburiensis
1391 1253 1530 1308 opus
1568 1238 1700 1298 illud
1737 1238 2012 1307 praedicat
2048 1254 2263 1311 promer
2293 1246 2692 1316 perplexitate»:
2727 1251 3063 1315 quarundam
3099 1256 3465 1323 quaestionum
3497 1257 3704 1315 solven-

437 1329 558 1381 dam
588 1328 714 1381 bene
737 1329 864 1382 utile
890 1345 910 1394 ;
937 1328 1032 1383 sed
1059 1328 1212 1382 addit
1246 1343 1263 1384 :
1289 1330 1336 1383 si
1365 1340 1537 1392 tamen
1565 1331 1872 1403 ignoscatur
1893 1333 1939 1384 ei
1966 1331 2182 1402 (Joanni
2209 1332 2397 1402 Scuto)
2433 1335 2485 1388 in
2513 1337 2846 1402 quibusdam,
2875 1341 3062 1408 quibus
3088 1360 3119 1396 a
3148 1340 3458 1399 Latinorum
3485 1349 3700 1401 tramite

432 1418 682 1480 deviavit,
717 1427 840 1472 (tum
871 1419 925 1472 in
952 1415 1182 1472 Graecos
1209 1419 1405 1472 acriter
1430 1419 1610 1472 oculos
1645 1419 1888 1474 intendit.
1927 1421 2268 1495 Quapropter
2312 1434 2360 1478 et
2399 1429 2689 1483 haereticus
2714 1439 2932 1500 putatus
2971 1442 3068 1490 est.
3095 1473 3110 1488 .
3137 1474 3150 1488 .
3189 1436 3325 1490 Sunt
3353 1439 3492 1492 enim
3526 1457 3705 1495 renata

433 1506 488 1561 in
523 1505 658 1561 libro
687 1505 811 1562 Peri
838 1507 1058 1576 physion
1093 1509 1446 1579 perplurium,
1475 1523 1631 1576 quae,
1671 1508 1776 1560 nisi
1811 1508 2096 1579 diligenter
2123 1514 2502 1579 discutiantur,
2533 1533 2563 1568 a
2613 1516 2718 1584 ﬁde
2747 1520 3006 1574 catholica
3035 1523 3372 1579 abhorrentia
3400 1529 3702 1584 videantur.

435 1597 676 1664 Angelus
692 1611 815 1684 ctum
843 1594 1008 1651 Scoto
1026 1595 1228 1653 leniter
1250 1611 1411 1666 agere
1430 1594 1670 1651 videtur.
1696 1593 1892 1656 Libros
1919 1612 2051 1652 vero
2079 1601 2208 1670 περὶ
2232 1602 2450 1665 Φύσεως
2489 1603 2769 1673 μερισμοῦ
2783 1602 3053 1662 siattente
3083 1613 3398 1680 perlegeris,
3426 1615 3519 1669 tibi
3545 1616 3705 1673 fat-ile

437 1681 819 1754 persuadebis,
853 1700 1093 1750 errores.
1122 1701 1263 1757 quos
1295 1685 1349 1740 in
1380 1681 1526 1741 libro
1559 1685 1627 1741 de
1662 1683 2175 1743 Praedestinatioue
2203 1692 2588 1760 cognovimus.
2621 1708 2688 1747 ex
2722 1693 2940 1749 illorum
2969 1707 3263 1768 systemate
3293 1702 3446 1772 quasi
3504 1717 3703 1772 sponte

439 1775 762 1844 procedere.

445 1985 3082 2026 “MM.

1646 2143 1813 2198 ΠΕΡΙ
1846 2147 2100 2208 anno:
2139 2149 2512 2201 ΜΕΡΙΣΜΟΥ

1936 2321 2013 2365 lD
2067 2325 2202 2370 EST
2265 2340 2268 2343 '

1017 2489 1218 2626 DE
1321 2491 2190 2616 DIVISIONE
2293 2496 3113 2616 NATURAE.

1664 2839 1970 2919 LIBER
2041 2830 2460 2922 PRIMUS'

2173 3029 2310 3042 uu—

1825 3026 2172 3042 ————_—

504 3146 807 3189 statumen.
868 3132 1040 3201 Saepe
1096 3130 1226 3186 milii
1282 3129 1564 3204 cogitanti,
1599 3129 2017 3203 diligentiusque
2047 3141 2092 3199 Α
2123 3141 2379 3201 quattuor
2406 3131 2565 3187 hinae
2593 3131 2694 3188 sibi
2729 3131 2962 3189 invicem
2993 3147 3334 3205 opponuntur
3356 3153 3369 3166 ·
3402 3152 3527 3194 nam
3560 3140 3721 3198 tertia

433 3232 695 3292 quantum
721 3222 867 3276 vires
895 3235 1184 3293 suppetunt
1216 3224 1532 3296 inquirenti,
1553 3241 1731 3283 rerum
1752 3228 2018 3292 omnium,

431 3331 574 3385 quae
609 3317 692 3371 vel
724 3317 908 3372 animo
961 3318 1164 3388 percipi
1227 3325 1473 3389 possunt,
1506 3319 1612 3387 ,νεὶ
1664 3321 2020 3376 intentionetn

430 3405 550 3475 ejus
583 3417 862 3478 superant,
885 3408 1115 3481 primam
1144 3398 1522 3488 summamque
1551 3409 1871 3468 divisionem
1901 3427 2021 3467 esse

432 3499 488 3552 in
513 3514 590 3561 ea
616 3514 758 3568 quae
785 3507 928 3562 sunt,
959 3489 1015 3555 et
1057 3502 1109 3554 in
1156 3516 1220 3555 ea
1266 3517 1406 3571 quae
1435 3489 1562 3574 __non
1611 3512 1769 3566 sunt,
1826 3504 2017 3558 horum

420 3578 673 3647 omnium
705 3593 957 3660 generale
982 3593 1303 3649 vocabulum
1334 3591 1605 3660 occurrit,
1639 3597 1782 3664 quod
1827 3609 2019 3666 graece

430 3681 612 3756 τῦσις,
642 3681 809 3738 latine
835 3698 962 3739 vero
990 3696 1182 3739 natura
1231 3684 1570 3745 vocitatur}.
1596 3687 1680 3741 An
1734 3686 1828 3742 tibi
1860 3686 2020 3741 aliter

428 3774 685 3828 videtur?
721 3774 1056 3831 DISCIPULUS.
1100 3775 1232 3840 ιιιιο,
1281 3777 1592 3845 consentio;
1643 3792 1766 3834 nam
1816 3787 1871 3833 et
1919 3792 2019 3849 ego

427 3862 558 3917 dum
589 3863 944 3919 ratiocinandi
986 3865 1127 3920 viam
1162 3867 1455 3938 ingredior,
1487 3870 1620 3926 haec
1652 3870 1725 3923 ita
1770 3869 1889 3925 ﬁeri
1935 3886 2017 3925 re-

430 3954 602 4026 perio.
649 3955 792 4014 MAG.
822 3957 919 4012 Est
963 3957 1129 4030 igitur
1171 3969 1365 4014 natura
1410 3944 1664 4030 generale
1717 3975 1931 4024 nomen,
1963 3970 2019 4014 ut

427 4051 684 4114 diximus,
708 4050 950 4105 omnium
979 4065 1118 4120 quae
1146 4061 1273 4106 sunt
1301 4063 1355 4107 ct
1379 4065 1522 4121 quae
1553 4066 1658 4106 non
1685 4061 1831 4107 sunt.
1868 4053 2013 4107 Dtsc.

426 4144 524 4198 Est
551 4143 801 4211 quidem;
840 4142 970 4210 nihil
1022 4145 1165 4198 enim
1208 4144 1262 4198 in
1301 4145 1552 4200 universo
1602 4145 2019 4217 cogitationibus

427 4237 628 4290 nostris
667 4245 845 4306 potest
869 4251 1176 4300 occurrere,
1204 4237 1343 4307 quod
1389 4237 1481 4293 tali
1530 4237 1789 4294 vocabulo
1845 4239 2019 4295 valeat

425 4342 617 4384 carere
653 4327 692 4380 ³.
731 4326 871 4383 ΜΔΕ.
901 4327 1165 4396 Quoniam
1194 4329 1358 4399 igitur
1387 4328 1530 4384 inter
1555 4343 1656 4385 nos
1675 4329 1929 4385 convenit
1952 4329 2019 4386 de

431 4422 536 4478 hoc
581 4420 842 4478 vocabulo
867 4422 1119 4492 generale
1141 4436 1284 4488 esse,
1331 4420 1491 4476 velim
1539 4421 1688 4476 dicas
1739 4420 2018 4479 divisionis

423 4513 547 4582 ejus
574 4529 670 4583 per
692 4513 1025 4570 dilierentias
1067 4513 1122 4568 in
1167 4513 1378 4584 species
1428 4513 1694 4567 rationem
1739 4527 1754 4566 :

333 4654 340 4661 .
425 4605 553 4661 cubi
579 4604 602 4636 ‘
631 4605 782 4670 libet,
814 4606 966 4676 prius
995 4604 1233 4660 conabor
1259 4604 1516 4668 dividere,
1542 4613 1694 4658 tuum
1731 4619 1859 4658 vero
1888 4603 2013 4668 erit,

424 4697 600 4752 divisa
621 4697 886 4768 judicare.
922 4683 1069 4752 Dtsc.
1102 4695 1411 4767 Ingredere,
1439 4709 1681 4767 quaeso;
1729 4694 2016 4765 impatiens

424 4789 574 4857 enim
607 4791 830 4856 sum,de
860 4789 943 4844 his
967 4804 1146 4845 veram
1177 4789 1437 4842 rationem
1461 4804 1492 4841 a
1517 4781 1566 4842 t'e.
1592 4786 1780 4842 audire
1807 4785 2011 4840 volens.

499 4882 554 4935 1.
588 4880 726 4939 MAG.
766 4879 993 4937 Videtur
1038 4880 1168 4935 mihi
1221 4878 1414 4935 divisio
1457 4889 1684 4933 naturae
1735 4891 1831 4946 per
1858 4884 2014 4945 quat-

426 4986 552 5026 tuor
605 4972 936 5028 ditl'erentias
993 4978 1253 5041 quattuor
1305 4969 1511 5041 species
1556 4969 1796 5039 recipere
1831 4986 1843 5022 :
1875 4983 2010 5036 qua-

428 5083 550 5120 rum
615 5066 789 5138 prima
843 5075 925 5120 est
958 5066 1010 5118 in
1049 5080 1169 5119 eam
1193 5065 1234 5130 ⁸,
1269 5079 1408 5134 quae
1438 5071 1588 5120 creat
1615 5053 1694 5116 et'
1717 5078 1822 5117 non
1853 5075 2010 5116 crea-

426 5169 556 5221 tur;
623 5157 856 5213 secunda
914 5158 966 5210 in
1024 5171 1180 5219 eam,
1223 5170 1391 5227 _quae
1456 5164 1672 5210 creatur
1721 5163 1776 5208 et
1827 5161 2010 5218 creat;

427 5247 583 5300 tertia
653 5247 704 5301 in
781 5263 935 5312 eam,
1008 5263 1146 5317 quae
1217 5248 1443 5322 creatur
1514 5256 1570 5303 et
1613 5234 1742 5302 enen
1812 5257 2004 5313 creat;

423 5351 554 5405 qua:
573 5345 622 5387 ta
642 5376 655 5400 ,
684 5351 824 5405 quae
860 5350 960 5390 nec
989 5345 1139 5390 creat
1168 5353 1268 5392 nec
1311 5345 1545 5392 creatur.
1597 5336 1797 5392 Harum
1837 5352 1962 5391 vero
1988 5336 2009 5367 ‘

2123 3222 2411 3292 Opponitur
2444 3223 2673 3293 primae,
2695 3234 2890 3294 quarta
2914 3240 3043 3281 vero
3069 3227 3364 3288 secundae:
3398 3232 3492 3286 sed
3516 3243 3714 3302 quarta

2123 3314 2264 3367 inter
2315 3314 2663 3382 impossibilia
2711 3316 2966 3386 ponitur,
3025 3316 3179 3386 cujus
3224 3318 3525 3375 ditl‘ereutia
3577 3325 3711 3378 est'

2121 3421 2225 3461 non
2266 3421 2422 3474 posse
2449 3421 2589 3461 esse.
2621 3407 2858 3462 Rectane
2888 3409 2980 3464 tibi
3009 3409 3130 3463 talis
3155 3409 3345 3464 divisio
3380 3412 3612 3480 videtur,
3635 3431 3706 3470 an

2120 3500 2266 3552 non?
2311 3499 2453 3553 Dtsc.
2488 3499 2655 3553 Recta
2702 3500 2918 3568 quidem
2954 3514 2969 3554 :
3011 3501 3104 3556 sed
3163 3501 3318 3554 velim
3373 3513 3608 3574 repetas,
3661 3517 3720 3562 ut

2119 3590 2520 3660 praedictarum
2551 3589 2849 3644 formarum
2872 3593 3138 3661 oppositio
3165 3593 3361 3648 clarius
3408 3595 3706 3653 elucescat.

2119 3682 2259 3737 ΜΑο.
2291 3679 2475 3747 Vides,
2511 3682 2564 3736 ni
2618 3681 2798 3747 fallor,
2833 3683 3022 3738 tertiae
3071 3684 3270 3754 speciei
3312 3685 3520 3755 primae
3543 3688 3712 3760 oppo-

2119 3774 2390 3829 sitioncm.
2421 3773 2601 3828 Prima
2631 3789 2863 3842 namque
2891 3784 3042 3829 creat
3083 3786 3138 3830 et
3183 3791 3289 3830 non
3329 3787 3574 3839 creatur:
3626 3781 3716 3836 cui

2118 3881 2149 3921 e
2177 3864 2451 3940 contrario
2478 3866 2766 3937 opponitur
2788 3865 2901 3930 illa,
2930 3882 3066 3937 quae
3096 3877 3312 3928 creatur
3339 3878 3517 3924 etnon
3543 3883 3710 3927 creat.

2120 3956 2366 4012 Secunda
2392 3971 2518 4011 vero
2541 3968 2796 4027 quartae;
2829 3956 3091 4027 siquidem
3137 3957 3370 4012 secunda
3400 3968 3454 4012 et
3496 3972 3716 4015 creatur

2121 4059 2176 4104 et
2228 4060 2380 4104 creat
2416 4047 2601 4112 ',_cui
2665 4049 3043 4104 universalitcr
3084 4058 3276 4118 quarta
3346 4050 3710 4116 contradicit,

2121 4157 2260 4213 quae
2289 4158 2389 4198 nec
2415 4151 2564 4198 creat
2591 4156 2766 4211 neque
2787 4150 3020 4196 creatur.
3049 4140 3195 4196 Dtsc.
3220 4141 3381 4196 Clare
3402 4141 3576 4196 video.
3602 4140 3712 4198 Sed

2122 4236 2347 4290 multum
2378 4248 2464 4290 me
2493 4243 2671 4288 movet
2697 4240 2887 4301 quarta
2918 4231 3144 4302 species,
3176 4247 3314 4302 quae
3362 4248 3393 4288 a
3425 4241 3475 4288 te
3528 4233 3710 4289 addita
3800 4303 3804 4309 _

2121 4338 2226 4385 est.
2260 4329 2396 4384 Nam
2423 4330 2491 4384 de
2519 4328 2640 4384 aliis
2669 4328 2841 4383 tribus
2861 4326 3007 4382 nullo
3031 4327 3191 4382 modo
3215 4327 3486 4383 haesit-tre
3509 4328 3707 4394 ausim,

2122 4438 2242 4478 cum
2274 4421 2470 4492 prima,
2497 4429 2555 4475 ut
2581 4419 2839 4485 arbitror,
2867 4420 2919 4474 itt
2946 4433 3109 4474 causa
3137 4419 3556 4489 omnium,quae
3583 4430 3715 4476 sunt

1804 4519 1898 4566 aut
1937 4511 2014 4567 si-
2047 4513 2088 4572 Β
2117 4523 2171 4569 et
2199 4527 2336 4583 quae
2365 4528 2469 4568 non
2496 4521 2641 4578 sunt,
2671 4511 3034 4582 intelligatur;
3059 4511 3294 4581 secunda
3325 4526 3453 4566 vero
3499 4513 3553 4566 in
3587 4512 3706 4581 pri-

2120 4600 2470 4657 mordialibus
2493 4600 2700 4668 causis;
2723 4601 2879 4656 tertia
2906 4601 2958 4654 in
2983 4600 3085 4663 bis,
3104 4615 3246 4671 quae
3277 4601 3330 4654 in
3361 4601 3712 4671 generatione

2118 4696 2554 4765 temporibusque
2584 4705 2639 4750 et
2663 4693 2795 4750 locis
2819 4703 3235 4764 cognoscuntur.
3259 4694 3439 4763 Atque
3470 4694 3591 4751 ideo
3641 4695 3710 4751 de

2114 4785 2340 4857 singulis
2386 4785 2646 4855 disputari
2677 4785 2926 4842 subtilius
2955 4786 3323 4841 necessarium
3351 4788 3394 4852 ',
3440 4797 3497 4840 ut
3527 4771 3707 4842 video.

2117 4877 2252 4933 MAG.
2288 4877 2452 4933 Recte
2479 4877 2754 4932 aestimas.
2788 4875 2893 4932 Sed
2917 4892 3025 4948 quo
3065 4876 3255 4932 ordine
3281 4877 3709 4933 ratiocinationis

2116 4971 2201 5024 via
2235 4971 2464 5025 tenenda
2489 4969 2583 5035 sit,
2607 4971 2708 5026 hoc
2729 4980 2832 5034 est,
2848 4971 2913 5025 de
2940 4985 3046 5039 qua
3069 4970 3249 5041 specie
3281 4977 3506 5026 naturae
3533 4971 3708 5041 primo

2117 5061 2533 5126 discutiendum,
2565 5069 2657 5114 tuo
2696 5059 2922 5114 arbitrio
2967 5060 3268 5114 committo.
3316 5059 3461 5118 Dtsc.
3509 5059 3705 5115 natum

2120 5152 2250 5206 milii
2296 5150 2528 5216 videtur,
2575 5157 2701 5204 ante
2749 5150 2884 5206 alias
2939 5150 3008 5204 de
3067 5151 3262 5220 prima,
3312 5151 3567 5222 quiequid
3613 5152 3706 5208 luit

2119 5243 2376 5298 tuentium
2411 5243 2600 5312 largita
2628 5239 2808 5308 fuerit,
2841 5241 3042 5298 dicere.
3284 5303 3294 5312 ,

2182 5335 2236 5390 2.
2278 5335 2416 5389 Msa.
2447 5335 2522 5390 lta
2548 5337 2657 5390 tiat.
2694 5333 2800 5390 Sed
2819 5337 2969 5405 prius
2995 5336 3059 5390 de
3087 5351 3294 5391 summa
3323 5353 3385 5390 ac
3413 5336 3701 5406 principali

1721 5498 1975 5554 VAIUAE
2012 5495 2411 5554 LECTiONES.

507 5619 521 5651 '
560 5616 649 5674 Sic
676 5617 752 5680 A;
783 5616 824 5673 C
872 5620 1050 5689 incutit
1090 5620 1290 5698 primus
1319 5613 1447 5698 ’περᾷ
1492 5623 1721 5698 φρσεῳνῌς
1758 5619 1804 5674 D
1855 5617 2065 5673 titulum
2113 5617 2333 5698 omittit.
2434 5619 2454 5649 ⁸
2495 5618 2536 5670 Α
2593 5628 2845 5698 pora-tur,
2896 5619 2938 5669 D
2979 5616 3244 5698 vocitatur.
3288 5688 3292 5694 η
3345 5615 3364 5644 ⁸
3416 5613 3559 5698 μσς.
3623 5625 3700 5668 est

428 5689 592 5758 igitur
622 5682 1060 5744 natura—carere
1081 5682 1186 5742 om.
1216 5691 1280 5745 A.
1357 5682 1458 5746 "A
1497 5682 1560 5747 ii.
1642 5692 1661 5723 ⁸
1690 5693 1744 5745 in
1791 5706 1905 5745 eam
1958 5703 2066 5744 om.
2097 5695 2163 5745 Α.
2242 5688 2261 5719 ⁶
2293 5703 2407 5741 vero
2442 5704 2551 5744 om.
2579 5689 2644 5741 Δ.
2719 5688 2738 5718 ⁷
2768 5699 2839 5743 est
2870 5702 2976 5743 om.
3010 5686 3070 5741 Ι).
3145 5682 3170 5718 ⁸
3202 5685 3244 5737 Α
3288 5688 3427 5738 ‘creat
3458 5682 3527 5742 εί
3556 5700 3698 5738 crea-

431 5770 540 5814 tur.
616 5758 639 5791 ⁹
671 5761 716 5814 Δ
746 5761 1094 5815 necessarium
1118 5775 1211 5814 est.
