4236 6072
427 249 530 305 “3

1286 244 1378 302 DE
1431 243 1780 302 DIVISIONE
1816 215 2176 301 NATIURAE.
2213 274 2266 286 --
2313 241 2520 300 LIBER
2564 243 2845 304 PRIMUS.

3596 251 3719 308 με

439 373 635 429 tinibus
657 376 992 440 continetur,
1028 387 1211 440 nemte
1266 372 1323 427 in
1357 371 1592 428 formata
1631 374 1884 432 materia,
1924 369 2009 425 vel
2037 371 2088 432 Α
2115 370 2158 425 si
2182 341 2313 440 quid
2345 378 2564 438 praeter
2593 369 2693 427 hos
2725 373 2918 427 modos
2939 372 3251 442 indagatior
3280 375 3422 431 ratio
3450 360 3702 453 invenire

424 467 546 522 loco
569 468 649 522 vel
686 477 951 536 tempore,
979 467 1292 538 ceterisque
1350 459 1730 524 accidentibus
1754 473 2006 536 apparet,

425 562 614 618 eadem
682 561 959 630 praedicta
1003 560 1405 618 consuetudine
1441 555 1662 616 dicitur
1701 573 2004 615 non-esse.

365 648 374 655 ”
428 641 757 727 Huiusmodi
788 657 1035 726 exempla
1065 654 1175 711 late
1208 664 1415 725 patent,
1438 661 1496 709 et
1554 654 1794 709 maxime
1817 652 1870 707 in
1905 651 2009 706 hu-

429 766 592 805 mana
618 756 837 802 natura.
881 747 1019 804 Cum
1050 748 1199 804 enim
1232 748 1376 806 Deus
1404 761 1596 802 omnes
1643 745 1896 801 homines
1927 731 2008 799 'ln

433 844 527 899 illo
547 844 722 912 primo
739 851 902 912 atque
923 855 1053 908 uno,
1086 855 1248 910 quem
1275 840 1343 892 ad
1367 837 1660 906 imaginem
1677 851 1833 892 suam
1857 833 2007 902 fecit,

427 919 590 994 simul
621 935 990 1001 constituerit,
1021 933 1115 990 sed
1140 949 1250 989 non
1278 931 1445 988 simul
1475 932 1532 987 in
1561 929 1712 986 hunc
1745 927 2009 984 mundum

395 1078 397 1080 .
431 1031 710 1089 visibilem
738 1028 997 1102 produxit
1030 1030 1073 1090 '.
1096 1026 1264 1084 certis
1292 1039 1426 1080 vero
1474 1023 1821 1094 temporibus
1850 1021 2014 1078 locis-
2067 1021 2070 1026 ’

429 1138 540 1194 que
567 1134 840 1187 naturam,
865 1136 1026 1191 quam
1059 1120 1220 1176 simul
1255 1116 1603 1184 condiderat,
1639 1118 1899 1190 quadam,
1955 1127 2015 1171 ut

433 1215 554 1286 ipse
583 1213 758 1277 novit,
793 1212 940 1269 serie
975 1211 1044 1268 ad
1067 1210 1341 1266 visibilem
1371 1209 1671 1265 essentiam
1708 1206 1948 1264 adducit
1969 1210 2013 1274 ³,

434 1309 514 1375 hi,
549 1307 643 1377 qui
667 1306 781 1378 iam
810 1306 865 1361 in
890 1303 1096 1360 mundo
1126 1303 1417 1361 visibiliter
1438 1309 1727 1372 apparent,
1762 1311 1819 1358 et
1845 1318 2016 1374 appa-

436 1410 688 1470 ruerunt,
706 1402 971 1458 dicuntur
993 1411 1148 1464 esse;
1173 1397 1270 1469 qui
1290 1411 1425 1452 vero
1441 1395 1619 1451 adhuc
1633 1395 1824 1460 latent,
1846 1393 2018 1469 futuri

438 1509 619 1554 tamen
645 1503 795 1560 sunt.
812 1493 1074 1549 dicuntur
1100 1506 1208 1545 non
1231 1489 1532 1565 esseJmer
1571 1488 1812 1558 primum
1833 1497 1887 1543 et
1909 1496 2022 1543 ter-

437 1591 576 1646 tium
606 1588 630 1622 ⁸
661 1587 768 1643 hoc
807 1582 1250 1641 distat.l’rimus
1275 1581 1608 1652 generaliter
1649 1580 1706 1634 in
1735 1579 2020 1645 omnibus,

347 1713 353 1717 -
438 1700 578 1758 quae
610 1684 633 1716 '
660 1681 823 1738 simul
849 1689 908 1736 et
936 1678 1105 1737 semel
1134 1678 1189 1733 in
1243 1682 1428 1733 causis
1463 1687 1519 1730 et
1558 1674 1847 1731 effectibus
1880 1673 2018 1730 facta

439 1786 589 1835 sunt.
622 1775 842 1834 Tertius
876 1771 1245 1844 ‘Specialiter
1297 1771 1352 1826 in
1419 1771 1504 1826 his
1563 1783 1706 1840 quae
1767 1770 1967 1840 partim

401 1853 404 1856 ’
440 1872 628 1928 adhuc
663 1870 718 1924 in
744 1861 927 1926 causis
949 1870 1069 1922 suis
1087 1867 1285 1927 latent.
1305 1863 1500 1935 partim
1528 1862 1584 1918 in
1609 1861 1900 1918 effectibus
1924 1876 2018 1931 pa-

445 1969 582 2026 tent,
617 1960 820 2032 quibus
859 1959 1079 2028 proprie
1133 1955 1376 2012 mundus
1411 1953 1515 2010 iste
1576 1953 1909 2009 contexitur.
1940 1953 2018 2007 Ad

446 2048 595 2111 hunc
625 2053 845 2108 modum
870 2047 1108 2124 pertinet
1147 2049 1290 2103 ratio
1320 2047 1434 2107 illa.
1475 2059 1618 2114 quae
1647 2047 1910 2106 virtutem
1935 2059 2026 2102 se-

389 2150 392 2152 ’
446 2147 653 2204 minuni
696 2143 1039 2210 consident,
1096 2142 1213 2199 sive
1261 2140 1317 2195 in
1367 2137 1725 2208 animalibus,
1770 2139 1886 2196 sive
1920 2139 2026 2195 in‘

444 2239 759 2302 arboribus,
776 2238 890 2294 sive
907 2234 946 2292 it
993 2231 1208 2292 herbis.
1240 2231 1462 2288 Virtus’
1484 2232 1634 2288 enim
1661 2247 1940 2289 seminum
1958 2247 2028 2288 eo

451 2333 718 2403 tempore,
735 2345 846 2401 quo
868 2327 926 2384 in
948 2325 1178 2384 secretis
1199 2333 1431 2380 naturae
1455 2322 1601 2381 silet.
1623 2322 1750 2386 quia
1781 2329 2025 2379 nondum

447 2434 695 2500 apparet,
722 2423 926 2480 dicitur
951 2435 1064 2476 non
1091 2434 1212 2474 esse
1236 2438 1252 2480 ;
1275 2417 1407 2473 dum
1429 2432 1556 2500 vero
1579 2418 1634 2473 in
1666 2424 1993 2500 nascentihu

443 2499 922 2582 crescentibusque
944 2505 1290 2584 animalibus,
1331 2517 1428 2560 seu
1454 2500 1679 2559 ﬂoribus
1703 2499 2034 2555 fructibusve

445 2597 721 2677 lignorum
738 2609 796 2656 et
822 2599 1110 2656 herbarum
1139 2595 1469 2670 apparuerit,
1500 2591 1699 2648 dicitur
1725 2602 1867 2646 esse.

513 2691 567 2748 6.
609 2689 846 2761 Quartus
871 2685 1072 2743 modus.
1094 2694 1199 2751 est,
1224 2683 1313 2756 qui
1346 2681 1654 2739 secundum
1685 2677 2034 2753 philosophos

319 2819 324 2822 -
375 2838 380 2843 .
443 2797 550 2838 non
577 2776 1010 2849 improbabiliter
1034 2789 1098 2830 ea
1141 2769 1499 2838 enimmodo,
1541 2785 1682 2841 quae
1721 2769 1837 2825 solo
1884 2783 2040 2833 cum:

376 2882 382 2890 '
446 2870 850 2942 prehenduntur
891 2863 1188 2930 intellectu,
1238 2861 1370 2919 dicit
1419 2861 1465 2895 '°
1511 2873 1637 2917 vere
1684 2876 1839 2929 esse;
1893 2875 2033 2932 quae

445 2978 572 3022 vero
598 2979 696 3037 per
721 2960 1154 3036 generationem,
1196 2956 1460 3012 materiae
1501 2954 1918 3011 distentionibus
1964 2953 2027 3020 “,

443 3072 540 3115 seu
563 3051 1011 3120 detractionibus,
1040 3049 1282 3105 locorum
1328 3060 1542 3118 quoque
1587 3046 1777 3118 spatiis
1821 3056 2029 3117 tempo-

1985 1738 2096 1798 ~13

2112 472 2317 534 potest.
2345 462 2453 519 Sed
2501 465 2961 532 praesentialiter,
2993 476 3052 520 ut
3103 466 3369 534 arbitror,
3403 470 3472 525 de
3530 470 3616 526 bis
3654 472 3703 505 ¹⁰

2110 555 2246 612 satis
2264 556 2475 620 dictum
2499 567 2607 620 est,
2631 558 2676 613 si
2701 559 2799 614 tibi
2820 557 2981 616 aliter
3003 577 3110 638 non
3128 561 3369 618 videtur.
3394 564 3538 621 iitsc.
3559 565 3736 620 Satis'

2111 647 2296 719 plane,
2314 650 2371 704 ni
2391 647 2437 680 ²¹
2453 664 2541 704 me
2561 651 2842 722 pauliSper
2857 653 3206 722 perturbaret
3220 654 3288 720 ",
3304 658 3449 725 quod
3464 673 3494 712 a
3512 669 3708 714 sancto

2111 741 2416 813 Augustino
2436 742 2491 796 in
2516 740 2786 800 Exemero
2809 747 2877 776 "‘
2899 762 3002 802 suo
3020 748 3231 803 dictum
3252 749 3338 804 vid
3350 764 3473 806 etur
3492 751 3538 784 ⁸³
3561 772 3574 816 -,
3601 754 3705 809 huc

2111 846 2196 890 est
2218 852 2232 889 :
2261 833 2557 906 angelicam
2577 845 2704 912 natu
2714 855 2826 891 ram
2846 848 2972 895 ante
2990 857 3196 899 euntem
3218 853 3522 898 creaturam
3543 845 3711 916 digni-

2115 937 2241 992 tate,
2261 943 2366 984 non
2390 939 2620 998 tempore
2649 931 2912 1011 conditum
2947 935 3142 1002 fuisse;
3175 950 3238 991 ac
3258 952 3354 1008 per
3372 938 3474 992 hoc
3490 951 3546 994 et
3567 939 3709 1010 alio-

2116 1038 2236 1077 rum
2251 1023 2498 1080 omnium
2515 1013 2730 1096 praeter
2745 1031 2946 1084 suimet
2967 1031 3354 1100 primordialcs
3369 1046 3584 1098 causas,
3608 1033 3712 1092 huc

2113 1124 2218 1178 est,
2249 1114 2570 1185 principalia
2587 1117 2860 1187 exempla,
2882 1118 3231 1190 quaeCraeci
3258 1124 3591 1192 πρώτοτυππι
3615 1140 3711 1178 no-

2117 1209 2351 1272 rninant,
2377 1224 2532 1279 prius
2553 1208 2608 1265 in
2628 1209 2737 1268 Deo
2758 1213 3166 1280 considerasse,
3197 1215 3397 1270 deinde
3422 1216 3476 1271 in
3501 1218 3706 1282 seinse,

2118 1301 2474 1372 deindeipsas
2495 1317 2785 1362 creaturas
2805 1307 2856 1361 in
2882 1305 3170 1364 cil‘eetibus
3195 1308 3333 1364 suis.
3352 1305 3485 1364 Nam
3506 1312 3713 1380 suimet

2119 1406 2360 1458 causam,
2388 1395 2704 1468 priusquam
2730 1398 2785 1455 in
2813 1401 3052 1467 Speciem
3073 1399 3352 1471 propriam
3365 1403 3710 1473 procederet,

2121 1502 2450 1562 cognoscere
2468 1506 2576 1544 non
2601 1491 2790 1546 valuit.
2811 1491 2950 1547 alio.
2971 1491 3082 1548 Nec
3098 1494 3228 1555 illud
3249 1503 3532 1552 tornavere
3552 1511 3717 1565 opor-

2124 1591 2220 1637 tet.
2247 1580 2356 1638 Sed
2383 1582 2652 1639 intentius
2682 1601 2746 1640 ea
2787 1585 2856 1651 ",
2886 1601 3028 1656 quae
3057 1585 3206 1643 dicta
3229 1596 3380 1650 sunt.
3404 1588 3712 1646 considera.

2126 1674 2180 1730 Si
2207 1675 2356 1731 enim
2407 1678 2633 1747 angelos
2663 1677 2998 1748 principales
3029 1696 3213 1737 rerum
3271 1695 3467 1738 causas
3517 1682 3575 1736 in
3598 1681 3714 1738 Deo
3747 1730 3751 1734 .
3793 1693 3795 1698 '

2127 1769 2455 1824 constitutas
2475 1756 2799 1842 cognovisse
2822 1771 3150 1837 dixerimus,
3172 1773 3435 1843 Apostolo
3462 1772 3717 1830 resistere

2131 1859 2461 1923 videbimur.
2479 1861 2573 1932 (ιιι)
2591 1879 2750 1934 super
2768 1865 3085 1934 onme,quod
3102 1861 3299 1920 dicitur
3315 1875 3363 1919 et
3385 1864 3717 1936 intelligitur,

2129 1948 2309 2026 ipsum
2343 1953 2510 2008 Deum
2534 1964 2590 2010 et
2612 1971 2803 2011 causas
2830 1960 3074 2011 euntium
3101 1956 3154 2010 in
3177 1974 3267 2018 eo.
3290 1958 3403 2013 sive
3427 1958 3577 2014 aliud
3601 1958 3718 2034 sive

2132 2063 2243 2100 non
2266 2048 2413 2101 aliud
2444 2035 2558 2103 sint
2589 2049 2640 2080 "
2663 2061 2879 2118 praeter
2913 2049 2992 2112 id,
3019 2049 3166 2119 quod
3202 2053 3318 2121 ipse
3346 2061 3452 2115 est.
3481 2049 3723 2107 aillrmat

2135 2155 2276 2198 esse.
2309 2142 2386 2195 Ac
2409 2155 2505 2211 per
2535 2143 2634 2196 hoc
2665 2143 3036 2198 necessarium
3073 2154 3185 2208 cst,
3216 2153 3425 2201 rectam
3452 2143 3721 2201 mediam-

2138 2250 2246 2304 que
2265 2249 2406 2298 riunt)
2430 2246 2640 2297 tenere,
2667 2250 2738 2288 ne
2759 2237 2840 2290 vel
2862 2237 2896 2291 Α
2909 2239 3119 2308 postulo
3139 2237 3424 2294 videantur
3442 2237 3721 2302 resistere,

2140 2325 2234 2382 vel
2247 2339 2573 2382 sententiam
2590 2343 2836 2386 summat:
2849 2341 2914 2384 ac
2929 2340 3153 2385 sanctae
3175 2331 3520 2389 auctoritatis
3547 2335 3724 2405 magi-

2139 2420 2240 2476 stri
2258 2435 2368 2475 non
2386 2419 3156 2500 ohtmerelltrumqueigitur
3174 2441 3362 2481 verum
3382 2425 3588 2483 dixisse
3616 2441 3723 2500 non

2132 2499 2506 2562 dubitandum,
2539 2511 2649 2553 uno
2684 2499 2914 2553 ﬁrmiter
2945 2499 3253 2555 tenendum.
3302 2500 3533 2556 Causam
3566 2499 3730 2573 igitur

2059 2616 2066 2622 -
2131 2584 2373 2642 omnium
2414 2600 2596 2642 rerum
2624 2587 2692 2655 ",
2718 2604 2859 2659 quae
2883 2605 3099 2646 onlnem
3140 2590 3473 2646 intellectum
3523 2607 3725 2664 (τηερε-

2133 2687 2235 2742 rat,
2267 2677 2396 2732 nulli
2435 2681 2653 2732 creatae
2699 2689 2926 2737 naturae
2965 2682 3264 2754 secundum
3310 2681 3628 2754 Apostolum
3679 2683 3722 2714 ¹⁷

2132 2769 2402 2838 unguium
2431 2768 2568 2833 ﬂeri,
2596 2767 2735 2824 ratio
2763 2771 2912 2824 sinit.
2955 2770 3088 2837 Quia
3117 2771 3278 2836 enim.
3323 2773 3518 2841 inquit,
3569 2775 3725 2830 intel-

2131 2858 2321 2914 lectum
2345 2857 2557 2914 Domini
2581 2860 2816 2931 cognovit
2839 2863 2866 2914 ?
2889 2870 2944 2916 et
2972 2861 3098 2917 alibi
3131 2879 3144 2916 :
3180 2862 3298 2918 Pax
3333 2861 3547 2924 Chmtt‘.
3591 2883 3728 2937 quur

2130 2957 2377 3018 exttperat
2406 2963 2610 3004 omnem
2633 2949 2975 3006 intellectum.
3006 2952 3077 3007 At
3103 2954 3145 3008 si
3175 2971 3337 3009 causa
3381 2959 3623 3010 Uiiitiluitt
3659 2960 3725 3012 ab

2133 3039 2558 3111 omnibus,quac
2573 3041 2642 3096 ab
2663 3056 2729 3110 ea
2741 3052 2924 3097 creata
2940 3044 3145 3103 sunt".
3168 3057 3372 3100 remota
3396 3061 3498 3109 est.
3525 3051 3730 3123 absque

444 3137 674 3220 rumque
706 3145 944 3227 motibus
988 3136 1285 3204 variantur,
1335 3136 1677 3208 colliguntur,
1730 3135 2029 3200 solvuntur,
2062 3138 2106 3197 C
2139 3132 2246 3187 ulla
2269 3131 2604 3188 dubitatione
2628 3134 2862 3190 rationes
2883 3151 3124 3191 Oﬂltitiltti
3155 3154 3361 3207 rerum,
3385 3155 3523 3213 quae
3552 3153 3714 3200 aeter.

444 3255 570 3298 vere
593 3238 846 3296 dicuntur
863 3248 970 3290 non
995 3246 1135 3295 esse,
1167 3241 1226 3285 ut
1255 3237 1381 3286 sunt
1409 3227 1589 3282 omnia
1616 3241 1867 3298 corpora,
1893 3240 2034 3297 quae

441 3331 594 3389 nasci
619 3339 677 3386 et
693 3323 969 3395 corrumpi
996 3329 1244 3394 possunt.

519 3416 574 3478 7.
633 3420 868 3490 Quintus
890 3414 1083 3473 modus
1106 3423 1187 3470 est
1226 3412 1292 3482 ⁸³,
1333 3403 1496 3484 quem
1535 3411 1590 3466 in
1634 3409 1747 3467 sola
1776 3396 2031 3465 'humana

447 3523 642 3573 natura
683 3516 827 3570 ratio
852 3511 1109 3566 intuetur.
1136 3505 1294 3573 Quae
1338 3519 1464 3561 cum
1519 3503 1732 3560 divinae
1784 3493 2034 3574 imaginis

444 3606 782 3680 dignitatem,
811 3605 870 3659 in
906 3615 1012 3672 qua
1037 3597 1254 3673 preprie
1279 3595 1520 3653 substitit
1554 3593 1618 3656 ⁸³,
1641 3594 1915 3666 peccando
1942 3593 2034 3650 de.

443 3697 632 3765 seruit,
667 3697 860 3752 merito
898 3707 1020 3750 esse
1049 3704 1209 3748 suum
1255 3687 1509 3764 perdidit,
1559 3695 1606 3744 et
1665 3687 1787 3744 ideo
1833 3685 2035 3742 dicitur

445 3807 550 3849 non
577 3804 720 3846 esse.
750 3786 887 3842 Dum
920 3799 1045 3840 vero
1072 3781 1332 3856 unigeniti
1361 3779 1453 3853 Dei
1484 3778 1580 3836 lilii
1611 3779 1786 3850 gratia
1823 3792 2032 3834 reatau-

415 3895 560 3939 ‘rata
586 3885 656 3937 ad
674 3881 962 3952 pristinum
1005 3891 1137 3933 suae
1163 3872 1564 3931 substantiae“
1588 3883 1814 3938 statum,
1844 3872 1901 3928 in
1926 3885 2032 3943 qua

445 3977 739 4033 secundum
767 3971 1058 4041 imaginem
1089 3967 1182 4022 Dei
1207 3967 1426 4022 condita
1455 3973 1561 4031 est,
1607 3964 1902 4030 reducitur,
1953 3963 2036 4020 ln-

444 4069 577 4140 cipit
600 4079 740 4128 esse,
771 4073 827 4118 et
855 4063 902 4094 ⁸⁵
930 4063 984 4116 in
1009 4075 1092 4124 eo,
1112 4057 1220 4129 qui
1247 4056 1544 4113 secundum
1599 4055 1890 4126 imaginem
1939 4053 2034 4111 Del

442 4153 692 4218 conditus
720 4162 822 4220 est,
849 4152 1066 4208 inchoat
1097 4151 1296 4204 vivere.
1347 4145 1426 4203 Ad
1466 4147 1856 4203 buncmouum
1887 4146 2033 4203 vide-

445 4265 533 4308 tur
555 4250 601 4286 ⁸⁸
625 4248 918 4321 pertinere,
947 4244 1090 4313 quod
1135 4240 1424 4314 Apostolus
1468 4240 1599 4296 dicit
1631 4259 1641 4292 :
1674 4234 1760 4296 Et
1787 4249 1955 4296 rarae
1973 4253 2035 4295 eo

442 4358 577 4414 quae
597 4355 702 4396 non
728 4347 871 4400 sunt,
914 4345 1166 4406 tanquam
1191 4349 1250 4386 ea
1275 4347 1409 4402 quae
1437 4341 1558 4385 sunt
1574 4348 1592 4396 ;
1646 4331 1748 4386 boc
1792 4339 1892 4392 est,
1943 4331 2036 4399 qui

444 4436 499 4492 in
530 4433 706 4506 primo
747 4429 967 4485 homine
1003 4424 1202 4498 perditi
1247 4431 1394 4486 sunt,
1429 4427 1484 4476 et
1524 4423 1592 4477 ad
1635 4424 1908 4490 quandam
1957 4421 2038 4474 in-

2135 3223 2332 3280 ualiter
2366 3232 2424 3280 et
2454 3223 2966 3282 incommutaltilitcr
2997 3229 3050 3282 in
3079 3245 3141 3284 ea
3169 3241 3314 3295 sunt,
3359 3233 3424 3287 ab
3452 3237 3726 3298 omnibus,

2130 3306 2363 3384 quorum
2411 3313 2654 3370 rationes
2696 3324 2862 3379 sunt,
2917 3320 3131 3386 penitus
3183 3334 3425 3375 remotae
3470 3333 3614 3376 sunt.
3667 3339 3726 3378 tit

2133 3406 2393 3480 angelicis
2414 3421 2544 3462 vero
2570 3406 2931 3464 intellectibus
2956 3425 3145 3465 carum
3171 3414 3442 3468 rationum
3470 3416 3730 3486 theopha-

2134 3499 2252 3553 nias
2271 3497 2539 3570 quasdam
2571 3509 2714 3564 esse,
2751 3499 2856 3553 hoc
2883 3509 2986 3564 est,
3024 3502 3544 3573 comprehensibiles
3571 3507 3728 3564 intol-

2133 3586 2347 3645 lectuaii
2389 3589 2437 3624 ’θ
2483 3599 2713 3645 naturae
2761 3590 3024 3664 quasdam
3079 3595 3288 3652 divinas
3340 3610 3724 3672 appar-dones;

2134 3675 2242 3739 non
2263 3692 2446 3740 autem
2464 3682 2612 3755 ipsas
2634 3691 2893 3752 rationes,
2919 3689 2970 3742 id
3004 3697 3086 3744 est
3115 3690 3434 3761 principalia
3458 3698 3726 3766 excntpla,

2133 3776 2380 3850 quisquis
2399 3781 2617 3844 dixerit,
2639 3795 2770 3847 non,
2795 3797 2854 3836 ut
2875 3793 3134 3849 arbitror,
3173 3800 3203 3838 a
3241 3786 3472 3840 veritate
3499 3804 3618 3842 erra
3629 3789 3724 3851 bit.

2136 3872 2284 3940 Quas
2309 3872 2664 3943 theophanlas
2689 3871 2746 3929 in
2768 3872 3011 3948 angelica
3038 3885 3288 3931 creatura
3336 3893 3586 3936 sanctum
3617 3880 3729 3936 An-

2135 3962 2409 4035 gusiinum
2434 3973 2564 4021 ante
2587 3964 2832 4021 omnium
2862 3973 3266 4042 generationem
3299 3968 3622 4032 inferiorum
3664 3989 3727 4027 se

2138 4058 2279 4111 visas
2322 4070 2431 4112 non
2485 4053 2780 4128 incongrue
2823 4054 3025 4114 dixisse
3076 4061 3368 4112 credimus.
3428 4059 3544 4116 Non
3596 4077 3728 4136 ergo

2137 4167 2236 4206 nos
2264 4156 2495 4212 moveat.
2521 4149 2667 4219 quod
2693 4147 2743 4182 ³ο
2763 4149 3020 4214 diximus,
3051 4149 3178 4218 quia
3205 4152 3381 4222 angeli
3413 4166 3463 4206 et
3489 4155 3728 4224 primum

2137 4241 2192 4295 in
2223 4240 2359 4304 Deo.
2383 4239 2578 4296 deinde
2607 4240 2662 4295 in
2685 4241 2883 4307 seipsis
2907 4242 3186 4298 interioris
3207 4253 3491 4300 creaturae
3535 4260 3747 4317 causas

2141 4335 2340 4386 vident.
2382 4329 2502 4386 Non
2532 4329 2678 4386 enim
2711 4338 2952 4387 essentia
2993 4332 3176 4388 divma
3209 4333 3352 4389 Deus
3392 4336 3731 4391 sniunmmilo

2137 4419 2361 4491 dicitur,
2382 4427 2482 4484 sed
2513 4426 2678 4482 etiam
2704 4425 2749 4458 "
2775 4432 2966 4482 modus
2995 4429 3086 4485 ille
3116 4431 3186 4495 ",
3216 4447 3324 4502 quo
3359 4447 3417 4486 se
3465 4435 3700 4496 uttodam

442 4502 848 4581 subsistentiatn
875 4516 1220 4581 ceciderunt,
1253 4513 1394 4568 Deus
1423 4511 1586 4567 Pater
1628 4527 1729 4583 per
1765 4511 1927 4567 tidem
1975 4511 2032 4568 in
2067 4502 2113 4560 ι)
2141 4520 2300 4572 ηιυάο
2339 4515 2688 4575 intellectuali
2724 4531 2780 4573 et
2807 4519 3056 4576 rationali
3098 4531 3400 4578 creaturae.
3451 4534 3610 4593 prout
3645 4537 3736 4580 est-

441 4615 639 4672 Filium
661 4624 820 4669 suum
846 4616 1025 4671 vocat,
1055 4615 1115 4661 ut
1135 4604 1278 4668 sint,
1307 4603 1447 4659 sicut
1476 4603 1530 4658 hi
1571 4603 1642 4668 ⁸⁷,
1682 4605 1779 4676 qui
1816 4603 1930 4676 jam
1975 4603 2031 4659 in

440 4709 659 4766 Christo
691 4704 863 4761 renati
897 4707 1044 4758 sunt.
1087 4697 1404 4768 Quanquam
1430 4706 1487 4751 et
1512 4696 1556 4729 "
1583 4699 1679 4755 hoc
1707 4698 1784 4753 ita
1809 4697 2034 4772 intelligi

442 4797 614 4875 possit
655 4806 712 4853 et
754 4795 822 4851 de
868 4793 976 4860 his,
1024 4805 1160 4862 quos
1202 4789 1442 4860 quotidie
1472 4787 1516 4822 ι’
1541 4787 1689 4845 Deus-
1707 4803 1777 4845 ea
1805 4791 2038 4847 secretis

442 4903 668 4948 naturae
706 4889 938 4952 sinibus,
985 4885 1041 4939 in
1087 4884 1284 4954 quibus
1330 4881 1691 4938 aestimantur
1740 4896 1848 4938 non
1888 4895 2030 4947 esse,

444 4995 624 5052 vocat,
657 4995 714 5042 ut
738 4989 1040 5053 appareant
1065 4978 1350 5034 visibiliter
1372 4978 1426 5032 in
1459 4976 1655 5043 forma,
1680 4987 1737 5032 et
1776 4980 2028 5044 materia,

444 5081 766 5149 ceterisque.
819 5077 872 5132 in
896 5075 1095 5146 quibus
1127 5072 1344 5130 occulta
1383 5085 1646 5143 apparere
1686 5082 1933 5144 possunt,
1976 5083 2034 5129 et

2139 4618 2410 4679 capacua's
2453 4608 2891 4678 uniuscujusque.
2919 4609 3177 4672 ostendit.
3208 4609 3350 4678 Deus
3381 4628 3544 4683 saepe
3566 4632 3596 4668 ει
3643 4629 3750 4675 sas

2138 4717 2228 4756 cra
2256 4701 2536 4773 Scriptura
2564 4703 2850 4757 vocitatur.
2884 4701 2986 4771 Qui
3018 4706 3208 4760 modus
3254 4719 3284 4757 a
3327 4703 3550 4761 Graecis
3576 4713 3730 4761 then--

2139 4791 2358 4860 pbania,
2393 4789 2497 4848 hoc
2521 4801 2626 4852 est,
2663 4791 2756 4846 Dei
2785 4793 3052 4861 apparitio
3079 4791 3215 4849 solet
3252 4795 3528 4865 appellari.
3565 4797 3734 4866 Cujus

2137 4887 2443 4956 exemplum
2467 4903 2487 4956 ,ε
2534 4882 2652 4939 Vidi
2676 4887 2956 4940 Dominum
2996 4887 3278 4950 sedentem,
3328 4897 3383 4943 ct
3423 4899 3602 4943 cetera
3633 4892 3732 4946 hu.-

2133 4973 2408 5047 jusmodl',
2437 4991 2561 5031 cum
2584 4991 2692 5032 non
2727 4975 2897 5044 ipsius
2933 4977 3248 5044 essentiam,
3298 4977 3391 5035 sed
3432 4979 3632 5050 aliquid
3665 4982 3733 5034 ab

2139 5083 2206 5124 eo
2236 5067 2437 5123 factum
2479 5069 2695 5123 vident.
2746 5067 2860 5122 Non
2911 5077 2998 5122 est
3039 5083 3167 5139 ergo
3219 5070 3436 5134 mirum,
3495 5073 3542 5125 si
3591 5073 3730 5124 trina

1725 5180 1984 5239 VARIAE
2021 5180 2429 5240 LECTIONBS.

519 5306 536 5338 ¹
561 5309 601 5359 Α
627 5319 740 5357 nec.
837 5299 956 5354 “Sic
1000 5295 1168 5359 CDE,
1221 5295 1262 5349 Α

451 5517 494 5550 ’⁸
514 5515 559 5572 Β
585 5533 667 5570 ex.

449 5658 562 5717 ",A‘
583 5671 755 5710 rerum
796 5653 1049 5721 omnium.
1093 5651 1167 5721 7"
1203 5651 1777 5721 rerum—Apostolum
1816 5650 1936 5708 'om.
1985 5650 2049 5705 υ.

448 5744 600 5798 quae.
678 5726 792 5779 “A
819 5733 888 5776 ct.
966 5720 1010 5757 ³³
1040 5720 1128 5774 ille
1164 5735 1273 5787 om.
1329 5722 1394 5774 Δ.
1519 5720 1524 5721 “
1897 5737 1902 5742 -

1327 5295 1655 5366 producent.
1729 5296 1752 5330 ³
1794 5295 1888 5354 Sic
1931 5275 2101 5358 (ΖΒΕ.
2130 5300 2171 5351 Δ
2201 5298 2444 5366 adduxit.
2522 5299 2545 5330 ⁵
2572 5296 2614 5352 Α
2674 5297 2894 5361 tertium
2923 5297 3152 5350 modum.
3232 5296 3254 5328 ⁸
3284 5296 3324 5351 C
3379 5300 3488 5366 qui.
3568 5298 3587 5328 ⁸
3641 5264 3762 5354 Sic

447 5377 613 5444 ADE;
643 5373 726 5428 BC
754 5371 1040 5444 secundus.
1107 5367 1137 5444 _'
1251 5378 1482 5444 partem.
1549 5366 1573 5402 ³
1706 5383 1826 5444 Δοιη,
1850 5367 1916 5444 με,
1995 5368 2014 5399 a
2059 5372 2100 5423 υ
2126 5371 2348 5426 “nam.

449 5439 650 5502 modus.
726 5442 770 5476 ⁸³
798 5441 885 5497 οε
905 5439 1160 5503 aubatetit,
1192 5439 1234 5490 υ
1271 5439 1528 5494 subsistit.
1605 5439 1646 5470 ⁸⁸
1690 5441 1733 5492 Α
1774 5441 2095 5501 substantiae
2117 5457 2263 5493 suae.

2429 5370 2473 5400 ‘°
2499 5369 2543 5423 υ
2577 5369 2789 5423 dicitur.
2871 5369 2911 5399 “
2940 5368 2982 5420 Α
3008 5368 3427 5422 distensionibus.
3507 5369 3550 5399 ²²
3580 5370 3622 5425 Α
3653 5387 3726 5423 est

2346 5440 2624 5494 "Arum.
2701 5439 2746 5470 ¹⁶
2776 5439 2976 5491 ridetur
3029 5455 3136 5493 om.
3187 5441 3247 5491 Ι).
3329 5438 3368 5470 ⁸⁷
3408 5439 3462 5494 hi
3505 5455 3615 5493 om.
3660 5445 3702 5493 Α

715 5547 718 5552 -
746 5513 790 5544 ι’
820 5511 952 5566 CDE
975 5509 1181 5578 cotidie,
1208 5509 1286 5561 sic
1311 5506 1525 5578 ubique.
1604 5510 1648 5542 ³ο
1671 5511 1715 5563 Α
1739 5511 1802 5564 de
1828 5513 1910 5562 Itis
1927 5550 1943 5574 ,
1969 5521 2023 5563 ut

2128 5511 2309 5568 bitror.
2387 5511 2431 5541 ²¹
2458 5513 2506 5564 Α
2532 5510 2651 5565 nisi.
2730 5511 2776 5542 ²²
2799 5515 2843 5563 Α
2865 5510 3116 5562 turbaret.
3195 5509 3259 5540 ³¹⁸
3290 5507 3469 5563 ϐαι-ν..
3502 5504 3736 5564 ΑίὶυΕῐΤ

451 5585 734 5646 Excutere.
759 5583 840 5637 sic
867 5582 1064 5648 ubique
1094 5576 1540 5652 Ιςέωιηεωηζευῗ
1572 5595 1958 5652 nonnunquam
1988 5580 2350 5652 dirarum-on
2423 5582 2470 5612 ³³
2513 5587 2552 5634 Λ
2596 5583 2791 5634 dictum
2816 5592 2888 5632 rs:

2966 5579 3008 5606 “
3046 5595 3106 5632 Pa
3133 5594 3241 5632 om.
3275 5581 3338 5631 Α.
3418 5581 3463 5610 ’⁸
3504 5582 3592 5633 Sic
3617 5579 3728 5639 CD.

2126 5653 2170 5685 ³⁸
2208 5655 2255 5703 Α
2297 5663 2472 5705 creata
2517 5662 2637 5706 sunt
2695 5658 2758 5704 at:
2809 5667 2910 5703 τα..
2992 5649 3036 5676 ⁸⁵
3076 5653 3115 5701 Α
3151 5650 3534 5702 mtellrrtualis.
3615 5650 3655 5679 "’
3685 5650 3730 5702 ο
