4236 6072
486 156 587 213 447

1864 133 2153 199 IOANNIS
2182 138 2383 199 SCOTI

3695 135 3799 197 διε

487 256 771 335 qmepiam
825 256 1065 331 cognitio
1093 255 1150 312 in
1174 255 1365 328 angelo
1405 252 1762 326 intelligatur.
1796 250 1913 307 Utta
1957 251 2083 322 quis
2140 246 2178 302 Α
2210 246 2590 307 discussionis.
2641 247 2947 321 Dtsc.Quis
2974 252 3065 308 ille
3097 253 3189 318 sit,
3213 252 3375 309 velim
3407 264 3619 324 repetas
3648 269 3663 320 ;
3694 270 3801 309 non

485 350 608 403 dem
648 350 918 420 superior,
957 364 1099 420 quae
1148 349 1215 404 de
1268 347 1508 404 aeternis
1554 360 1735 401 rerum
1785 342 2124 420 rationibus,

483 439 637 510 juxta
667 442 999 513 praedictum
1045 441 1264 498 modum
1309 439 1486 514 primo
1534 438 1589 493 itt
1638 451 1702 492 co
1734 435 2080 507 exprimitur.

487 534 693 591 Deinde
717 538 860 611 quod
887 552 951 590 es
983 536 1354 606 superioribus
1385 534 1606 604 excipit,
1649 532 1810 587 veluti
1838 531 1891 587 in
1919 530 2084 585 mira-

488 625 578 682 bili
602 632 763 697 atque
794 624 1048 681 ineﬂ‘abiii
1077 627 1312 697 quadam
1337 625 1597 681 memoria
1629 624 1731 679 sibi
1779 623 1881 693 ipsi
1929 637 2078 678 com-
2111 669 2114 673 .

489 718 677 784 mittit,
701 718 855 788 quasi
885 720 1151 789 quaedam
1191 719 1369 789 imago
1394 718 1644 787 imaginis
1674 729 1949 788 expressa.
2002 715 2083 770 Ac

487 825 588 884 per
612 813 739 878 hoc,
762 810 808 868 si
836 811 1120 883 superiora
1143 824 1202 865 se
1227 809 1317 864 tali
1351 809 1510 863 modo
1534 815 1712 878 potest
1733 793 1747 860 ὶ
1765 820 2081 877 ognoscere,

486 904 612 975 quis
649 903 845 959 audeat
887 904 1067 958 dicere
1100 906 1139 968 ',
1175 901 1489 958 inferiorum
1519 902 1792 972 quandam
1823 901 2086 972 cognitio-

468 1003 613 1052 'nem
636 995 690 1051 in
716 1009 774 1050 se
801 1011 908 1050 non
940 993 1183 1050 habere?
1222 993 1390 1049 Recte
1433 992 1598 1063 igitur
1640 992 1896 1048 dicuntur
1942 1005 2084 1057 esse,

486 1103 629 1160 quae
648 1086 858 1143 ratione
883 1075 1045 1158 atque
1088 1085 1362 1141 intellectu
1402 1083 1784 1155 comprehendi
1833 1068 2095 1155 possunt;

487 1179 642 1248 Quae
671 1194 800 1234 vero
827 1192 1045 1233 omnem
1087 1177 1353 1232 rationem
1397 1191 1462 1232 ac
1519 1175 1850 1232 intellectum
1886 1180 2089 1244 exuim-

489 1281 632 1336 rant,
661 1279 809 1326 recte
835 1267 1087 1325 similiter
1111 1268 1368 1324 dicuntur
1394 1282 1499 1323 non
1526 1282 1666 1323 esse.
1924 1269 1927 1272 ‘

556 1364 613 1418 8.
647 1361 793 1416 οδες.
816 1358 954 1427 Quid
975 1374 1108 1431 ergo
1132 1359 1375 1415 dicemus
1397 1359 1463 1414 de
1486 1358 1575 1414 illa
1598 1358 1781 1414 futura
1805 1357 2081 1421 felicitate,

487 1468 626 1524 quae
653 1447 987 1522 promittitur
1034 1448 1260 1515 sanctis,
1288 1464 1451 1519 quam
1481 1448 1617 1503 nihil
1652 1449 1797 1504 aliud
1832 1455 2086 1519 putamus

487 1560 609 1602 esse
646 1545 692 1607 '.
742 1553 961 1615 praeter
990 1542 1162 1612 ipsius
1203 1540 1419 1597 divinae
1444 1540 1712 1597 essentiae
1737 1553 1928 1611 puram
1959 1554 2088 1594 con-

2218 338 2366 392 enim
2413 339 2590 409 ipsius
2644 344 2688 375 "
2735 343 2936 398 recolo.
2995 342 3138 400 MAG.
3195 343 3618 410 Recordarisne,
3667 347 3802 416 quid

2218 432 2366 487 inter
2383 449 2484 490 nos
2510 448 2863 503 convenerat,
2892 436 3023 493 dum
3041 438 3110 494 de
3134 437 3406 493 Exemero
3428 437 3602 493 sancti
3631 439 3806 508 patris

2216 524 2506 594 Augustini
2564 517 2844 599 quaedam
2911 525 3460 583 dicebamusllitsc.
3516 525 3803 582 Decordor

2208 618 2471 686 quidem;
2502 620 2597 676 sed
2637 629 2689 676 te
2736 620 2935 675 iterum
2964 619 3033 678 de
3063 620 3169 676 hoc
3191 618 3236 652 "
3268 619 3463 675 audire
3494 618 3640 676 volo.
3665 617 3802 677 Hac.

2214 709 2466 766 Movebat
2499 722 2574 778 te,
2599 697 2658 768 ut
2684 714 2952 781 arbitror,
2980 713 3263 784 quomodo
3291 712 3615 784 praedictus
3642 723 3800 783 pater

2213 803 2419 860 dixerit
2450 804 2515 869 “,
2537 820 2734 862 causas
2752 823 2937 862 rerum
2968 806 3353 873 creandarum,
3379 822 3523 878 quae
3552 814 3808 868 aeterna-

2213 896 2338 952 litcr
2374 897 2429 951 iu
2456 897 2571 953 Deo
2602 908 2753 962 sunt.
2786 908 2842 954 et
2868 899 3016 955 Deus
3046 906 3199 965 sunt,
3223 886 3450 971 angelos
3478 899 3716 968 primum
3748 901 3801 953 in

2214 988 2327 1044 Deo
2351 990 2760 1057 considerasse,
2778 991 2980 1048 deinde
3004 992 3060 1047 in
3088 991 3308 1064 seipsis,
3330 991 3532 1049 deinde
3561 993 3801 1063 ipsarum

2212 1091 2593 1138 creaturarum
2624 1086 2875 1153 proprias
2903 1068 3582 1156 species'dill'erentiasque
3602 1100 3807 1157 cogno-

2212 1175 2377 1241 visse,
2408 1176 2457 1231 'si
2482 1177 2579 1232 ulli
2613 1178 2657 1209 "
2677 1190 2965 1234 creaturae
2998 1179 3180 1234 divina
3205 1178 3446 1235 essentia
3484 1195 3609 1235 cum
3634 1181 3804 1235 ratio-

2213 1268 2397 1333 nibus,
2415 1284 2555 1337 quae
2576 1271 2628 1324 in
2649 1287 2709 1325 ea
2729 1280 2876 1339 sunt,
2899 1273 3272 1329 essentialiler
3290 1284 3526 1343 nequeat
3548 1287 3802 1344 compre-

2210 1359 2507 1417 hensibilis
2531 1376 2674 1418 esse.
2707 1362 2856 1418 Dtsc.
2897 1361 3098 1418 Totum
3134 1375 3312 1420 teneo.
3338 1364 3483 1420 litae.
3516 1366 3799 1422 Recorda-

2209 1453 2516 1524 risue,quid
2536 1454 2604 1511 ad
2626 1454 2761 1511 haec
2781 1456 2825 1489 ¹⁶
2839 1457 3309 1527 respondebamus
3328 1459 3368 1491 "
3392 1459 3575 1516 ?Dtsc.
3600 1458 3801 1530 Utique

2207 1548 2490 1615 recordor,
2514 1552 2561 1605 si
2594 1565 2682 1606 me
2714 1551 2981 1606 memoria
3009 1566 3115 1607 non
3169 1551 3332 1606 fallit.
3358 1551 3592 1608 Dicebas
3620 1552 3794 1618 ettiin,

491 1633 895 1705 temptationem
932 1640 1095 1704 atque
1132 1630 1528 1697 itnmediatam,
1560 1631 1701 1686 sicut
1745 1631 1825 1685 ait
1858 1638 2092 1689 sanctus
2128 1632 2168 1690 ll
2208 1652 2316 1692 non
2337 1639 2484 1708 ipsas
2503 1654 2696 1696 causas
2722 1656 3089 1711 rerutn,quae
3111 1641 3167 1697 in
3191 1641 3377 1696 divina
3401 1644 3638 1698 essentia
3668 1643 3800 1697 suh-

462 1718 828 1794 revangclista
861 1722 1100 1780 Joannes
1128 1740 1143 1779 :
1168 1720 1399 1791 Scimus,
1426 1721 1550 1796 quia
1588 1722 1687 1791 ﬁlii
1733 1719 1831 1777 Dei
1878 1737 2083 1784 sumus,

487 1824 540 1876 et
562 1817 796 1871 nondum
819 1817 1083 1887 apparuit,
1115 1814 1242 1887 quid
1263 1816 1491 1881 erimus;
1532 1831 1650 1870 cum
1695 1825 1868 1870 autent
1916 1828 2086 1885 appa-

485 1906 673 1971 ruerit,
698 1904 893 1960 similes
918 1905 966 1960 ei
993 1905 1225 1970 erimus;
1254 1904 1537 1960 uidebimus
1561 1906 1699 1959 enim
1738 1920 1880 1969 cum,
1924 1903 2084 1963 sicuti

488 2006 588 2054 est.
612 1996 742 2052 Item
773 1993 1048 2067 apostolus
1072 1993 1269 2050 Paulus
1299 1993 1321 2026 ⁸
1348 2013 1361 2049 :
1395 1993 1553 2048 Nunc
1583 1994 1813 2049 ridemus
1839 2010 1932 2065 per
1977 2009 2088 2059 spe-

490 2090 667 2148 culum
690 2090 744 2146 in
769 2091 1080 2161 aenigmate,
1107 2097 1232 2145 tunc
1260 2099 1436 2143 autem
1463 2088 1599 2158 facie
1621 2088 1689 2141 ad
1712 2086 1921 2157 facient.
1950 2084 2083 2141 Item

495 2184 556 2241 S.
580 2183 912 2255 Augustinus
940 2181 1155 2251 inllibro
1180 2181 1248 2236 de
1273 2180 1504 2237 Civitate
1532 2178 1623 2235 Dei
1650 2178 1790 2234 XXII
1815 2179 1883 2233 de
1906 2178 2087 2231 futura

492 2272 943 2345 contemplatione
967 2273 1199 2339 divinae,
1234 2281 1293 2328 ut
1328 2272 1588 2336 arbitror,
1615 2270 1884 2327 cssentiae
1911 2267 2085 2326 dicit:

497 2364 602 2421 Per
621 2379 862 2436 corpora,
884 2379 1018 2436 quae
1041 2361 1382 2434 gestabintus,
1406 2362 1465 2415 in
1494 2360 1637 2415 omni
1666 2375 1899 2431 corpore,
1922 2358 2088 2433 quod-

492 2475 698 2531 cunque
721 2457 1027 2521 videbimus,
1057 2471 1477 2531 qnaqaaversum
1503 2452 1683 2508 oculos
1714 2450 1879 2507 nostri
1905 2466 2088 2522 corpo-
2132 2446 2139 2455 ”

496 2552 569 2606 ris
604 2548 974 2614 dtuerimus‘,
998 2548 1169 2619 ipsum
1208 2546 1491 2602 Dominum
1535 2545 1809 2615 perspicua
1849 2542 2089 2598 claritate

493 2642 976 2715 contemplabintur.
1015 2638 1153 2699 Nam
1195 2639 1244 2694 si
1287 2638 1566 2710 angelicae
1616 2634 2091 2706 contemplationis

495 2735 841 2808 purissimam
911 2733 1163 2789 virtutem
1212 2732 1235 2766 ⁸
1286 2731 1501 2788 dit-inae
1546 2731 1817 2786 cssentiae
1867 2737 2089 2800 superat

496 2826 770 2895 altitudo;
804 2824 1095 2898 praedictis
1115 2824 1261 2879 enim
1307 2822 1611 2879 rationibus
1649 2820 1955 2876 confectum
1981 2827 2085 2885 est,

495 2915 732 2973 divinam
760 2914 1051 2971 essentiam
1080 2913 1211 2969 nulli
1242 2911 1590 2968 intellectuali
1625 2919 1908 2966 creaturae
1947 2924 2090 2965 com-

2204 1728 2428 1797 sistunt,
2466 1732 2693 1805 angelos
2742 1733 2970 1798 vidisse,
2999 1726 3097 1790 sed
3126 1734 3390 1805 quasdam
3421 1736 3799 1804 apparitione:

2203 1823 2442 1889 divinas,
2475 1839 2635 1896 quas,
2666 1834 2729 1880 ut
2751 1825 2855 1893 ais,
2885 1826 3244 1898 theophanias
3265 1825 3458 1883 Graeci
3492 1826 3795 1897 appellant,

2203 1908 2608 1988 causarumque
2635 1927 3262 1984 aelernarum,quarum
3316 1918 3584 1988 imagines
3641 1930 3793 1980 sunt.

2190 1993 2411 2049 nomine
2455 1994 2502 2024 “
2546 1994 2863 2064 appellatas.
2907 1992 3178 2047 Addidisti
3224 2000 3413 2058 etiam,
3457 2008 3562 2045 non
3616 1994 3791 2046 solum

2191 2085 2365 2156 ipsam
2419 2083 2462 2116 "
2517 2085 2754 2141 divinam
2808 2083 3105 2140 essentiam
3156 2083 3674 2139 iucommutabiliter
3736 2083 3792 2139 in

2156 2177 2367 2248 ~scipsa
2404 2176 2729 2233 existentem
2770 2177 2939 2232 Deum
2972 2175 3186 2239 vocari,
3228 2175 3323 2231 sed
3355 2175 3519 2230 etiam
3558 2175 3703 2245 ipsas
3744 2172 3794 2209 '°

2192 2268 2571 2340 theopbanias,
2601 2283 2741 2341 quae
2766 2284 2834 2324 ex
2854 2282 2943 2331 ea,
2976 2278 3032 2324 et
3051 2268 3119 2325 de
3139 2281 3223 2334 ea,
3255 2267 3309 2322 in
3341 2275 3535 2322 natura
3583 2263 3795 2325 Intelle-

2190 2362 2356 2420 ctuali
2377 2363 2778 2436 exprimuntur,
2794 2362 2889 2419 Dei
2910 2362 3129 2418 nomine
3149 2360 3471 2432 praedicari.
3489 2359 3626 2418 MAG.
3646 2359 3794 2419 Bene

2192 2461 2377 2520 tenes;
2410 2453 2484 2510 ita
2510 2455 2654 2510 enim
2677 2453 2931 2510 diximus.
2956 2451 3105 2509 Dtsc.
3131 2451 3240 2509 Sed
3265 2452 3395 2525 quid
3420 2452 3490 2508 ad
3517 2453 3791 2526 negotium

2190 2559 2451 2616 praesens
2482 2544 2754 2617 pertinet?
2791 2543 2932 2600 Mss.
2975 2542 3093 2600 Non
3134 2558 3362 2615 parum,
3401 2550 3459 2597 ut
3500 2544 3685 2609 video;
3723 2556 3793 2600 eo

2189 2636 2338 2692 enim
2380 2635 2542 2691 modo
2583 2643 2639 2692 et
2677 2633 2901 2707 angelos
2946 2634 3115 2689 Deum
3153 2646 3370 2705 semper
3410 2632 3594 2692 videre
3642 2632 3791 2688 arbi-

2194 2735 2307 2782 tror
2339 2726 2405 2793 “,
2447 2726 2624 2798 justos
2666 2740 2882 2798 quoque
2919 2734 2975 2781 et
3014 2725 3069 2780 in
3113 2724 3217 2803 hac
3248 2721 3383 2791 vita,
3429 2724 3557 2779 dum
3594 2725 3795 2780 tuentis

2190 2834 2473 2875 excessum
2501 2820 2800 2890 patiuntur,
2827 2827 2883 2874 et
2909 2817 2963 2872 in
2992 2814 3179 2885 futuro
3205 2817 3351 2877 sicut
3375 2817 3554 2888 angeli
3581 2818 3795 2883 visuros

2188 2927 2331 2967 esse.
2363 2909 2482 2967 Non
2507 2926 2635 2983 ergo
2675 2910 3050 2982 ipsum-Deum
3079 2924 3178 2981 per
3204 2909 3557 2980 semetipsum
3588 2908 3797 2965 videbi-

498 3005 912 3077 prebensibilcm
950 3016 1092 3070 esse,
1134 3018 1275 3075 quae
1305 3003 1327 3034 ⁶
1356 3003 1591 3058 maxime
1616 3003 1671 3056 in
1723 3001 1931 3074 angelis
1966 3015 2094 3056 con-
2120 2996 2165 3057 C
2196 3021 2342 3072 mus,
2389 3006 2517 3078 quia
2562 3020 2740 3076 neque
2787 3003 2962 3079 angeli
3011 3004 3230 3070 vident;
3288 3004 3394 3075 hoc
3435 3004 3581 3058 enim
3642 3001 3795 3057 omni

497 3098 694 3158 sistere
739 3097 958 3154 dubium
1006 3111 1113 3152 non
1161 3094 1475 3161 est;nobis
1528 3096 1742 3166 quoqtie
1792 3091 1936 3148 nulla
1985 3091 2090 3146 alia

501 3190 731 3249 felicitas
766 3188 1120 3262 promittitur,
1161 3203 1323 3260 quam
1367 3188 1435 3243 ad
1488 3187 1788 3258 angelicam
1841 3195 2092 3262 naturam

499 3282 799 3354 aequalitas
847 3299 861 3335 :
916 3279 1186 3352 quomodo
1238 3279 1508 3334 humanae
1571 3285 1798 3334 naturae
1860 3278 2093 3334 felicitas

498 3372 715 3427 divinae
758 3370 1025 3427 essentiae
1066 3368 1406 3424 altitudinem
1453 3368 1809 3440 contemplari
1852 3369 2094 3424 valebit?

501 3462 641 3519 Mss.
656 3464 827 3518 Aeute
847 3476 912 3517 ac
931 3461 1249 3533 vigilanter;
1278 3477 1383 3517 non
1410 3462 1556 3517 enim
1585 3462 1702 3519 ‘sine
1725 3477 1890 3519 causa
1914 3463 1967 3518 in
1989 3464 2093 3521 hoc

501 3554 758 3613 moveris.
768 3553 875 3610 Sed
890 3553 984 3610 tibi
998 3553 1242 3611 sufﬁcere
1255 3557 1476 3610 aestima
1485 3555 1752 3627 rim,quod
1771 3558 1921 3628 prius
1932 3572 2095 3629 geno-

506 3648 694 3703 ralitcr
713 3646 780 3702 de
803 3646 950 3701 omni
972 3645 1241 3702 suasimus
1263 3658 1512 3701 creatura
1533 3647 1576 3700 τ.
1603 3648 1746 3703 Dtsc.
1772 3648 1910 3717 Quid
1932 3647 2094 3704 illud?

503 3739 757 3809 Repetas,
770 3748 914 3808 pcto.
927 3736 1067 3792 Mss.
1084 3736 1274 3793 Nonne
1287 3739 1664 3794 universaliter
1681 3739 2027 3795 delinivimus
2040 3740 2093 3806 9,

502 3829 738 3884 divinam
754 3828 1044 3883 essentiam
1066 3824 1192 3882 nulli
1211 3843 1473 3898 corporeo
1484 3831 1690 3895 sensui,
1720 3831 1846 3884 nulli
1874 3831 2090 3895 rationi,

504 3920 634 3974 nulli
685 3933 781 3975 seu
826 3920 1060 3975 humano
1109 3935 1203 3975 seu
1260 3919 1506 3991 angelico
1552 3919 1843 3976 intellectui
1887 3934 1985 3991 per
2032 3936 2092 3977 se

504 4014 675 4084 ipsam
724 4012 1266 4085 compreltensibilctn
1294 4015 1318 4046 ⁹
1349 4012 1504 4069 esse?
1534 4012 1577 4045 ‘°
1610 4013 1752 4070 Dlsc.
1789 4013 2088 4080 Recortlor,

452 4172 455 4175 _
501 4119 568 4157 ac
590 4118 675 4157 me
692 4102 773 4157 sic
791 4101 1087 4174 sumpsisse
1112 4117 1308 4173 negare
1337 4117 1440 4157 non
1465 4117 1703 4173 possum.
1719 4103 1851 4169 Sed,
1879 4114 1939 4160 ttt
1958 4106 2089 4162 mihi

507 4194 743 4257 videtur,
769 4201 862 4248 aut
889 4191 977 4247 illa
1003 4194 1277 4263 praedicta
1294 4193 1572 4261 conclusio
1593 4195 1809 4267 penitus
1829 4196 2090 4265 solvetur,

2194 3108 2480 3155 creaturae
2534 3097 2867 3169 impossibile
2913 3106 2997 3152 est
3012 3114 3031 3163 ;
3085 3095 3231 3153 solus
3290 3109 3550 3167 namque,
3600 3102 3660 3149 ut
3710 3093 3795 3150 ait

2193 3188 2485 3260 Apostolus
2508 3229 2523 3255 ,
2576 3188 2729 3243 habet
2771 3188 3253 3255 immortalitatem,
3293 3198 3341 3244 et
3380 3188 3549 3243 lucem
3589 3181 3794 3244 habitat

2193 3279 2600 3336 inaccessibilem
2620 3293 2639 3332 .°
2656 3279 2748 3335 sed
2767 3279 3028 3350 quasdam
3042 3278 3215 3335 factas
3228 3280 3296 3335 ab
3316 3280 3453 3335 eoin
3475 3280 3628 3338 nobis
3645 3281 3797 3337 theo-

2194 3370 2425 3442 pbanias
2453 3358 2973 3440 contetuplabitnur.
3007 3367 3193 3425 Non“
3228 3369 3599 3442 unusquisque
3644 3370 3794 3426 enim

2193 3462 2490 3518 secundum
2517 3475 2649 3517 suae
2667 3460 2976 3516 Sanctitatis
3000 3469 3165 3532 atque
3192 3459 3491 3532 sapientiae
3517 3446 3793 3516 celsitudi-

2195 3555 2331 3609 nem’
2345 3553 2412 3609 ab
2437 3568 2543 3608 una
2568 3554 2867 3621 eademque
2892 3549 3087 3617 forma,
3114 3568 3279 3623 quant
3299 3551 3482 3608 omnia
3508 3562 3792 3624 appetunt,

2194 3646 2291 3704 Dei
2340 3646 2576 3704 Verbum
2648 3645 2790 3711 dico,
2842 3644 3203 3701 formabitur?
3268 3646 3387 3716 Ipsa
3440 3660 3676 3716 namque
3722 3645 3793 3701 de

2193 3719 2384 3808 seipsa'
2425 3736 2664 3807 loquitur
2704 3735 2758 3815 in
2797 3734 3090 3808 Evangelia
3121 3752 3134 3789 :
3167 3734 3235 3790 In
3274 3736 3430 3807 domo
3471 3734 3653 3791 Patris
3689 3735 3792 3790 mei

2192 3828 2489 3883 mansiones
2532 3825 2730 3881 multae
2769 3826 2818 3859 ”
2859 3837 3017 3893 sunt;
3066 3827 3303 3898 seipsam
3359 3827 3581 3883 domum
3606 3827 3792 3883 Patris

2192 3919 2495 3991 appellans,
2518 3934 2658 3990 quae
2671 3935 2794 3976 cum
2821 3921 2894 3976 sit
2915 3935 3019 3974 una
3037 3921 3353 3991 eademque,
3372 3921 3788 3978 incommutabi-

2192 4010 2367 4081 lisque
2393 4020 2742 4081 permaneat,
2783 4011 3061 4081 multiplex
3092 4004 3274 4068 tamen
3311 4011 3582 4068 videbitur
3607 4010 3655 4045 “
3678 4012 3784 4083 his,

2191 4104 2389 4175 quibus
2421 4103 2476 4159 in
2492 4118 2552 4160 se
2576 4104 2625 4136 "
2647 4103 2896 4160 habitare
2925 4104 3205 4176 largietur.
3230 4101 3367 4159 Nam
3392 4105 3782 4176 unusquisque.

2192 4206 2256 4252 ut
2273 4178 2529 4263 diximus,
2552 4196 2813 4270 unigeniti
2837 4195 2931 4250 Dei
2960 4195 3123 4251 Verbi
3151 4194 3199 4228 '°
3227 4195 3477 4252 notitiam
3510 4196 3564 4250 in
3609 4197 3789 4266 seipse

502 4296 561 4341 et
586 4284 934 4341 iutellectuali
971 4293 1254 4340 creaturae
1290 4284 1509 4341 divinae
1547 4287 1821 4343 essentiae
1861 4304 1959 4360 per
2006 4304 2092 4344 se—
2125 4357 2148 4361 Α
2193 4290 2522 4361 possidebit,
2554 4301 2815 4360 quantum
2848 4288 2898 4344 ei
2923 4292 3099 4361 gratia
3132 4289 3441 4345 donabitur.
3472 4287 3614 4359 Quot
3641 4290 3786 4345 enim

508 4377 680 4448 ipsam
720 4376 1228 4446 contemplationem
1269 4375 1550 4445 dabimus;
1590 4386 1704 4444 aut,
1732 4378 1777 4433 si
1804 4357 1937 4434 solvi
1983 4394 2088 4435 non
2123 4357 2172 4420 υ
2195 4357 2456 4438 numerus
2507 4357 2593 4438 est
2631 4357 3055 4446 "'electorttm,
3089 4389 3170 4437 tot
3204 4381 3309 4437 erit
3334 4357 3594 4437 numerus
3630 4398 3786 4437 tuan-

508 4476 707 4538 potest,
723 4467 972 4536 quoniam
986 4466 1305 4522 certissimis
1320 4468 1621 4525 rationibus
1632 4469 1865 4527 stabilita
1878 4479 1983 4538 est,
2000 4486 2093 4527 ne-

509 4559 809 4614 cessarium
835 4558 1014 4632 erit",
1039 4567 1096 4613 ttt
1118 4562 1333 4616 modum
1356 4556 1572 4619 divinae
1590 4565 2088 4635 contemplationis,

509 4665 649 4721 quae
676 4649 883 4705 sanctis
917 4650 970 4705 in
998 4648 1180 4705 futuro
1211 4651 1565 4722 promiuitur,
1594 4654 1722 4709 etin
1748 4669 1854 4725 qua
1875 4671 2091 4727 seu‘tper

508 4741 681 4812 angeli
714 4740 1047 4806 subsistunt,
1086 4743 1231 4797 veris
1272 4744 1571 4801 rationibus
1610 4747 2089 4819 probabilibusque

468 4830 770 4901 exemplis
824 4831 1091 4885 absolvas.
1151 4831 1288 4887 MAG.
1349 4832 1520 4901 Qnetn
1554 4837 1776 4891 modum
1828 4853 2091 4909 quaeras.

509 4922 731 4993 ignoro.
766 4935 981 4992 praeter
1029 4923 1211 4989 illum,
1245 4924 1312 4978 de
1348 4940 1455 4994 quo
1491 4925 1651 4995 paulo
1687 4938 1813 4982 ante
1858 4928 2094 4986 breviter

2192 4473 2440 4541 sionutn;
2473 4482 2676 4544 quanta
2714 4474 2878 4530 fuerit
2902 4484 3219 4532 sanctarum
3247 4473 3556 4531 animarum
3582 4475 3629 4507 ⁸⁸
3652 4473 3790 4532 ntul—

2191 4562 2477 4635 tiplicatio,
2510 4571 2659 4621 tanta
2698 4564 2800 4619 erit
2826 4565 3130 4620 divinarum
3163 4565 3619 4636 tlteopbaniarutn
3660 4582 3786 4637 pos-

2189 4655 2381 4711 sessio.
2425 4655 2568 4712 Dtsa.
2618 4655 2925 4711 Verisimile
2952 4657 3183 4711 videtur.
3226 4655 3367 4712 Mao.
3415 4654 3585 4713 Reme
3625 4659 3789 4723 dicis,
3868 4656 3877 4664 ’

2188 4746 2499 4803 verisimile.
2536 4746 2667 4815 Quis
2692 4746 2838 4821 enim
2862 4746 2928 4801 de
2954 4746 3149 4802 talibus
3176 4745 3407 4803 ﬁrmarit
3431 4746 3476 4779 *’
3506 4747 3577 4803 ita
3602 4759 3783 4803 acter-

2190 4839 2385 4895 ttalitet'
2413 4853 2553 4904 esse,
2578 4839 2705 4894 dum
2735 4839 2874 4895 vires
2906 4840 3174 4896 humanae
3195 4838 3372 4895 adhuc
3402 4839 3456 4896 in
3482 4842 3584 4897 hac
3610 4841 3786 4913 fragili

2191 4947 2354 4987 carne
2379 4933 2694 4988 intentionis
2719 4933 3005 4988 vidcantur
3021 4932 3065 4965 ³⁸
3091 4933 3391 4989 excedere?

1788 5058 2042 5117 VARIAE
2077 5061 2484 5133 LECTIONES.
2523 5108 2557 5123 -
3024 5127 3037 5139 ,

588 5159 602 5184 ³
631 5151 803 5206 dicere
826 5166 933 5205 om.
960 5151 1042 5225 D.‘
1098 5149 1120 5181 ’
1144 5151 1189 5206 A
1217 5167 1326 5225 esse
1346 5160 1622 5225 putamus.
1671 5151 1712 5225 _'
1741 5148 1944 5206 Paulus
1970 5169 2081 5207 om.
2110 5149 2269 5209 ADE.
2346 5154 2429 5210 ‘A
2455 5155 2820 5211 direxertmus.
2897 5155 2921 5187 ⁸
2945 5156 3181 5210 uirtutem
3208 5169 3316 5210 om.
3352 5153 3413 5209 D.
3492 5154 3514 5183 ‘
3536 5156 3576 5208 Α
3602 5173 3777 5225 quam.

520 5226 537 5253 ⁷
568 5224 612 5277 Α
639 5234 878 5275 creatura
902 5222 1184 5275 attattsinms.

514 5287 676 5348 CDEZ
734 5293 772 5343 λ
822 5292 971 5345 ιιιὶιιὶι
1016 5312 1030 5344 '.
1080 5290 1179 5345 lict:

563 5294 676 5357 DE;
734 5293 772 5343 ,Χ
822 5293 971 5345 addit
1016 5312 1030 5344 '.

514 5433 762 5487 (ierimus.
893 5432 938 5465 ³⁸
980 5432 1069 5487 Sic
1113 5433 1276 5498 CDE;
1342 5434 1381 5486 Α
1436 5436 1548 5490 hoc.
1577 5432 1814 5489 nomine.

514 5520 626 5556 out.
656 5504 695 5556 lt
764 5502 807 5532 ¹¹
836 5502 921 5557 AC
953 5513 1007 5555 ut
1034 5503 1285 5557 arbitror.
1384 5505 1432 5537 “
1460 5503 1583 5558 Non
1627 5520 1734 5559 out.
1760 5508 1824 5558 Α.

1286 5220 1469 5297 'tIDE
1519 5223 1872 5297 diﬁnivitnus,
1941 5224 2021 5279 sic
2080 5225 2304 5297 ubique,
2358 5226 2402 5280 Α
2453 5242 2635 5297 saepe.

1080 5290 1387 5364 Ilicordaris
1423 5290 1850 5364 quod'fsnperins
1900 5290 2308 5363 propesninins?

513 5365 579 5418 de
627 5376 673 5416 te
717 5364 901 5414 iterum
945 5364 1067 5415 hoc.
1133 5362 1176 5394 “
1220 5364 1261 5416 A
1300 5362 1638 5432 praedixerit.
1677 5362 1685 5364 “
1718 5363 1762 5395 ⁸³
1806 5362 1909 5418 Sicf
1943 5365 2061 5431 illi;
2111 5366 2152 5419 (Σ
2200 5367 2332 5420 nulli

1945 5434 2003 5508 "_
2041 5434 2133 5490 Sic
2182 5436 2345 5502 (ζωᾶς
2400 5439 2567 5508 ipsum
2635 5454 2743 5492 om.
2802 5440 2866 5493 Α.

1902 5504 1948 5579 δέ
1978 5506 2023 5560 Α
2063 5507 2259 5579 multae
2284 5504 2596 5563 titattstones.
2668 5509 2715 5539 ’λ
2742 5511 2784 5564 Α
2817 5510 3041 5563 ridetur.
3119 5509 3164 5539 ²³
3207 5507 3297 5563 Sic
3319 5506 3481 5571 Chii;
3511 5525 3620 5579 pro
3640 5504 3693 5559 in
3723 5522 3780 5559 se

2753 5227 2777 5261 ’
2826 5226 2866 5280 D
2907 5226 3496 5294 incompreltensibilem.
3606 5226 3644 5258 ⁴⁸
3689 5226 3783 5282 Sic

2416 5298 2456 5329 ”
2491 5295 2563 5351 A.‘
2597 5307 2691 5350 est.
2799 5297 2842 5328 “
2910 5296 3002 5351 Sic
3053 5295 3218 5361 (ΖΒΕ,
3277 5299 3318 5350 Δ
3364 5298 3557 5365 ipsum.
3658 5297 3700 5329 "
3733 5299 3777 5351 Α

2406 5369 2448 5399 ¹⁶
2478 5368 2567 5422 Sic
2605 5367 2774 5434 ΕΗΒ-ς
2829 5368 2871 5421 Λ
2916 5367 3033 5420 hoc.
3113 5368 3155 5399 "
3202 5368 3294 5422 Sic
3343 5365 3448 5429 CD,
3491 5368 3534 5421 Ε
3570 5384 3780 5435 respon-

2970 5438 3023 5467 ~“
3073 5454 3180 5513 out.
3211 5436 3590 5513 __D.Atlt'_lt_fmlm
3635 5437 3778 5513 ipsas

515 5577 556 5630 Α
591 5575 712 5644 ipse.
791 5574 835 5602 δα
868 5578 912 5626 Λ
954 5572 1099 5628 γέλω
1126 5574 1239 5628 lict.
1316 5575 1360 5607 ’⁷
1389 5575 1478 5629 Sic
1503 5573 1664 5641 CDl‘};
1697 5590 1771 5631 est
1794 5592 1901 5633 om.
1922 5576 1991 5632 Α.
2068 5576 2091 5607 ³

2195 5579 2483 5633 mutuarum
2514 5591 2834 5636 sanctarum.
2912 5579 2957 5611 ³⁵
2983 5580 3026 5633 Α
3056 5580 3309 5647 firmaret.
3392 5579 3435 5610 ³⁸
3464 5572 3777 5636 Αὐᾱάεαω(
