4236 6072
563 254 660 313 851

1877 273 1882 276 ·
1969 246 2250 305 ιοιιηιιις
2291 247 2482 306 SCOTI

3693 73 3758 88 *Ὗ

3708 257 3822 317 452

561 364 734 438 gloria
770 361 945 417 futura
975 359 1080 416 erit
1105 353 1120 391 ¹
1148 399 1166 423 .
1201 367 1257 413 ut
1279 401 1292 422 ,
1335 358 1786 429 quemadmodum
1812 359 1943 413 nihil
1973 360 2026 413 in
2075 375 2136 412 ca
2171 367 2216 423 Α
2245 362 2324 416 sui
2386 377 2624 432 suaeque
2683 361 3032 434 perfectionis
3085 363 3432 423 stabilitatem
3481 367 3814 439 φιεέηηυι,

570 470 710 510 nunc
740 455 762 485 '
791 460 1017 523 apparet
1073 449 1177 505 nisi
1207 464 1353 506 mors
1372 458 1429 504 et
1461 449 1762 518 corruptio.
1791 450 1862 501 ita
1889 448 1939 501 iu
1969 447 2146 502 futura

570 551 672 600 rita
699 544 828 600 nihil
863 543 992 597 mihi
1023 541 1077 596 in
1101 556 1165 596 ea
1197 541 1218 574 ⁸
1241 538 1527 612 apparebit
1554 538 1658 595 nisi
1679 538 1827 594 solus
1861 539 2031 602 Deus.
2054 540 2148 611 qui

565 649 694 691 rere
722 634 833 691 vita
850 642 974 700 est,
999 642 1058 688 et
1087 631 1496 697 immortalitas,
1525 639 1588 687 et
1627 630 1980 701 incorruptis.
2012 629 2087 686 At
2103 632 2148 686 si

562 727 634 782 de
677 726 758 781 sui
810 723 1054 794 corporis
1097 721 1354 780 felicitate
1397 722 1557 779 talem
1601 720 1828 796 gloriam
1881 722 2146 792 promisit.

567 816 696 886 quid
738 813 806 869 de
853 814 935 869 sui
980 811 1145 868 animi
1196 812 1218 843 ⁸
1261 812 1521 882 dignitate
1565 811 1980 869 existimandum
2025 817 2146 874 est.

563 906 887 978 praesertim
929 921 1083 969 eum,
1128 913 1188 959 ut
1231 903 1309 961 ait
1347 919 1572 976 magnus
1597 903 1892 976 Gregorius
1920 901 2150 959 Theolo-

565 1015 688 1068 gus,
716 1012 938 1069 corpora
964 1008 1262 1051 sanctorum
1286 997 1342 1052 in
1365 997 1642 1062 rationem,
1679 998 1816 1052 ratio
1867 994 1922 1050 in
1947 995 2149 1050 intelle-

567 1101 736 1155 ctum.
757 1089 1046 1146 intellectus
1067 1088 1121 1145 in
1144 1087 1329 1155 Deum,
1352 1104 1416 1143 ac
1438 1104 1534 1160 per
1545 1090 1648 1144 hoc
1671 1097 1782 1146 tota
1812 1087 2029 1146 illorum
2057 1103 2150 1144 na-

572 1191 690 1238 tura
720 1179 771 1236 in
797 1181 971 1253 ipsum
992 1181 1182 1247 Deum,
1209 1181 1542 1236 mutabitur!
1564 1179 1730 1253 Cujus
1755 1184 1830 1238 rei
1851 1181 2151 1255 pulcherri-

570 1285 654 1324 ma
680 1270 1047 1341 parariigmata
1084 1287 1116 1324 a
1141 1270 1419 1340 praedicto
1459 1270 1693 1328 Maximo
1725 1271 1782 1327 in
1816 1273 2151 1343 expositione

567 1364 811 1438 Gregorii
828 1364 1004 1436 posita
1017 1375 1163 1430 sunt,
1180 1377 1408 1436 quorum
1429 1383 1592 1424 unum
1616 1367 2151 1438 praemisimus,cum

570 1459 634 1507 tit’.
677 1467 804 1507 aere
837 1454 1223 1524 loquebamur;
1254 1455 1482 1512 alterum
1517 1471 1648 1514 vero
1681 1471 1825 1512 nunc
1856 1456 2142 1529 subjunge.

571 1560 710 1609 lilllS,
738 1545 881 1614 quod
911 1554 997 1600 est
1041 1545 1096 1602 in
1139 1545 1262 1616 igne
1301 1555 1358 1601 ct
1395 1548 1560 1604 l'e'rro.
1602 1547 1743 1619 Nam
1789 1565 1909 1604 tam
1951 1549 2148 1619 ferrum

566 1638 849 1707 conﬂatum
890 1638 947 1695 iit
983 1638 1102 1710 igne
1130 1609 1702 1710 iuliquoremsoloitiir,
1734 1639 2147 1698 nihildeuoture

2250 449 2392 506 Dtsc.
2417 449 2746 507 Firtuissime
2770 455 2954 520 credo,
2970 465 3046 521 et,
3069 465 3331 525 quantum
3350 455 3532 522 datur,
3559 450 3820 532 intelligo.

2248 541 2318 598 de
2343 543 2523 599 divina
2553 544 2887 602 solummodo
2912 547 3151 602 omnium
3175 563 3337 604 causa
3367 561 3514 606 recte
3543 550 3648 606 hoc
3667 567 3822 621 prae-
3911 617 3920 624 _

2249 633 2440 700 dicari,
2478 636 2602 704 quia
2630 635 2742 690 sola
2769 637 2977 701 omnia,
3006 652 3148 707 quae
3175 654 3206 693 a
3230 653 3291 694 se
3323 649 3468 702 sunt.
3501 652 3673 706 creat,
3701 649 3756 696 et
3786 657 3819 696 a

2251 723 2393 778 nulla
2439 725 2704 797 superiori
2765 741 2830 783 ac
2881 743 2941 782 se
2984 730 3337 799 praecedente
3404 742 3640 786 creatur.
3702 731 3824 804 Ipsa
3871 736 3875 739 ’

2247 813 2391 870 enim
2420 821 2506 869 est
2525 829 2739 873 summa
2769 830 2835 872 ac
2862 816 2974 872 sola
3011 832 3175 874 causa
3209 819 3473 886 omnium,
3503 836 3644 894 quae
3665 835 3736 879 ex
3764 838 3824 880 se
3850 892 3852 896 τ

2247 910 2304 956 et
2333 902 2386 956 in
2412 917 2474 957 se
2495 903 2537 935 ”
2566 904 2885 962 subsistunt.
3553 977 3556 979 _

2323 989 2409 1050 ιι.
2454 992 2624 1052 Velim
2653 1004 2833 1053 tamen
2861 998 3024 1064 scire,
3065 999 3196 1071 quid
3235 998 3309 1057 de
3352 1002 3457 1059 hec
3493 1018 3554 1060 re
3599 1005 3819 1062 sentias.

2248 1080 2364 1138 Non
2395 1086 2540 1142 enim
2569 1100 2760 1156 parum
2796 1102 2884 1144 me
2909 1087 2955 1121 "
2987 1099 3186 1156 movet,
3233 1090 3360 1148 dum
3407 1093 3722 1165 saepissime
3766 1095 3822 1152 in
3854 1088 3857 1090 ’

2251 1173 2407 1230 libris
2431 1184 2740 1234 sanctorum
2768 1175 3013 1244 Patrum,
3040 1179 3133 1251 qui
3159 1179 3227 1238 de
3265 1181 3446 1238 divina
3487 1192 3680 1241 natura
3707 1186 3821 1244 dis-

2248 1271 2438 1335 putare
2465 1266 2645 1322 conati
2671 1276 2830 1333 sunt,
2858 1265 3074 1327 invenio
3093 1311 3106 1335 .
3138 1283 3258 1328 eam
3285 1287 3392 1328 non
3418 1273 3594 1330 solum
3615 1277 3820 1344 omnia,

2247 1367 2389 1423 quae
2414 1361 2563 1420 sunt,
2591 1368 2803 1422 creare,
2845 1356 2942 1413 sed
2989 1359 3155 1414 etiam
3200 1360 3394 1416 creari.
3429 1361 3502 1416 Ea
3531 1363 3821 1434 siquidem,

2247 1453 2308 1500 ut
2330 1445 2504 1513 aiunt,
2539 1443 2690 1523 facit,
2719 1453 2778 1504 et
2823 1446 2901 1511 tit,
2929 1456 2986 1504 et
3015 1459 3187 1516 creat,
3225 1459 3280 1508 et
3304 1460 3539 1510 creatur.
3577 1452 3634 1510 Si
3663 1455 3828 1528 igitur

2245 1535 2322 1592 ita
2348 1545 2452 1602 est,
2482 1539 2972 1611 quomoilo‘nostra
3001 1542 3344 1600 ratiocinatio
3368 1544 3416 1580 “
3443 1548 3682 1615 steterit,
3714 1565 3820 1607 non

2248 1627 2407 1693 facile
2427 1629 2472 1664 "
2515 1629 2752 1687 invenio.
2805 1625 3045 1689 Dicimus
3086 1628 3270 1702 enim,
3323 1651 3442 1692 eam
3486 1631 3827 1696 solummodo

565 1727 680 1797 ejus
707 1744 970 1784 remanere
998 1731 1233 1786 sensibus
1271 1731 1494 1795 videtur.
1521 1732 1611 1787 sed
1645 1742 1813 1788 totum
1844 1713 1900 1789 iii
1934 1734 2139 1805 igneam

2247 1731 2460 1786 creare,
2485 1731 2518 1775 a
2546 1717 2693 1777 nullo
2716 1728 2900 1780 autem
2924 1720 3122 1784 creari.
3154 1721 3298 1782 Man.
3332 1723 3524 1784 Ilerito
3552 1729 3818 1797 moveris;

565 1819 874 1888 qualitatem
905 1821 1141 1876 vertitur.
1182 1821 1308 1878 Sola
1338 1837 1451 1876 vero
1480 1823 1681 1878 mione
1713 1836 1862 1878 suam
1900 1833 2146 1880 naturain

567 1909 804 1980 quamvis
837 1910 1174 1982 liquefactum
1213 1929 1417 1969 terrore
1450 1913 1798 1986 cognoscitur.
1838 1914 1990 1971 Sicut
2018 1929 2148 1986 ergo

569 2011 718 2056 totus
738 2016 832 2056 aer
855 2001 968 2067 lux,
1004 2013 1282 2076 totumque
1310 2003 1512 2061 ferrum
1541 2004 1909 2076 liquefactum,
1933 2014 1992 2062 ut
2011 2006 2148 2064 dixi-

568 2107 712 2158 mus,
739 2093 976 2162 igneum,
1006 2094 1115 2152 imo
1143 2095 1306 2150 etiam
1329 2095 1354 2128 ⁸
1372 2093 1511 2165 ignis
1536 2107 1780 2170 apparet,
1804 2098 2148 2155 manentibus

570 2191 748 2238 tamen
779 2195 970 2239 eorum
997 2183 1315 2240 substantiis
1345 2200 1363 2239 :
1397 2187 1470 2242 ita
1513 2201 1646 2243 sano
1685 2187 1956 2243 intellectu
2001 2187 2146 2246 acci-

566 2274 845 2345 piendum.
863 2277 992 2346 quia
1013 2287 1135 2348 post
1157 2275 1316 2333 linem
1344 2276 1500 2348 hujus
1522 2278 1704 2334 mundi
1725 2279 1907 2335 omnis
1927 2287 2144 2346 natura,

566 2365 682 2421 sive
701 2379 962 2438 corporea
999 2366 1119 2424 sive
1156 2368 1491 2440 incorporea,
1517 2369 1664 2427 solus
1687 2368 1828 2428 Deus
1847 2383 1966 2426 esse
1992 2369 2144 2428 vide-

565 2456 731 2520 bitur,
769 2465 995 2511 naturae
1023 2456 1332 2530 intcgu'tate
1359 2468 1746 2530 permanente.
1783 2468 1843 2517 ut
1873 2471 1931 2517 et
1968 2459 2144 2529 Deus,

566 2546 656 2616 qui
683 2560 780 2616 per
802 2547 1036 2618 seipsum
1065 2547 1621 2618 ineouipieheusibilis
1658 2557 1768 2616 est.
1805 2549 1859 2606 in
1897 2558 2146 2607 creatura

567 2637 962 2714 quodammodo
1009 2638 1511 2711 comprehendatur.
1558 2640 1671 2710 ipsa
1724 2655 1855 2696 vero
1897 2651 2144 2697 creatura

566 2725 824 2784 ineffabili
863 2728 1130 2786 miraculo
1159 2731 1210 2784 in
1251 2727 1417 2786 Deum
1459 2741 1716 2786 vertatur.
1748 2729 1852 2787 Sed
1878 2729 2146 2788 sume-iant

569 2816 691 2882 ista,
721 2817 764 2873 si
797 2817 889 2876 tibi
918 2817 940 2849 ⁸
967 2815 1111 2876 clare
1137 2801 1448 2875 'iueeseant.
1484 2819 1626 2876 Disc.
1657 2817 1958 2876 Luccseunt
1985 2825 2142 2887 Sane,

565 2916 824 2973 quantum
869 2905 995 2961 talia
1025 2919 1227 2961 nostria
1271 2905 1544 2961 mentibus
1587 2907 1607 2940 "
1664 2908 1843 2965 lucere
1871 2909 2138 2964 sinuntur.

568 3001 641 3057 Dc
689 3015 745 3054 re
786 2998 927 3054 enim
971 2993 1226 3053 inelhbili
1263 3000 1392 3075 quis
1435 2999 1490 3058 in
1539 2999 1643 3058 hac
1691 2999 1799 3056 vita
1849 2999 2145 3058 luculenter

2247 1821 2371 1862 nam
2415 1814 2474 1864 et
2518 1822 2621 1882 ego
2661 1809 2732 1866 de
2773 1810 2878 1868 hoc
2919 1810 3146 1871 multum
3181 1815 3441 1881 admiror.
3469 1825 3526 1874 et
3549 1823 3823 1890 quomodo

2245 1898 2400 1967 haec,
2429 1914 2572 1973 quae
2597 1901 2847 1983 videntur
2872 1917 2995 1961 esse
3016 1909 3315 1973 contraria.
3343 1908 3446 1965 sibi
3472 1909 3700 1969 invicem
3727 1915 3820 1968 ad.

2245 1990 2449 2048 versari
2484 1999 2791 2064 nequeant.
2830 1993 3209 2068 quomodoque
3248 2011 3375 2054 vera
3421 2000 3564 2057 ratio
3606 2002 3672 2058 de
3715 2003 3821 2060 hue

2245 2080 2572 2138 consulenda
2598 2091 2702 2149 est,
2743 2082 2976 2154 optarim
3018 2097 3120 2158 per
3145 2094 3199 2143 te
3227 2101 3406 2144 nosse.
3454 2085 3598 2148 Diae.
3633 2089 3816 2164 ingre-

2246 2171 2394 2237 dere,
2423 2185 2645 2244 precor;
2688 2187 2815 2230 nam
2843 2171 2910 2230 de
2935 2174 3137 2233 talibus
3161 2192 3271 2237 non
3311 2194 3508 2250 meam,
3545 2183 3645 2238 sed
3670 2195 3816 2240 tuam

2245 2261 2575 2317 sententiain
2598 2262 3061 2341 ratiocinandique
3083 2266 3226 2322 viam
3249 2281 3499 2342 expecto.
3529 2268 3666 2329 Hae.
3698 2269 3821 2330 Pri-

2241 2366 2393 2408 mum
2421 2351 2625 2424 itaque,
2649 2352 2696 2408 si
2722 2353 2936 2411 videtur
2957 2353 3027 2422 ",
3068 2357 3138 2414 de
3175 2357 3295 2431 ipso
3323 2359 3562 2428 nomine,
3591 2365 3735 2434 quod
3763 2366 3818 2420 in

2244 2457 2403 2501 sacra
2446 2442 2730 2518 Scriptura
2763 2445 3174 2505 usitatissimum
3198 2456 3304 2516 est,
3320 2435 3528 2522 quod"
3549 2463 3634 2510 est
3651 2442 3816 2520 Deus.

2243 2535 2697 2594 considerandum
2729 2537 2988 2595 arbitror.
3019 2538 3282 2607 Quamvis
3315 2542 3463 2598 enim
3503 2543 3685 2601 multis
3718 2562 3818 2601 no-

2243 2627 2487 2684 minibus
2509 2625 2692 2684 divina
2718 2637 2914 2685 natura
2937 2629 3336 2698 denominatur.
3377 2641 3437 2688 ut
3461 2641 3546 2691 est
3573 2629 3817 2702 Bonitas,

2243 2719 2513 2787 Essentia,
2539 2711 2772 2788 Veritas,
2795 2729 3083 2792 ceteraque
3129 2721 3459 2792 huiusmodi,
3497 2723 3819 2796 frequentis-

2246 2811 2383 2870 sime
2408 2819 2589 2867 tamen
2613 2827 2677 2868 eo
2701 2811 2920 2869 nomine
2945 2811 3126 2868 divina
3149 2813 3320 2869 utitur
3339 2814 3643 2886 Scriptura.
3669 2816 3818 2874 Disc.

2247 2901 2411 2959 Plane
2441 2905 2671 2960 videtur.
2703 2904 2846 2960 Mite.
2880 2902 3050 2976 liuius
3081 2904 3261 2976 itaque
3288 2907 3525 2964 nominis
3553 2910 3821 2982 etymoioo

2245 2995 2336 3068 gia
2359 3011 2391 3050 a
2409 2994 2631 3053 Graecis
2656 3003 2927 3069 assumpta
2959 3006 3059 3052 est.
3091 2997 3192 3052 Aut
3219 2999 3363 3054 enim
3389 3013 3420 3053 a
3448 3000 3632 3066 vcibo,
3667 3004 3815 3071 quod

569 3101 743 3163 potest
789 3091 889 3148 lari
909 3133 925 3157 .
956 3099 1015 3150 ut
1060 3091 1198 3149 nihil
1233 3070 1466 3166 amplius
1511 3093 1893 3163 inquirentium
1922 3101 2145 3165 appetat
2173 3070 2220 3136 ε
2248 3095 2332 3142 est
2354 3086 2552 3164 θεωρῶ.
2584 3087 2682 3142 huc
2723 3096 2828 3150 est.
2874 3086 3045 3149 video,
3093 3086 3398 3152 dematur;
3431 3095 3525 3143 aut
3549 3100 3618 3143 ex
3648 3070 3832 3145 verba

572 3183 927 3244 desiderium,
968 3185 1286 3254 praesertim
1329 3200 1448 3239 eum
1485 3184 1634 3238 nulla.
1663 3183 1766 3238 alia
1810 3183 2146 3255 promittitur

573 3273 726 3329 nobis
753 3273 921 3345 gloria
960 3284 1175 3343 praeter
1199 3287 1408 3338 eorum,
1435 3289 1574 3342 quae
1602 3272 1688 3329 hic
1716 3287 1813 3343 per
1840 3273 1998 3328 ﬁdem
2026 3288 2144 3330 crc-

567 3367 787 3429 duntur,
811 3374 868 3420 et
899 3367 1106 3420 ratione
1125 3373 1473 3435 quaennitur.
1503 3374 1564 3426 et
1585 3374 1840 3435 quantum
1869 3365 1993 3421 licet
2019 3380 2145 3422 sua-

530 3471 543 3484 ·
567 3453 780 3516 dentur.
807 3456 858 3507 in
881 3452 1062 3508 futura
1081 3453 1190 3508 vita
1209 3468 1304 3523 per
1317 3452 1740 3525 caperimentum
1760 3453 2139 3526 cognitionem!

566 3542 706 3602 MAG.
740 3544 910 3601 Caute
935 3559 1002 3600 ac
1033 3543 1420 3602 rationabiliter
1450 3545 1729 3600 existimas
1749 3544 1797 3600 ⁸.
1817 3543 2052 3603 Proinde
2073 3546 2143 3603 ad

563 3649 654 3701 ea,
680 3649 820 3705 quae
848 3634 1118 3706 proposita
1142 3642 1288 3698 sunt,
1317 3633 1418 3688 hoc
1447 3643 1550 3700 est,
1583 3633 1653 3689 ad
1688 3633 2009 3692 divisionem
2039 3634 2144 3692 Na-

565 3733 720 3779 turae
766 3723 1094 3779 redeuntium
1124 3737 1247 3778 esse
1279 3722 1304 3754 ⁹
1335 3736 1550 3778 censeo.
1599 3720 1748 3779 Diae.
1790 3722 2142 3781 Rcdeundum

563 3829 716 3878 sane.
747 3815 1001 3886 quoidam
1039 3813 1232 3869 tundus
1258 3812 1644 3870 observantius
1667 3822 1752 3870 est
1778 3813 1833 3868 in
1864 3815 1976 3878 bis,
2003 3829 2144 3885 quae

561 3903 787 3962 dicenda
807 3914 952 3969 sunt,
971 3910 1028 3958 ut
1049 3903 1119 3959 ad
1143 3903 1304 3961 tinem
1321 3902 1590 3975 quendam
1609 3904 1818 3976 possint
1835 3905 2142 3976 pervenire.

641 3992 732 4049 il.
778 3991 920 4049 Ilio.
968 3991 1372 4049 Praedictarum
1418 3994 1600 4065 itaque
1641 3991 1878 4062 Naturae
1916 3995 2142 4052 divisio-

567 4100 694 4142 num
754 4082 798 4119 '°
841 4085 1014 4156 prima
1047 4083 1364 4142 uiderentur
1409 4085 1564 4143 nobis
1601 4085 1716 4144 visa
1763 4095 1848 4143 est
1894 4087 1950 4149 in
1993 4101 2139 4155 eam,

563 4191 706 4250 quae
741 4187 889 4233 creat
916 4184 970 4232 ct
1002 4191 1105 4232 non
1135 4185 1370 4232 creatur.
1401 4173 1514 4232 Nec
1543 4175 1832 4240 immerito.
1859 4177 1989 4248 quia
2020 4175 2142 4233 talis

565 4265 801 4326 Naturae
825 4269 1037 4340 species
1063 4268 1130 4323 de
1165 4266 1279 4325 Deo
1311 4267 1428 4324 solo
1470 4275 1615 4323 recte
1653 4267 2013 4337 praedicatur,
2045 4266 2137 4339 qui

563 4357 712 4416 solus
741 4359 918 4414 omnia
948 4359 988 4391 “
1019 4373 1213 4414 creans
1239 4355 1491 4438 ἄναρχος,
1523 4359 1625 4413 huc
1651 4366 1756 4424 est,
1788 4359 1905 4414 sine
1933 4357 2134 4428 princi-

2245 3181 2364 3245 θέω,
2403 3181 2506 3236 hoc
2531 3191 2633 3246 est,
2661 3197 2856 3248 curro;
2891 3192 3004 3246 aut,
3031 3179 3173 3249 quod
3198 3179 3531 3249 probabilius
3553 3187 3657 3245 est.
3688 3181 3816 3252 quia

2246 3287 2388 3328 unus
2416 3274 2662 3344 idemque
2701 3274 3001 3330 intellectus
3045 3275 3187 3330 inest
3205 3273 3275 3340 ",
3313 3275 3382 3331 ab
3415 3279 3645 3346 otioque
3673 3273 3818 3330 deri-

2245 3363 2361 3419 vari
2389 3361 2537 3419 recte
2566 3364 2761 3421 dicitur
2785 3365 2850 3418 ³⁸.
2898 3362 3033 3420 Nam
3057 3380 3181 3420 cum
3206 3379 3239 3419 a
3269 3366 3434 3419 verbo
3457 3365 3628 3441 θεωρῶ
3652 3363 3819 3420 deduc

2243 3454 2389 3510 citur
2409 3454 2558 3519 Θιός,
2589 3455 2776 3509 videns
2805 3455 3204 3523 interpretatur.
3232 3451 3352 3525 Ipse
3372 3453 3518 3508 enim
3541 3453 3724 3509 omnia
3744 3452 3814 3516 ”.

2243 3560 2385 3614 quae
2412 3555 2560 3618 sunt,
2595 3549 2649 3604 in
2672 3560 2851 3616 seipse
2881 3547 3044 3610 ridet,
3071 3545 3196 3602 dum
3229 3545 3363 3600 nihil
3392 3556 3546 3601 extra
3580 3546 3820 3616 seipsum

2242 3636 2493 3706 aspiciat,
2523 3650 2646 3705 quia
2676 3635 2812 3692 nihil
2836 3645 2991 3690 extra
3024 3632 3268 3705 seipsum
3293 3643 3403 3692 est.
3443 3635 3578 3692 Cum
3618 3651 3744 3691 vero
3770 3635 3818 3668 "

2242 3741 2275 3780 a
2313 3725 2479 3782 verbo
2509 3729 2632 3786 et».
2659 3727 2782 3784 Θεὸς
2845 3740 3075 3782 currens
3122 3735 3272 3784 recte
3317 3726 3653 3799 intelligitur.
3703 3726 3820 3796 Ινςε

2242 3815 2386 3872 enim
2408 3815 2464 3870 in
2485 3830 2664 3871 omnia
2697 3817 2894 3879 currit,
2923 3823 2981 3869 et
3005 3813 3154 3871 nullo
3182 3816 3342 3873 modo
3363 3824 3493 3880 stat,
3521 3816 3613 3872 sed
3637 3817 3816 3874 onusta
3866 3830 3869 3831 '

2243 3905 2511 3961 currendo
2533 3905 2739 3975 implet.
2761 3904 2902 3961 sicut
2925 3904 3187 3979 scriptum
3212 3916 3336 3961 est:
3377 3903 3628 3962 Velociter
3656 3908 3818 3960 currit

2242 4009 2412 4049 sermo
2445 3993 2580 4064 ejus.
2627 3991 2882 4049 Attamen
2918 3991 3066 4048 nullo
3094 3993 3254 4050 modo
3278 4003 3558 4050 movetur:
3597 3992 3666 4050 de
3708 3993 3818 4049 Deo

2241 4081 2510 4153 siquidem
2543 4083 2826 4138 verissime
2853 4081 3056 4137 dicitur
3085 4090 3266 4140 motus
3292 4081 3524 4147 stabilis,
3555 4091 3613 4138 et
3643 4091 3818 4139 status

2243 4170 2478 4228 mobilis.
2509 4172 2632 4230 Stat
2656 4174 2802 4230 enim
2831 4173 2886 4228 in
2916 4174 3097 4243 seipse
3122 4165 3656 4240 incommutabiliter,
3681 4191 3818 4230 nuu-

2240 4277 2403 4334 quam
2429 4263 2728 4319 naturalem
2765 4278 2918 4319 suam
2961 4263 3308 4320 stabilitatem
3335 4265 3611 4322 deserens.
3642 4263 3817 4321 Movet

2242 4364 2424 4411 autem
2467 4356 2702 4427 seipsum
2747 4368 2844 4426 per
2882 4357 3088 4422 omnia,
3133 4363 3191 4412 nt
3239 4359 3348 4414 sint
3383 4373 3470 4422 ea.
3509 4372 3650 4428 quae
3685 4372 3717 4413 a
3755 4373 3817 4415 se

567 4448 657 4520 pio
687 4449 1016 4522 intelligitur.
1045 4448 1168 4519 quia
1192 4417 1502 4520 principalis
1526 4462 1687 4504 causa
1711 4417 1970 4513 omnium,
1998 4462 2140 4518 quae
2168 4417 2219 4478 θ
2243 4417 2602 4506 essentialiter
2640 4447 2981 4527 subsistunt;
3035 4457 3182 4504 motu
3228 4445 3374 4504 enim
3423 4445 3592 4519 ipsius
3635 4448 3812 4505 omnia

564 4554 630 4594 ex
665 4540 779 4608 ipso
805 4550 857 4593 et
885 4553 983 4606 per
1010 4540 1184 4608 ipsum
1229 4537 1368 4594 facta
1414 4547 1561 4604 sunt,
1607 4537 1753 4602 solus
1784 4547 1893 4603 est.
1936 4553 2002 4594 ac
2040 4552 2141 4610 per
2245 4539 2401 4595 liunt.
2429 4543 2510 4598 Ac
2549 4552 2646 4608 per
2687 4540 2792 4593 hoc
2838 4553 2980 4593 unus
3010 4537 3276 4609 iidemque
3314 4538 3618 4595 intellectus
3646 4548 3731 4595 est
3761 4539 3816 4593 in

570 4630 672 4685 hoc
699 4641 752 4684 et
783 4629 1042 4692 omnium,
1090 4642 1230 4698 quae
1268 4643 1340 4684 ex
1381 4643 1442 4685 se
1488 4639 1634 4694 sunt,
1675 4628 1798 4684 ﬁnis
1825 4635 1930 4684 est.
1960 4627 2136 4701 ipsum
2242 4629 2454 4684 duabus
2499 4627 3035 4697 interpretationibus
3073 4626 3314 4695 ejusdem
3362 4628 3622 4695 nominis,
3670 4630 3814 4702 quod

565 4721 711 4777 enim
739 4720 918 4776 omnia
950 4729 1226 4791 appetunt.
1276 4719 1371 4775 Est
1414 4721 1578 4791 igitur
1627 4719 1975 4792 principium,
2019 4734 2137 4776 me-
2242 4727 2328 4774 est
2357 4717 2518 4776 Deus.
2548 4715 2665 4772 Non
2696 4718 2840 4772 enim
2878 4717 3021 4771 aliud
3039 4727 3133 4772 est
3162 4717 3272 4772 Deo
3297 4732 3520 4773 currere
3560 4732 3658 4789 per
3691 4733 3812 4773 ou.-

571 4814 715 4871 dium
741 4819 794 4866 et
823 4812 963 4866 linis.
999 4810 1350 4881 Principium,
1383 4810 1526 4881 quia
1567 4827 1633 4869 ea
1676 4826 1736 4868 se
1771 4821 1898 4868 sunt
1930 4811 2134 4877 omnia,
2243 4809 2357 4876 nia,
2384 4825 2543 4881 quam
2572 4810 2752 4864 videre
2781 4809 2995 4876 omnia;
3037 4809 3130 4863 sed
3161 4809 3303 4864 sicut
3337 4809 3591 4876 videndo,
3641 4812 3714 4866 ita
3757 4820 3812 4866 ιι

549 4917 707 4975 Αυιιε
748 4905 1035 4958 essentiam
1086 4903 1439 4973 participant;
1487 4901 1718 4959 medium
1765 4913 1969 4968 autem.
2007 4903 2133 4975 quia
2239 4899 2505 4956 currendo
2533 4896 2651 4972 [per
2676 4895 2824 4970 eum]
2848 4897 2895 4929 “
2924 4899 3059 4951 liunt
3083 4900 3283 4954 omnia.
3324 4897 3476 4955 Disc.
3503 4898 3583 4955 De
3608 4909 3816 4976 etymo-

571 4995 625 5049 iu
647 4996 781 5065 ipso,
804 5004 854 5048 ct
877 5010 972 5063 per
995 4995 1164 5064 ipsum
1197 4994 1236 5025 ι’
1255 4993 1736 5065 subsistuntatqne
1760 4993 2132 5060 moventur”;
2244 4990 2380 5061 logia
2411 4989 2643 5044 nominis
2671 4990 2802 5045 satis
2828 5007 2891 5044 ac
2923 4988 3270 5059 probabiliter
3297 5005 3519 5048 suasum
3556 4999 3660 5047 est.
3703 4988 3813 5047 Sed

569 5084 691 5142 linis
719 5100 865 5148 vero.
895 5087 1018 5156 quia
1058 5085 1122 5140 ad
1170 5084 1343 5153 ips'um
1387 5091 1671 5141 moventur
1695 5083 1930 5154 quietem
1962 5094 2140 5140 motus
2243 5096 2351 5140 non
2377 5081 2512 5138 satis
2539 5081 2709 5144 video,
2741 5094 2847 5150 quo
2877 5094 2934 5136 se
2960 5088 3192 5144 moveat,
3221 5082 3311 5151 qui
3340 5081 3541 5153 ubique
3567 5090 3671 5148 est,
3695 5080 3817 5138 sine

1855 5233 2109 5292 VARIAE
2143 5231 2540 5293 LECTIONES.

626 5375 641 5402 ⁶
674 5368 806 5424 ιῖΙιΕ
839 5372 924 5421 ait.
1009 5372 1029 5401 '
1060 5369 1098 5421 Α
1128 5384 1264 5420 nunc
1291 5369 1420 5421 nihil
1443 5369 1496 5422 in
1522 5385 1605 5423 ea.
1661 5367 1682 5402 ³
1706 5370 1760 5423 in
1784 5384 1848 5422 ea
1873 5382 1987 5422 om.
2007 5367 2073 5421 Α.
2168 5364 2192 5398 ⁸
2215 5365 2305 5421 Sic
2333 5363 2497 5430 COE;
2521 5366 2562 5418 Α
2594 5367 2910 5435 spiritus.)
2931 5363 3059 5419 Aet.
3135 5365 3159 5398 ⁸
3182 5363 3284 5435 Pro
3312 5370 3355 5419 si
3378 5365 3469 5418 tibi
3491 5365 3669 5422 Csibi.
3719 5365 3816 5423 ⁷1)

573 5444 825 5493 mentibus
858 5440 1063 5492 nostris.
1141 5439 1164 5470 ⁸
1187 5437 1279 5493 Sic
1307 5436 1469 5503 CDE;
1503 5437 1545 5492 Α
1567 5441 1830 5493 aestimas.
1911 5439 1936 5475 θ
1960 5453 2070 5490 esse
2094 5451 2203 5492 om.
2222 5437 2284 5490 Α.
2362 5435 2459 5489 ¹⁰Α
2481 5433 2796 5489 divisionum
2825 5433 3083 5503 Naturae.
3163 5437 3202 5468 “
3223 5434 3478 5502 SicCDE;
3502 5436 3813 5496 “animum.

571 5513 614 5540 ιτ
656 5510 747 5564 Sic
775 5509 934 5566 limi;
967 5510 1009 5563 ἰ)
1043 5510 1096 5562 in
1136 5508 1310 5577 seipse
1350 5518 1406 5560 et
1448 5523 1544 5578 per
1578 5510 1829 5577 “ipsum.
1907 5506 1953 5539 ⁸³
1991 5506 2084 5563 Sic
2103 5506 2344 5578 QDE;A
2373 5515 2662 5578 moventur
2681 5503 2878 5578 omnia.
2955 5502 3011 5578 “_
3039 5503 3134 5578 Sic
3160 5506 3324 5578 CDE;
3353 5509 3391 5578 li
3415 5507 3471 5561 in
3496 5522 3551 5560 re
3577 5515 3627 5560 et
3648 5522 3811 5578 eaea.

572 5579 616 5610 ⁸³
639 5580 678 5631 l3
697 5595 777 5630 me
803 5595 1012 5644 parum.
1090 5578 1190 5630 "A
1209 5567 1494 5646 intiouatio
1519 5567 1728 5642 nostra;
1757 5587 1934 5631 nostra
1962 5593 2067 5632 om.
2110 5573 2170 5631 C.
2249 5567 2290 5608 "
2316 5577 2356 5629 Α
2377 5573 2531 5644 {urile
2551 5590 2686 5646 non.
2751 5574 2797 5607 "
2835 5572 2941 5629 Pro
2965 5575 3012 5629 si
3037 5567 3604 5646 videturA'fuudetur.
3682 5577 3730 5614 ιι
3765 5567 3807 5626 Α

571 5650 712 5722 quid.
791 5649 835 5683 '°
867 5651 910 5702 Α
939 5659 1034 5704 est.
1115 5650 1153 5684 “
1195 5645 1282 5703 ΟΕ
1308 5649 1579 5718 arripitur.
1654 5649 1700 5678 ²²
1739 5649 1912 5703 omnia
1942 5663 2052 5703 cui.
2095 5648 2132 5704 Α

2247 5647 2279 5680 ¹²
2321 5647 2358 5700 Α
2387 5657 2576 5705 autem.
2653 5645 2698 5676 "
2735 5658 2967 5714 pereunt
3001 5657 3115 5700 0m.
3153 5644 3302 5699 ΟΜΖ.
