4236 6072
390 910 426 932 δ

470 159 572 219 663

1846 159 2127 220 JOANNIS
2166 160 2363 218 SCOTI

3611 179 3713 233 £64

473 266 602 334 Ιίιιίῑι
641 281 818 323 rerum
851 267 1188 324 disruetiuuis
1238 275 1508 338 repertor.
1552 269 1789 324 omnium
1844 267 2041 330 reriuu.
2076 273 2119 330 Α
2148 271 2473 341 significare.
2494 270 2623 326 Nam
2645 271 2690 327 si
2712 272 3125 329 sublimissimae
3147 281 3455 329 naturarum
3471 271 3712 332 ninnium

475 377 610 430 quae
645 372 761 430 post
794 361 957 416 Deum
977 371 1120 425 sunt,
1154 370 1207 416 et
1235 361 1304 416 ab
1330 371 1654 428 eocreatae,
1686 363 1702 394 ³
1736 364 2050 417 innumera-

476 453 612 508 biles
659 451 948 509 varietates
978 454 1029 507 in
1075 455 1258 508 decent
1312 441 1707 508 ttttirrrsalibus
1761 455 2048 525 generibus

477 543 760 607 conclusit,
803 560 941 612 quae
982 545 1167 599 decent
1195 545 1515 615 categorias,
1544 546 1725 609 idest,
1771 547 2048 620 praedica-

477 642 656 690 menla
682 635 910 690 vocavit.
943 635 1086 690 Nihil
1109 636 1273 700 enim,
1300 646 1358 689 ut
1385 637 1436 691 ei
1467 637 1643 692 visum
1685 638 1727 700 ³,
1768 638 1819 691 in
1861 639 2044 694 inulti-

476 725 662 780 tudine
703 737 1015 792 creatarum
1039 742 1241 792 rerum,
1267 729 1536 805 variisque
1565 730 1864 785 animorum
1890 732 2051 792 uteti-

478 817 578 875 bus
605 818 829 875 inveniri
863 828 1062 888 potest,
1087 819 1227 888 quod
1251 821 1306 888 in
1332 819 1514 892 aliquo
1533 823 1928 892 praedictorum
1954 839 2048 894 ge-

478 923 669 964 nerum
692 909 890 965 includi
923 925 1026 966 non
1055 911 1242 981 possit.
1275 911 1418 974 Haec
1447 922 1628 972 autem
1650 928 1680 967 a
1701 913 1926 970 Graecis
1950 931 2048 968 vo-

476 1013 673 1056 cantur
697 1004 867 1067 οὗσία.
887 1004 1130 1065 «warns,
1147 1003 1354 1068 ποιότης
1376 1002 1422 1069 ³,
1445 1005 1573 1081 πρὸς
1593 1028 1662 1068 τι,
1691 1009 1900 1061 κεῖσθαι.
1923 1006 2046 1074 ἕξις,

478 1090 654 1156 τόπος,
704 1093 916 1168 χρόνος..
963 1094 1229 1169 πράττειν,
1257 1097 1448 1152 παθεῖν.
1482 1095 1630 1162 Quae
1674 1093 1929 1149 latialiter
1965 1096 2047 1150 di-

457 1195 674 1242 cuntur
729 1187 971 1252 essentia,
1007 1188 1294 1258 quantitas,
1335 1187 1584 1257 qualitas,
1611 1187 1681 1242 nd
1724 1188 1945 1259 aliquid,
1977 1189 2048 1242 si-

480 1285 584 1340 tas,
614 1277 842 1343 habitus,
871 1277 1038 1342 lorus,
1069 1287 1290 1346 tempus,
1321 1295 1491 1349 agere.
1541 1281 1670 1348 pati.
1723 1277 1926 1334 llorunt
1956 1295 2056 1332 au-

483 1375 586 1421 tem
632 1366 818 1421 decem
869 1382 900 1437 g
936 1355 1126 1426 uerum
1183 1367 1605 1423 innumerabiles
1660 1367 2052 1424 subdisisiones

480 1465 629 1518 sunt,
677 1456 746 1510 de
792 1455 988 1525 quibus
1024 1472 1170 1512 nunc
1210 1448 1482 1528 disputare
1507 1441 1760 1528 praesens
1783 1449 2050 1531 negotium

482 1561 588 1600 non
633 1543 888 1611 admittit,
924 1561 992 1602 ne
1047 1545 1258 1620 longius
1293 1534 1344 1620 al,
1377 1547 1651 1619 preposito
1715 1549 2052 1616 recedamus,

2149 375 2398 434 posteam
2418 365 2784 420 ordinaturum
2813 374 3028 422 creatae
3051 380 3271 430 causae,
3297 362 3533 435 solisque
3549 378 3717 435 purae

2149 457 2343 510 utentis
2361 457 2665 526 aspectibus
2693 455 3030 528 perstricnae,
3046 457 3115 511 ab
3129 471 3235 512 una
3269 455 3507 512 omnium
3534 451 3718 510 inclia-

2147 548 2237 603 bili
2273 565 2432 604 causa
2463 549 2780 605 excellentia
2811 549 3078 615 esset-tiae
3109 551 3458 613 deseruntur,
3488 558 3548 604 ut
3573 545 3720 614 nullo

2149 641 2308 697 modo
2331 657 2515 696 eamim
2547 641 2818 696 vocabulis
2851 657 2914 696 ea
2932 641 3154 712 proprie
3181 641 3352 713 possit
3381 641 3673 708 significari
3697 656 3712 695 :

2145 733 2273 801 quid
2318 730 2605 787 dicendum
2652 743 2734 788 est
2781 734 2849 788 de
2896 733 2980 788 his
3025 733 3214 790 decem
3239 733 3528 803 generibus
3556 747 3718 804 prae-

2112 850 2114 852 -
2147 825 2473 893 dictis,quae
2493 839 2596 878 non
2619 823 2790 878 solum
2811 824 2864 878 in
2892 825 3050 878 rebus
3067 822 3509 894 intelligihilibus,
3532 838 3718 878 verum

2144 917 2305 972 etiam
2339 916 2391 970 in
2424 917 2581 972 rebus
2627 917 2974 974 sensibilibus
3002 916 3422 986 dignoscuntur?
3451 915 3718 987 Numquid

2147 1006 2402 1064 credibile
2441 1016 2546 1070 est,
2587 1016 2644 1062 ut
2687 1021 2818 1063 vere
2857 1022 2923 1062 ac
2953 1006 3172 1078 proprie
3220 1006 3290 1063 de
3336 1006 3514 1067 divina
3545 1014 3721 1076 atque

2149 1096 2399 1154 ineffabili
2439 1112 2628 1164 natura
2677 1113 2804 1167 prae
2825 1098 3094 1156 liceatur?
3121 1099 3160 1134 ¹¹
3204 1100 3348 1157 Disc.
3386 1099 3461 1156 Ita
3489 1099 3722 1159 arbitror

2149 1189 2466 1245 incredibile
2487 1205 2626 1246 esse.
2675 1189 2795 1248 Non
2830 1200 2914 1247 est
2955 1191 3118 1261 igitur
3141 1194 3307 1257 οὐσία,
3338 1192 3461 1267 quia
3490 1193 3611 1264 plus
3635 1201 3728 1255 est

2149 1297 2310 1352 quam
2341 1284 2521 1345 οὐσίας
2569 1285 2625 1336 et
2667 1293 2846 1341 tamen
2887 1282 3081 1343 dicitur
3125 1285 3295 1348 οὐσία,
3325 1285 3447 1354 quia
3480 1285 3721 1341 omnium

2149 1375 2350 1437 οὖσιῶν,
2369 1371 2435 1426 οΙιΙ
2481 1381 2566 1428 est
2592 1372 2636 1410 ¹²
2663 1372 3044 1438 essetuiartttu,
3068 1373 3299 1431 creatrix
3345 1384 3443 1452 est.
3475 1374 3590 1432 Non
3641 1384 3724 1431 est

2151 1465 2422 1535 quantitas
2466 1462 2530 1529 ‘~',
2579 1463 2703 1535 quia
2746 1463 2864 1534 plus
2889 1480 3051 1534 quam
3076 1465 3348 1542 quantitas
3382 1475 3483 1522 est.
3533 1466 3724 1524 Omnis

2151 1556 2295 1612 enim
2320 1556 2590 1626 quantitas
2617 1557 2791 1611 tribus
2815 1556 3004 1624 spatiis
3040 1556 3367 1622 extenditur,
3397 1557 3725 1629 longitudine

483 1638 798 1704 praesertim
837 1653 958 1694 cum
989 1630 1084 1708 illa
1109 1655 1236 1710 pars
1262 1639 1651 1712 philosophiae,
1691 1656 1830 1712 quae
1857 1641 2056 1701 dicitur
2081 1631 2126 1694 Β
2152 1647 2366 1717 quidem
2391 1687 2407 1709 ,
2452 1639 2765 1710 latitudine,
2802 1645 3101 1704 altitudine.
3141 1651 3290 1714 uuae
3318 1646 3513 1708 iterum
3547 1647 3593 1679 “
3622 1647 3721 1701 tria

484 1727 787 1794 dialectica,
826 1731 970 1786 circa
1003 1731 1196 1786 horum
1223 1747 1481 1803 generum
1511 1731 1807 1789 divisiones
1830 1750 1860 1787 a
1887 1743 2053 1804 gene-

487 1817 770 1878 ralissimis
795 1820 863 1874 ad
894 1822 1303 1891 specialissima.
1329 1823 1630 1896 iterumque
1669 1824 2054 1886 oollectioncs‘

483 1924 514 1964 ε
545 1910 949 1980 Specialissimis
976 1915 1040 1967 ad
1060 1913 1471 1985 generalissitna
1502 1902 1749 1973 versetur
1768 1916 1812 1972 ⁸.

559 2003 645 2058 l5.
708 2003 836 2067 Sed.
872 2015 934 2062 ut
969 2005 1047 2062 ait
1084 2016 1304 2066 sanctus
1346 2017 1500 2080 pater
1526 2010 1861 2081 Augustinus
1891 2010 1944 2066 in
1991 2010 2058 2069 li-

487 2095 600 2150 hris
647 2096 714 2149 de
765 2096 1046 2163 Trinitate,
1105 2098 1228 2158 dum
1285 2099 1352 2153 ad
1382 2098 1904 2173 °theologiam,hoe
1950 2112 2055 2172 est,

484 2187 554 2241 ad
595 2185 810 2242 divinae
865 2187 1133 2247 essentiae
1195 2190 1658 2262 investigationem
1715 2195 2058 2264 pervenitur,

487 2276 878 2348 categoriarnm
930 2279 1101 2334 virtus
1140 2279 1363 2336 onutino
1407 2282 1758 2352 extinguitur.
1807 2283 1940 2338 Nam
1971 2341 1976 2345 _
2004 2286 2055 2340 iu
2090 2306 2092 2308 τ

487 2367 620 2438 ipsis
648 2367 858 2423 naturis
882 2383 913 2442 a
947 2371 1055 2425 Deo
1082 2371 1339 2436 conditis,
1369 2373 1712 2442 motibusque
1738 2391 1945 2438 earinn,
1969 2391 2059 2432 ca-

492 2460 731 2529 tegorias
764 2460 1156 2533 qualiscunque
1184 2464 1254 2517 sit
1289 2464 1548 2534 potentia,
1581 2467 1874 2536 praevalet.
1907 2467 1962 2524 hi
1995 2484 2058 2522 ea

489 2565 616 2604 vero
643 2559 855 2616 natura,
886 2566 1025 2620 quae
1065 2567 1163 2608 nec
1191 2554 1316 2619 dici,
1347 2568 1446 2610 nec
1477 2555 1697 2628 intelligi
1728 2565 1924 2628 potest,
1944 2575 2059 2636 .per

489 2644 665 2699 omnia
692 2645 744 2698 iu'
764 2646 1014 2702 omnibus
1043 2647 1241 2703 delicit.
1265 2648 1538 2713 Attamen,
1572 2661 1631 2720 ut
1657 2651 2018 2720 praediximus
2042 2693 2060 2717 ,

491 2735 946 2802 quemadmodum
993 2737 1106 2792 fere
1132 2740 1339 2804 omnia,
1377 2755 1516 2809 quae
1566 2741 1632 2797 de
1687 2751 1883 2798 natura
1932 2758 2062 2800 cou-

483 2822 721 2891 ditaruu:
755 2840 932 2880 rerum
982 2829 1198 2898 proprie
1233 2830 1629 2900 praedicantur,
1677 2831 1744 2886 de
1771 2828 2057 2886 conditore

492 2931 670 2970 rerum
698 2932 794 2988 per
837 2920 1240 2989 metaphoram,
1275 2920 1609 2990 significandi
1642 2921 1838 2992 gratia,
1871 2921 2061 2978 dicun-

2155 1735 2326 1809 spatia
2349 1734 2563 1794 senario
2589 1735 2986 1805 protenduntur
3015 1750 3261 1794 innuero.
3290 1733 3422 1793 Nam
3453 1735 3727 1807 longitudo

2153 1842 2373 1884 sursum
2413 1836 2469 1882 et
2508 1823 2794 1892 deorsum;
2843 1824 3068 1885 latitudo
3114 1826 3456 1890 dextrorsum
3501 1835 3555 1886 et
3598 1825 3728 1881 sini-

2155 1928 2445 1983 strorsum;
2475 1916 2699 1990 altitudo
2729 1924 2855 1971 ante
2879 1923 2933 1975 et
2960 1906 3105 1972 retro
3128 1917 3465 1987 protenditur
3492 1916 3558 1971 ¹³.
3587 1917 3730 1973 Deus

2155 2021 2334 2066 autem
2365 2009 2510 2066 omni
2553 2007 2727 2083 spatio
2773 2017 2943 2064 caret.
2990 2007 3154 2066 Caret
3201 2008 3362 2080 igitur
3405 2009 3727 2079 quantitate.

2154 2099 2285 2157 Item
2314 2096 2777 2172 quantitas'fest]
2817 2098 2928 2154 "in
2959 2113 3187 2157 numero
3215 2099 3469 2169 partium,
3506 2107 3595 2152 aut
3629 2115 3727 2153 na-

2158 2192 2400 2248 turaliter
2440 2189 2877 2261 conjuuetarum,
2919 2199 2981 2246 ut
3005 2200 3091 2246 est
3113 2190 3253 2249 linea
3282 2200 3382 2257 aut~
3403 2189 3446 2223 '7
3476 2199 3686 2262 tempus
3705 2230 3729 2254 .

2157 2286 2263 2340 aut"
2281 2281 2607 2338 naturaliter
2637 2281 3060 2355 disjuut-taruut,
3096 2288 3160 2336 ut
3193 2289 3319 2337 sui-it
3360 2281 3589 2344 muneri,
3635 2296 3727 2344 seu
3763 2321 3772 2330 .

2157 2373 2502 2445 corporales,
2549 2389 2644 2431 seu
2682 2372 3063 2445 iutelligibiles.
3103 2371 3291 2426 Divina
3341 2371 3388 2403 “'
3431 2372 3728 2428 substantia

2159 2484 2258 2524 nec
2302 2465 2572 2522 continuis
2634 2464 2878 2536 partibus
2918 2460 3302 2535 componitur,
3357 2476 3456 2524 nec.
3500 2460 3738 2520 diriditis-

2159 2556 2524 2630 distinguitur.
2580 2554 2695 2614 Non
2739 2563 2822 2612 est
2869 2554 3034 2626 igitur
3090 2552 3382 2626 quantitas.
3445 2551 3754 2626 Quantitas

2163 2659 2342 2717 tamen
2393 2662 2500 2702 non
2547 2645 2838 2715 incongrue
2885 2641 3263 2705 denominatur
3298 2642 3506 2703 duobus
3537 2643 3730 2707 modis.

2163 2748 2256 2792 aut
2295 2737 2420 2808 quia
2467 2735 2736 2804 quantitas
2784 2747 2943 2803 saepe
2982 2747 3078 2801 pro
3109 2731 3474 2803 magnitudine
3519 2733 3733 2788 virtutis

2161 2829 2399 2900 ponitur,
2439 2835 2532 2880 aut
2557 2824 2680 2896 quia
2715 2823 2878 2882 tutius
2915 2820 3247 2893 quantitatis
3283 2819 3604 2892 principium
3651 2829 3734 2882 est

2161 2929 2220 2978 et
2243 2933 2424 2976 causa.
2469 2916 2546 2972 De
2570 2915 2826 2986 qualitate
2863 2925 3076 2984 quoque
3109 2925 3215 2966 non
3251 2909 3403 2966 aliter
3439 2904 3730 2978 intelligerp

494 3017 610 3064 tur:
680 2981 754 3063 iia
774 3010 940 3066 etiam
977 2981 1375 3082 categoriarum
1420 2981 1845 3086 signiﬁcationes
1869 3056 1884 3080 ,
1922 3031 2062 3086 quae
2087 2981 2134 3048 ο
2165 3011 2312 3066 dum.
2353 3005 2502 3062 Nulla
2531 2981 2674 3062 enim
2707 3004 2850 3060 Deus
2877 2981 3107 3072 qualitas
3130 2997 3239 3063 est,
3267 2999 3409 3053 nulla
3437 2998 3485 3052 ei
3513 2998 3734 3060 accidit,

494 3100 716 3172 proprie
749 3099 806 3156 in
858 3103 1018 3158 rebus
1055 3104 1286 3160 conditis
1331 3104 1742 3176 dignoscantur,
1790 3107 1857 3164 de
1900 3123 2065 3164 causa

488 3190 733 3247 omnium
760 3206 866 3247 non
896 3191 1130 3263 absurde
1171 3203 1393 3266 posset:
1417 3194 1674 3266 proferri,
1703 3213 1810 3253 non
1841 3208 1898 3253 ut
1938 3214 2063 3268 pro-

491 3294 607 3348 prie
627 3279 949 3350 signiﬁcent,
972 3281 1101 3352 quid
1127 3282 1238 3353 ipsa
1264 3283 1351 3348 sit,
1381 3283 1473 3339 sed
1494 3293 1549 3339 ut
1580 3284 1912 3350 trauslatire,
1938 3289 2084 3354 quid,

490 3371 556 3424 de
595 3383 656 3423 ea
694 3370 845 3424 nobis
877 3371 1269 3440 quodammodo
1299 3387 1420 3428 eam
1451 3373 1842 3444 inquirentibus
1873 3377 2064 3446 proba-

490 3461 670 3517 biliter
693 3462 1035 3532 cogitandum
1080 3472 1183 3529 est,
1211 3463 1471 3519 suadeant
1495 3464 1538 3518 ⁷.
1584 3465 1722 3520 lusu.
1751 3464 1906 3521 Clare
1935 3482 2062 3522 con-

490 3553 680 3624 spicio,
709 3553 848 3607 nulla
871 3554 892 3584 ⁸
919 3554 1126 3610 ratione
1150 3550 1447 3624 categorias
1475 3555 1542 3612 de
1567 3563 1758 3610 natura
1808 3554 2063 3613 ineliahill

491 3647 705 3715 proprie
735 3661 892 3716 posse
921 3646 1241 3716 praedicari.
1271 3645 1406 3702 Nam
1433 3648 1478 3704 si
1515 3646 1540 3680 ’
1560 3649 1738 3720 aliqua
1767 3649 2063 3721 categoria-

489 3754 607 3793 rtnn
639 3738 704 3791 de
735 3739 844 3792 Deo
871 3739 1087 3808 proprie
1114 3741 1536 3809 praedicaretur,
1568 3741 1874 3798 necessario
1896 3756 2064 3812 genus

488 3842 608 3882 esse
656 3827 795 3881 [)cus
842 3838 1174 3899 sequeretur.
1227 3829 1370 3884 Deus
1408 3840 1586 3886 autem
1618 3847 1716 3887 nec
1745 3847 1935 3903 genus,
1964 3849 2066 3888 nec

488 3918 718 3987 species,
749 3933 849 3979 nec
873 3919 1123 3975 arridens
1146 3929 1248 3976 est.
1276 3919 1430 3975 Nulla
1461 3922 1621 3994 igitur
1643 3925 1915 3995 categoria
1941 3941 2061 3996 pro-

491 4010 603 4080 prie
649 4010 814 4064 Dettut
844 4009 1149 4081 signiﬁcare
1178 4021 1372 4081 potest.
1409 4012 1548 4070 idae.
1600 4015 1764 4070 lter-te
1813 4012 2060 4072 intueris.

487 4100 602 4156 Non
627 4103 669 4135 ¹⁶
700 4103 751 4157 in
773 4117 990 4168 vanum,
1017 4113 1077 4158 ut
1096 4105 1354 4171 arbitror,
1378 4104 1430 4160 in
1456 4107 1742 4176 praedictis
1767 4108 2064 4164 rationibus

489 4192 714 4247 duarum
761 4194 992 4265 partium
1039 4169 1561 4267 theologiae-suilare
1610 4198 1896 4254 voluimus.
1943 4169 2068 4266 Non
2108 4226 2119 4234 -

2091 4334 2138 4394 D

483 4286 626 4341 enim
656 4296 761 4340 tam
791 4284 948 4342 facile
992 4301 1055 4344 ac
1087 4287 1199 4341 fere
1228 4287 1430 4357 absque
1458 4288 1564 4342 ullo
1614 4289 1796 4344 labore
1827 4291 1893 4358 ad
1923 4290 2062 4352 hanc

484 4379 876 4449 categoriarum
922 4378 1339 4450 disputationem
1375 4382 1657 4452 pervenire
1684 4382 2056 4448 valuissemus,

481 4489 590 4529 non
638 4488 798 4543 posse
829 4473 1033 4529 scilicet
1077 4475 1294 4545 proprie
1332 4475 1396 4530 de
1447 4475 1553 4529 Deo
1599 4477 1919 4546 praedicari,
1952 4479 2055 4534 nisi

481 4565 632 4638 prius
653 4564 720 4620 de
741 4565 1182 4636 primordialihns
1201 4567 1378 4631 causis
1403 4568 1468 4621 ab
1496 4583 1597 4621 una
1626 4568 1866 4642 omnium
1893 4586 2057 4627 causa

483 4658 875 4726 praeconditis,
922 4659 1213 4714 essentiam
1249 4659 1388 4719 dico,
1429 4659 1742 4722 bonitatem,
1779 4661 2054 4725 virtutem,

483 4746 783 4822 veritatem,
809 4748 1127 4818 sapientiam
1158 4757 1471 4818 ceterasque
1511 4748 1837 4818 huiusmodi,
1865 4755 1931 4806 ad
1963 4770 2061 4822 pu-

483 4853 602 4892 rum
626 4821 1038 4904 conficeremus,
1072 4853 1177 4896 non
1224 4839 1384 4893 aliter
1411 4838 1511 4891 nisi
1547 4839 1860 4894 translative
1893 4821 2058 4907 licunt

2165 3101 2363 3159 nullius
2390 3109 2470 3156 est
2500 3099 2542 3134 ³⁸
2574 3093 2865 3168 particeps.
2912 3085 2977 3150 At
3006 3109 3135 3148 vero
3165 3091 3480 3164 saepissime
3504 3088 3736 3160 qualitas

2163 3205 2230 3258 de
2251 3217 2315 3256 eo
2337 3197 2697 3270 praedicatur,
2723 3202 2814 3245 aut
2836 3190 2960 3261 quia
2995 3191 3158 3244 tutius
3186 3187 3462 3258 qualitatis
3490 3184 3738 3258 conditor

2162 3300 2249 3348 est
2273 3329 2288 3355 ,
2335 3297 2439 3343 aut.
2468 3285 2609 3357 quod
2637 3283 2873 3355 qualitas
2903 3279 3339 3353 frequentissime
3378 3277 3430 3330 in
3468 3274 3736 3344 signitice-

2165 3381 2311 3436 tiouc
2340 3380 2598 3433 virtutum
2626 3373 2862 3446 ponitur.
2896 3369 3028 3430 Nam
3057 3378 3112 3424 et
3137 3367 3187 3401 ’⁵
3210 3368 3424 3426 bonitas
3448 3375 3503 3419 et
3523 3364 3738 3436 iustitia

2165 3482 2476 3540 ceteraeque
2508 3467 2733 3522 virtutes
2778 3463 3064 3534 qualitates
3113 3474 3237 3531 esse
3285 3461 3556 3523 dicuntur,
3596 3455 3739 3511 Deus

2163 3574 2346 3619 autem
2375 3563 2546 3617 virtus
2568 3568 2669 3624 est,
2702 3565 2758 3613 et
2782 3555 3061 3627 plusquam
3087 3553 3280 3608 virtus.

2238 3653 2322 3709 l6.
2360 3649 2653 3708 Ilelaliouis
2694 3656 2874 3704 autem
2925 3645 3062 3700 ratio
3098 3657 3204 3699 non
3234 3651 3344 3696 tam
3373 3650 3557 3710 aperte
3590 3647 3739 3710 pate—

2165 3747 2286 3811 scit,
2315 3741 2764 3816 quemadmodum
2795 3737 3021 3793 aliarum
3048 3733 3440 3806 categoriarum
3471 3728 3736 3786 deﬁnitio-

2167 3853 2263 3893 nes
2286 3844 2565 3908 apparent.
2588 3830 2812 3888 Videtur
2833 3829 2976 3886 enim
3007 3826 3110 3883 ista
3139 3826 3250 3880 sola
3273 3821 3550 3892 catcguria
3578 3819 3738 3875 veluti
3790 3853 3794 3857 μ

2165 3928 2380 3998 proprie
2420 3925 2472 3980 iu
2511 3925 2620 3978 Deo
2649 3919 2966 3993 praedicari.
3017 3918 3193 3989 Atque
3231 3915 3349 3969 ideo
3376 3928 3498 3966 cum
3527 3926 3737 3970 summa

2165 4017 2438 4088 diligentia
2478 4012 2902 4084 investigandum
2945 4022 3067 4064 esse
3102 4007 3280 4068 video,
3317 4014 3494 4057 utrum
3526 4000 3743 4071 proprio

2168 4113 2219 4165 in
2270 4125 2477 4166 summa
2531 4122 2594 4161 ac
2644 4111 2843 4177 saneta
2877 4101 3140 4158 Trinitatc
3183 4098 3345 4151 trium
3380 4095 3739 4151 maximarum

2164 4200 2590 4259 substantiarum
2629 4197 2789 4252 Pater
2832 4193 3052 4254 relative
3095 4191 3164 4245 ad
3211 4189 3406 4249 Filium
3445 4185 3664 4248 dicitur,
3691 4185 3736 4218 ⁸⁸

2165 4294 2413 4349 similiter
2441 4290 2606 4347 Filius
2637 4288 2705 4342 ad
2747 4286 2988 4350 Patrem,
3017 4281 3257 4353 Spiritus
3280 4293 3493 4349 (tuoque
3521 4285 3740 4351 sanctus
3798 4281 3803 4286 ’

2169 4386 2233 4440 ad
2260 4385 2473 4439 Patrem
2515 4389 2570 4434 et
2613 4377 2804 4435 Filium
2825 4417 2844 4440 ,
2884 4375 3006 4445 quia
3033 4373 3268 4443 Spiritus
3302 4371 3735 4433 amborumest;

2169 4480 2301 4531 haec
2324 4473 2466 4527 enim
2491 4470 2707 4527 noniina
2737 4466 3109 4527 habitudinuin
3128 4464 3175 4496 ’ί
3201 4477 3320 4518 esse
3345 4470 3564 4523 sanctus
3588 4471 3741 4531 pater

2165 4564 2457 4636 Gregorius
2483 4559 2784 4630 Thcologus
2805 4557 3168 4611 indubitanter
3194 4551 3425 4608 asserit:
3460 4568 3529 4622 an
3551 4549 3736 4615 etiam,

2165 4639 2615 4726 quentadmoduut
2657 4658 2869 4704 ceterae
2909 4645 3214 4715 categoriae
3240 4681 3258 4708 ,
3312 4643 3382 4697 ita
3421 4651 3473 4696 et
3519 4639 3569 4672 "
3612 4640 3736 4703 ista,

2167 4724 2306 4818 quae
2329 4744 2524 4800 dicitur
2556 4738 2829 4795 relationis
2854 4737 2970 4792 sive
2999 4734 3343 4798 habitudinis,
3376 4730 3742 4803 me'tapborice

2169 4838 2232 4888 de
2283 4834 2392 4888 Deo
2438 4829 2769 4899 praedicari,
2799 4826 2847 4858 ’δ
2885 4824 3214 4890 credendqu
3253 4832 3307 4878 et
3333 4819 3739 4893 intelligendum
3836 4825 3842 4832 ‘

1766 5036 2022 5092 .VARIAE
2061 5035 2350 5093 LECTlON
2360 5035 2462 5089 ES.

479 5216 481 5219 ι
559 5173 730 5230 ι(ΣΟΕ
775 5184 970 5230 creata.
1037 5171 1131 5227 1A
1159 5172 1331 5226 visum
1376 5181 1470 5226 est.

488 5246 510 5276 ⁸
545 5246 584 5296 (ἶ
621 5256 837 5301 ueri-tur.
933 5244 956 5276 ‘
984 5245 1053 5297 ad
1090 5257 1199 5296 om.
1234 5241 1298 5296 Α.

467 5396 647 5450 retro,
672 5385 892 5437 latitudo
913 5384 1244 5437 dextrorsum
1282 5394 1330 5437 et
1352 5384 1709 5438 sinistrorsum
1737 5384 2039 5450 porrigitur.

490 5456 529 5508 Α
563 5454 748 5507 Divina
778 5466 948 5507 autem
979 5454 1149 5507 subst.

1548 5172 1568 5204 ³
1590 5173 1630 5226 Α
1654 5194 1883 5234 notatur.
1911 5190 2161 5238 ποσοτηςς
2204 5170 2335 5226 (ἷοΕ
2368 5187 2932 5227 ποσοτητα.πωοτητα.

1400 5241 1548 5322 [δίο
1563 5241 1744 5322 ABE;
1858 5245 2102 5322 suadent.
2193 5242 2219 5276 ³
2243 5241 2536 5322 Βιςξιέιίξίςὶς⁸

490 5327 681 5369 autem.
758 5315 856 5368 "A
887 5314 1326 5379 praedicerentur.
1405 5313 1516 5369 "A
1555 5313 1712 5366 idem.
1792 5312 1834 5345 ³³
1866 5313 2127 5382 quantitas
2150 5328 2255 5365 om.
2297 5310 2354 5365 [ι’.
2438 5310 2553 5382 “VA
2579 5311 2727 5382 item.

3001 5165 3031 5214 ’β
3059 5165 3149 5220 Sic
3167 5165 3328 5230 CDE;
3352 5166 3392 5220 A
3417 5163 3740 5221 collectione.

3085 5237 3108 5268 ’
3143 5237 3190 5289 Α
3237 5245 3284 5289 ct
3330 5236 3394 5290 si.
3473 5234 3515 5266 ¹³
3559 5236 3742 5291 ΛΝοιι

2823 5305 3166 5370 ’δ’δίοοϐῧῐίς
3191 5308 3230 5360 Α
3263 5305 3488 5360 altitudo
3527 5317 3648 5359 ante
3692 5317 3740 5362 et

2712 5378 2752 5408 "
2781 5377 2872 5432 Sir.
2909 5377 3028 5438 Cli;
3072 5376 3162 5430 AD
3198 5385 3268 5430 et.
3370 5375 3414 5407 "
3445 5374 3536 5430 Sic
3569 5375 3739 5438 Chii;

2193 5240 2519 5308 ’Stc.;\tlE;
2567 5240 2608 5293 υ
2654 5255 2754 5292 non
2796 5239 2993 5308 aliqua.

2143 5383 2184 5413 ¹⁶
2223 5392 2294 5434 est
2324 5398 2430 5434 unt.
2462 5380 2613 5433 tibi).

1247 5453 1288 5484 ¹⁹
1320 5453 1412 5508 Sir.
1437 5453 1558 5518 AE;
1590 5453 1630 5507 (ἒ
1658 5441 1831 5507 nullus
1859 5441 1965 5513 est;
1999 5453 2040 5506 υ
2071 5451 2203 5506 milii
2227 5469 2351 5505 esse.
2430 5451 2473 5481 ὀ
2500 5461 2543 5502 cl
2581 5464 2689 5501 om.
2720 5449 2782 5502 ῐ).
2844 5449 2899 5518 ἔξ
2931 5447 3022 5502 Sic
3048 5447 3163 5518 CB;
3193 5447 3231 5499 Λ
3257 5445 3589 5518 praedicetur
3637 5443 3746 5518 Pa-

489 5506 566 5577 ter
592 5506 802 5577 relatirc
835 5506 914 5576 ad
962 5506 1177 5577 Filium.
1205 5554 1272 5563 —
1296 5506 1616 5577 (liciturum.
1655 5506 1720 5577 l).
1791 5524 1834 5553 ’⁵
1869 5524 1910 5577 D
1939 5506 2311 5576 habitudinem.
2386 5522 2431 5550 ’³
2462 5531 2509 5573 et
2538 5535 2647 5573 nm.
2675 5518 2737 5572 Λ.
2813 5517 2858 5550 ³³
2882 5506 2981 5574 εἰς
3006 5506 3167 5579 Chii}
3207 5506 3640 5585 A'metapltoricc
3675 5514 3742 5569 de
3803 5559 3808 5574 ί

495 5594 599 5650 Deo
623 5611 692 5649 an
731 5595 936 5668 proprie
959 5594 1258 5665 praedicari
1289 5595 1378 5648 sed
1407 5594 1480 5648 ito
1508 5609 1677 5647 utrum
1711 5596 1783 5647 ita
1804 5595 1866 5646 sit
1894 5611 1982 5647 nec
2009 5611 2091 5658 ne,
2119 5594 2440 5648 credendum
2470 5597 2600 5644 cet.~
