4236 6072
475 151 570 211 471

1825 147 2106 208 JOANNlS
2147 147 2342 205 SCUTI

3611 143 3732 204 tia

479 258 618 316 Vera
661 268 835 316 tamen
887 260 1023 314 ratio
1067 257 1310 332 consulta
1358 256 1970 330 respondet,sttbjectum
1992 268 2048 315 et
2077 265 2126 322 Α
2153 257 2337 316 fet-tur.
2369 272 2418 315 et
2441 257 2647 329 species
2672 259 2736 314 ad
2768 273 2950 328 genus.
2981 258 3162 314 Genus
3186 261 3327 314 enim
3351 263 3547 332 speciei
3575 275 3657 320 est
3678 267 3722 299 ί·

481 355 545 408 de
574 351 816 421 subjecto
851 368 1014 404 ttnuut
1055 366 1199 414 esse,
1225 362 1280 404 et
1311 352 1365 406 in
1397 349 1543 406 nullo
1565 349 1789 405 distare.
1819 347 1952 404 Nam
1979 349 2050 415 si,

481 453 536 499 ut
567 443 639 498 illi
673 441 848 506 aiunt,
874 443 1064 498 (licem
1093 443 1395 512 subjectum
1437 448 1520 495 est
1570 443 1584 470 ‘
1629 450 1680 495 et
1712 440 1883 512 prima
1929 439 2056 496 sub-

484 534 703 593 stantia.
753 535 913 588 ltotno
945 549 1072 586 vero
1121 535 1186 586 de
1217 531 1462 603 subjecto
1500 533 1844 602 secundaque
1880 532 1901 561 ‘
1931 531 2054 586 sub-

483 625 702 686 stantia,
733 640 872 696 quae
897 623 1197 680 diﬂ'ereuﬁa
1230 622 1485 692 estjusta
1514 633 1781 687 naturam,
1807 624 1904 678 nisi
1929 623 2051 692 quia

486 732 648 770 untnn
680 715 733 769 in
764 731 1012 777 numero,
1055 716 1282 769 alterunt
1325 715 1380 768 in
1426 714 1626 785 specie,
1667 731 1792 770 cum
1817 714 1890 771 nil
1912 713 2054 768 aliud

486 808 556 864 sit
585 807 808 882 species,
853 807 956 860 nisi
1001 821 1347 861 numerorum
1377 808 1578 871 unitas,
1605 815 1661 863 et
1683 805 1753 859 nil
1783 806 1924 861 aliud
1954 821 2054 860 tut-

487 911 689 958 tnerus,
714 896 816 951 nisi
861 896 1058 966 speciei
1107 895 1427 965 pluralitas?
1452 895 1513 950 Si
1543 910 1673 965 ergo
1701 895 1908 964 species
1947 904 2058 951 tota

487 996 538 1041 et
564 1001 665 1040 una
689 995 772 1039 est
796 986 1174 1055 individuaque
1201 986 1256 1047 in
1285 985 1545 1052 numeris,
1577 994 1631 1040 et
1653 984 1872 1048 numeri»
1895 1001 2056 1040 unum

491 1079 821 1132 individuum
850 1088 976 1132 sunt
1004 1078 1056 1131 iu
1085 1079 1284 1148 specie,
1305 1073 1468 1147 quae,
1505 1085 1767 1147 quantum
1805 1076 1871 1130 ad
1906 1085 2061 1132 ualu-

494 1188 628 1234 ratu,
655 1171 908 1225 distantia
933 1180 1014 1225 est
1033 1171 1172 1224 inter
1191 1170 1486 1241 subjectum
1509 1178 1562 1224 et
1583 1169 1648 1225 de
1670 1170 1931 1240 subjecto,
1956 1184 2061 1223 non
2087 1175 2090 1178 ’

474 1265 668 1320 «adeo.
713 1263 976 1335 Similiter
1009 1265 1074 1318 de
1104 1263 1475 1332 accidentibus
1499 1263 1705 1333 primae
1730 1263 2062 1318 substantiae

437 1415 439 1417 _
497 1356 917 1426 intelligendum.
982 1353 1097 1411 Non
1160 1355 1304 1410 aliud
1363 1364 1444 1410 est
1495 1355 1639 1410 enim
1690 1354 1750 1419 ⁸,
1813 1355 1954 1424 quod
2006 1354 2061 1408 in

487 1446 733 1514 subjecto
777 1446 992 1510 dicitur,
1039 1454 1094 1500 ει
1138 1445 1302 1508 aliud,
1345 1445 1488 1514 quod
1527 1445 1579 1500 iu
1627 1446 1869 1514 subjecto
1906 1444 2062 1499 simul

493 1547 548 1596 et
591 1539 656 1592 de
698 1535 959 1605 subjerto.
1015 1536 1148 1591 Nam
1192 1537 1496 1608 disciplina,
1539 1547 1598 1590 ιιι
1634 1536 2061 1608 exemplo-utar.

2149 367 2338 423 genus.
2365 363 2418 406 et
2443 349 2648 420 species
2673 351 2885 420 generis
2905 362 2985 404 est
3009 351 3235 421 species.
3263 352 3488 422 Habitus
3511 370 3725 426 quoque

2151 452 2200 496 et
2231 451 2386 498 extra
2411 443 2584 497 οὐσίαν
2612 449 2667 496 et
2693 441 2832 494 intra
2863 441 3144 508 reperitur.
3175 451 3233 494 ut
3259 452 3544 507 armatum,
3575 444 3728 500 indu-

2155 539 2265 586 tutu
2309 533 2605 587 secundum
2627 547 2826 602 corpus
2855 531 3101 586 dicimus.
3140 532 3362 601 ιιειιπιιυε
3387 519 3516 589 vero
3533 537 3728 602 οὐσίας,

2154 627 2384 707 generis,
2418 636 2508 679 aut
2557 626 2884 696 speciei,est
2934 627 3105 680 virtus
3139 627 3254 696 ipsa
3281 627 3590 694 immobilis,
3638 645 3733 702 per

2156 733 2316 788 quam
2364 733 2552 787 genus,
2585 718 2710 771 dtttu
2758 732 2853 786 per
2906 718 3115 786 species
3149 719 3421 780 dividitur,
3460 721 3512 775 in
3555 724 3733 791 seipso

2157 822 2372 878 semper
2399 823 2565 862 unum
2597 807 3045 876 individuutnque
3069 819 3366 876 permanet,
3394 819 3445 861 ει
3482 818 3646 863 totum
3681 811 3731 865 iu

2156 899 2439 972 speciebus
2481 898 2725 970 singulis,
2751 908 2806 952 et
2833 897 3074 967 singulae
3099 900 3306 968 species
3345 901 3394 954 in
3429 900 3544 970 ipso
3571 917 3732 956 unum

2153 999 2302 1048 sunt.
2348 989 2547 1052 Eadem
2577 991 2749 1044 virtus
2783 996 2838 1043 et
2867 989 2920 1043 in
2968 991 3147 1059 specie
3188 991 3530 1062 perspicitur,
3569 1007 3728 1062 quae,

2158 1080 2284 1140 dum
2310 1094 2406 1150 per
2430 1094 2684 1134 numeros
2710 1079 2984 1134 dividatur
3012 1080 3074 1138 ¹².
3117 1095 3248 1136 suae
3277 1080 3583 1139 individuae
3615 1082 3736 1137 ιιιιὶ-

2162 1171 2292 1226 tatis
2333 1170 2709 1226 inexhaustum
2747 1169 2852 1222 vim
2883 1172 3135 1224 cuStodit.
3178 1169 3482 1240 Omnesque
3509 1172 3738 1243 muneri,

2164 1257 2216 1316 in
2254 1277 2388 1332 quos
2418 1263 2581 1318 dividi
2634 1261 2847 1315 videtur
2893 1256 2944 1314 in
2995 1263 3386 1326 intinitum,-in
3433 1253 3736 1334 ipsa‘liuiti,

2162 1366 2437 1422 unumque
2468 1353 2802 1421 individuum
2825 1363 2972 1415 sunt.
3010 1353 3083 1406 De
3118 1354 3323 1424 agendo
3354 1363 3532 1408 autem
3560 1365 3613 1410 et
3650 1371 3743 1426 pa-

2167 1446 2344 1502 tiendo
2375 1460 2530 1500 nemo
2569 1445 2814 1509 dubitat,
2863 1460 2984 1498 cum
3013 1446 3290 1507 videamus
3320 1462 3566 1516 corpora,
3609 1447 3736 1501 dunt

2167 1539 2232 1592 ad
2257 1538 2610 1607 quantitatem
2643 1538 2964 1608 pertineant.
2995 1549 3048 1592 et
3079 1555 3243 1608 agere
3271 1547 3327 1594 et
3355 1539 3488 1608 pati.
3534 1537 3742 1597 Cenem

494 1645 596 1683 una
655 1627 955 1698 eademque
1012 1635 1096 1681 est
1149 1628 1203 1681 in
1252 1628 1449 1698 seipsa,
1487 1636 1543 1682 et
1598 1625 1652 1681 in
1707 1626 1822 1681 suis
1866 1624 2066 1697 specie-
2100 1617 2141 1676 Β
2169 1633 2380 1704 quoque
2425 1637 2477 1683 et
2506 1629 2714 1699 species
2738 1629 2902 1696 ipsius
2935 1630 3131 1692 οὐσίας,
3173 1646 3295 1684 cum
3323 1645 3381 1685 se
3406 1629 3459 1684 in
3505 1629 3747 1686 diversas

498 1723 598 1779 bus
635 1722 996 1788 numerisque.
1060 1717 1176 1774 Non
1229 1719 1372 1774 aliud
1427 1718 1590 1790 igitur
1649 1716 2069 1788 uniuscujusque

497 1812 715 1881 prepria
771 1811 1071 1881 disciplina,
1131 1826 1270 1882 quae
1313 1825 1344 1864 a
1381 1809 1682 1866 Dialecticis
1726 1811 1780 1864 in
1828 1808 2070 1877 subjecto

495 1901 696 1956 dicitur
738 1899 760 1933 ⁸
815 1901 1167 1967 solummodo,
1199 1910 1251 1956 et
1279 1900 1433 1961 aliud.
1471 1900 1738 1972 generalis
1765 1900 2068 1972 disciplina,

491 2009 634 2066 quae
658 1995 725 2048 ab
763 1994 949 2048 iisdem
994 1993 1045 2048 in
1080 1977 1325 2062 subjecto
1363 2001 1420 2048 et
1446 1994 1513 2049 de
1543 1993 1788 2064 subjecto
1819 2003 2068 2057 vocatur,

498 2086 658 2142 velitti
677 2087 730 2142 in
746 2087 1006 2158 subjecto,
1025 2086 1194 2156 prima
1213 2083 1414 2143 scilicet
1430 2085 1749 2150 substantia,
1772 2085 2072 2140 subsistens

499 2179 565 2233 de
588 2176 850 2245 subjecto,
875 2177 926 2234 id
956 2185 1059 2241 est,
1088 2177 1304 2248 propria
1345 2173 1570 2245 alicujus
1601 2175 1883 2246 disciplina
1913 2191 2063 2244 prae-

495 2267 695 2324 dicitur
723 2284 738 2322 :
768 2267 862 2325 sed
897 2283 1000 2322 una
1022 2270 1316 2339 eademque
1339 2279 1423 2324 est
1440 2269 1497 2324 in
1521 2277 1630 2324 toto
1651 2277 1708 2322 et
1733 2271 1786 2322 in
1809 2268 2072 2337 partibus.

501 2358 580 2415 Ac
609 2371 705 2428 per
730 2359 832 2414 boc
861 2356 1176 2428 relinquitur
1206 2358 1509 2430 subjectum
1540 2358 1672 2414 etin
1713 2357 1982 2428 subjecto.
2018 2356 2075 2416 Si

497 2461 680 2505 autem
742 2448 953 2506 acutius
1003 2446 1225 2519 vesttgia
1276 2445 1446 2502 sancti
1500 2443 1745 2516 Gregorii
1800 2443 2076 2514 Tlteolngi,

505 2535 934 2606 expositorisque
981 2537 1064 2590 sui
1121 2535 1340 2592 ﬂexitui
1394 2529 1778 2608 sapientissimi
1845 2551 2078 2606 sequens

508 2629 1118 2698 inspexeris»invenies,
1141 2633 1315 2686 οὐσίαν
1334 2629 1553 2686 omnino
1575 2629 1630 2684 in
1652 2629 1919 2690 omnibus,
1943 2643 2081 2698 quae

509 2728 654 2784 sunt,
689 2734 784 2788 per
809 2733 864 2774 se
897 2719 1068 2791 ipsam
1099 2717 1696 2788 incomprehensibilem
1750 2735 1857 2773 non
1904 2718 2079 2772 solum

510 2811 711 2876 sensui,
739 2809 831 2866 sed
855 2811 1016 2865 etiam
1045 2808 1334 2864 intellectui
1365 2824 1503 2866 esse.
1531 2808 1710 2879 Atque
1750 2809 1870 2864 ideo
1899 2825 1963 2863 ex
1996 2809 2093 2865 bis

513 2901 675 2956 veluti
703 2900 1123 2956 circumstantiis
1171 2900 1284 2958 suis
1326 2897 1642 2972 intelligitur
1669 2898 1927 2962 existere,
1965 2898 2089 2960 loco

2169 1724 2373 1793 Species
2413 1711 2775 1793 numerosque
2803 1723 2846 1754 ⁸³
2875 1724 3252 1793 multiplicant.
3294 1739 3453 1795 agere
3478 1723 3743 1779 videntur.

2171 1815 2224 1869 Sl
2249 1816 2378 1884 quis
2426 1830 2552 1868 vero
2581 1808 2625 1846 “
2655 1816 2879 1870 rationis
2928 1817 3126 1870 virtute
3172 1815 3330 1886 juxta
3379 1803 3554 1870 illam.
3589 1816 3745 1870 disci-

2170 1908 2390 1979 plinam,
2405 1922 2542 1977 quae
2553 1907 2819 1967 ac.de
2841 1917 3077 1963 vocatur.
3106 1919 3159 1962 et
3175 1922 3426 1961 numeros
3451 1905 3747 1977 inspecies,

2171 2007 2222 2052 et
2249 1996 2462 2066 species
2492 1995 2544 2050 in
2575 2011 2792 2066 genera,
2824 2010 3127 2070 generaque
3155 1994 3207 2050 in
3235 1997 3413 2052 οὐσίαν
3448 1995 3749 2066 colligendo

2172 2087 2505 2150 aduuaverit,
2543 2087 2651 2158 pati
2683 2087 2969 2147 dicuntur,
3021 2103 3125 2140 nou
3157 2086 3307 2156 quod
3343 2087 3458 2157 ipse
3499 2086 3745 2156 colligat,

2175 2189 2365 2250 natura
2415 2180 2557 2233 enim
2587 2178 2806 2234 collecta
2845 2187 3008 2240 sunt,
3040 2178 3181 2233 sicut
3207 2177 3368 2233 etiam
3403 2178 3610 2242 divisa;
3657 2178 3750 2232 sed

2173 2273 2300 2344 quia
2347 2271 2595 2340 colligere
2638 2279 2762 2326 actu
2811 2268 3033 2324 rationis
3077 2284 3138 2324 ea
3182 2269 3412 2324 videtur.
3459 2267 3590 2322 Nam
3628 2284 3750 2322 cum

2175 2371 2232 2418 et
2256 2361 2302 2400 ι’
2326 2361 2515 2417 eadem
2537 2358 2754 2424 dividit,
2793 2358 3043 2416 similiter
3076 2371 3236 2429 agere
3274 2357 3493 2422 dicitur,
3535 2371 3597 2412 ea
3630 2371 3755 2409 vero

2179 2450 2311 2519 pati.
3548 2515 3551 2517 _

2248 2536 2339 2596 9.6.
2384 2536 2523 2590 Disc.
2567 2536 2709 2590 Haec
2737 2536 2984 2603 quamvis
3025 2535 3072 2588 vi
3095 2536 3455 2588 leantur‘esse
3492 2534 3753 2594 theura,

2181 2644 2287 2684 non
2327 2640 2500 2682 tamen
2525 2629 2607 2684 sic
2633 2628 2872 2681 animum
2904 2643 3078 2681 meum
3106 2625 3383 2692 eﬂ‘uggiunt.
3417 2635 3474 2683 ιιι
3504 2625 3576 2678 ml
3601 2625 3652 2678 in
3681 2624 3760 2677 eis

2179 2734 2374 2790 purum
2423 2728 2586 2788 atque
2634 2717 2930 2771 discretum
2989 2717 3038 2771 ei
3093 2717 3345 2770 relucent.
3393 2713 3462 2771 Et
3506 2713 3756 2783 quoniam

2181 2811 2358 2874 Video,
2396 2799 2582 2865 omnes
2617 2809 2730 2864 fere.
2768 2809 3084 2879 categorias.
3105 2809 3242 2861 inter
3277 2821 3335 2862 se
3374 2805 3604 2862 invicem
3635 2808 3762 2858 cou-

2185 2909 2461 2956 catenatas
2505 2900 2582 2964 ¹⁶,
2639 2909 2696 2953 ιιι
2744 2901 2828 2954 vix
2878 2916 2909 2954 a
2960 2915 3019 2954 se
3078 2898 3305 2952 invicem
3361 2903 3510 2951 certa
3556 2894 3766 2950 ratione

507 2993 652 3059 dico,
697 2991 1034 3062 quantitate,
1084 2992 1225 3055 situ;
1261 2992 1476 3048 additur
1518 2989 1684 3048 etiam
1728 2991 1813 3048 bis
1855 3003 2083 3062 tempus.
2109 2973 2158 3037 ε
2189 2993 2418 3058 discerni
2444 2993 2688 3062 possint;
2731 3007 2919 3048 omnes
2941 2991 3085 3047 enim
3110 2990 3383 3054 omnibus,
3407 2996 3465 3043 ιιι
3487 2987 3661 3052 video,
3685 2987 3765 3041 iu-
3819 2972 3824 2974 ⁷

511 3086 653 3142 [utra
679 3086 812 3141 baec
846 3085 1136 3154 siquidem,
1167 3082 1326 3138 veluti
1367 3083 1505 3148 intra
1529 3085 1788 3155 quosdam
1819 3084 1953 3140 lines
1976 3083 2090 3139 eir-

511 3177 863 3250 cumpositos,
891 3177 1122 3232 essentia
1151 3176 1493 3247 cognoscitur
1520 3175 1890 3241 circumcludi,
1931 3177 2003 3231 ita
2032 3183 2090 3231 ut

511 3283 686 3339 neque
716 3269 1014 3325 accidentia
1043 3269 1091 3324 ei
1125 3268 1276 3339 quasi
1309 3267 1362 3323 in
1390 3284 1455 3324 ea
1486 3269 1647 3329 subsi-
1669 3268 1831 3324 tentia
1874 3268 2090 3322 videan-

512 3369 601 3414 tur
626 3372 773 3422 esse,
803 3357 928 3428 quia
955 3357 1296 3413 extrinsecus
1319 3366 1484 3422 sunt;
1526 3370 1700 3424 neque
1735 3355 1853 3412 sine
1885 3372 1948 3412 ea
1973 3356 2093 3414 exi-

510 3459 659 3505 stere
689 3463 867 3520 posse,
924 3449 1051 3519 quia
1098 3455 1346 3504 centrum
1389 3463 1580 3505 eorum
1619 3455 1721 3511 est,
1754 3448 1898 3503 circa
1944 3448 2092 3519 quod

518 3540 820 3595 volvuntur.
836 3548 1098 3610 tempora,
1129 3538 1245 3593 loca
1281 3553 1414 3593 vero
1438 3531 1848 3607 etquantitatcs
1875 3545 1930 3593 et
1957 3537 2096 3593 situs

514 3635 757 3704 undique
800 3630 1149 3686 collocantur.
1181 3631 1586 3702 Categoriarum
1626 3629 1791 3701 igitur
1829 3629 2096 3702 quaedam

523 3726 665 3779 circa
714 3725 890 3781 οὖσὶαν
951 3721 1359 3792 praedicantur,
1413 3733 1552 3791 quae
1602 3719 1765 3777 veluti
1815 3723 2122 3803 περιοχή..

527 3817 578 3872 id
626 3825 732 3878 est,
770 3814 1186 3869 circumstantes
1232 3814 1504 3878 dicuntur,
1551 3815 1678 3883 quia
1721 3812 1866 3868 circa
1909 3811 1932 3846 ³
1975 3824 2135 3868 eam.

528 3909 887 3978 inspiciuntur
913 3921 1069 3969 esse;
1101 3908 1363 3975 quaedam
1397 3920 1527 3962 vero
1562 3905 1614 3960 in
1646 3905 1759 3977 ipsa
1787 3912 1933 3972 sunt,
1961 3916 2102 3978 quae

523 4018 551 4054 a
573 3999 1148 4072 ϐηιςεὶςσυμϐάματα,
1166 4001 1216 4054 id
1242 4009 1324 4055 est
1348 3997 1647 4055 accidentia
1666 4000 1945 4062 vocantur,
1968 4011 2104 4072 quan

524 4090 668 4152 litas,
708 4090 917 4155 relatio,
951 4090 1191 4153 habitus,
1222 4103 1399 4161 agere,
1424 4089 1556 4158 pati.
1589 4088 1736 4160 Quae
1755 4089 1920 4146 etiam
1946 4095 2104 4146 extra

529 4195 651 4236 eam
702 4182 755 4235 iu
801 4179 922 4235 aliis
950 4178 1236 4251 categoriis
1275 4170 1664 4250 inti-lliguntur,
1717 4180 1862 4237 verbi
1905 4179 2102 4253 gratia,

527 4273 760 4342 qualitas
805 4273 858 4330 in
901 4272 1234 4343 quantitate,
1291 4281 1351 4326 ut
1396 4271 1545 4327 color
1577 4271 1630 4327 in
1676 4285 1922 4340 corpore.
1969 4264 2137 4343 Item]

526 4362 760 4434 qualitas
775 4365 825 4418 in
848 4367 1015 4439 οὐσίᾳ,
1031 4371 1088 4417 ιιι
1111 4363 1162 4417 in
1202 4363 1223 4395 ⁸
1243 4362 1528 4434 generibus
1549 4355 2100 4418 invisibilitas‘ineom-

526 4454 1084 4529 pteltensibilitasque.
1123 4454 1250 4508 ltcm
1277 4452 1299 4486 ⁷
1325 4453 1516 4508 relatio
1537 4461 1690 4507 extra
1718 4453 1916 4515 οὐσίόιν,
1952 4460 2108 4525 pater

532 4547 600 4602 ad
634 4547 820 4610 tilium,
841 4546 981 4600 [ilius
1016 4545 1081 4600 ad
1115 4555 1343 4615 patrem.
1363 4542 1478 4598 Non
1498 4542 1642 4599 enim
1665 4552 1788 4600 sunt
1803 4558 1868 4598 ex
1888 4551 2103 4607 natura,

536 4637 628 4691 sed
680 4637 959 4692 accidente
1007 4648 1291 4704 corporum
1347 4632 1680 4704 corruptibili
1739 4631 2106 4702 generatione.

535 4729 811 4796 Siquidem
846 4737 997 4799 pater
1039 4743 1142 4782 nou
1197 4739 1422 4782 naturae
1453 4727 1476 4758 ³
1504 4726 1594 4782 lilii
1625 4737 1778 4795 pater
1805 4737 1908 4786 est.
1933 4742 2107 4798 neque

537 4821 676 4876 li'ius
711 4831 934 4874 naturae
981 4822 1002 4854 ⁹
1045 4820 1214 4890 patris
1267 4817 1408 4874 illius
1445 4827 1544 4874 est.
1593 4817 1762 4874 Unius
1800 4819 1944 4871 enim
1966 4816 2109 4884 ejus-

535 4906 768 4977 demque
811 4913 1035 4960 naturae
1079 4913 1204 4960 sunt
1240 4909 1395 4974 pater
1431 4911 1480 4958 et
1519 4902 1698 4967 illius;
1731 4902 1874 4958 nulla
1929 4911 2110 4960 autem

543 5005 730 5052 natura
761 4994 988 5064 seipsam
1018 4993 1207 5063 gignit,
1235 5002 1327 5046 aut
1355 5007 1385 5044 a
1427 4993 1600 5061 seipsa
1630 4991 1882 5064 gignitur.
1916 4992 1970 5048 in
1998 4993 2111 5063 ipsa

542 5103 673 5144 vero
695 5087 737 5119 "
762 5089 912 5143 οὐσίχ
942 5087 1128 5142 relatio
1156 5097 1260 5148 est,
1303 5100 1424 5140 cum
1461 5098 1630 5157 genus
1655 5085 1722 5138 ad
1767 5083 1998 5154 speciem
2033 5099 2118 5136 re-

2187 3099 2366 3141 sertae
2389 3097 2515 3139 sunt
2541 3103 2555 3138 :
2584 3086 2755 3155 inqua
2777 3083 3103 3154 proprietate
3125 3081 3331 3152 singula
3353 3078 3764 3150 qnaequeiuve»

2193 3179 2299 3234 uiri
2323 3174 2556 3237 valeant,
2587 3175 2800 3245 aperias
2821 3162 3021 3244 ﬂagito.
3062 3171 3201 3229 Hac.
3235 3170 3375 3240 Quid
3403 3168 3496 3225 tibi
3519 3169 3767 3224 videtur?

2195 3266 2335 3322 Num
2360 3269 2515 3323 οὐσία
2535 3264 2611 3337 fin
2644 3264 2931 3337 generibus
2971 3260 3396 3336 gctzcralissimis
3433 3271 3488 3316 et
3517 3260 3572 3314 in
3605 3270 3771 3329 gene-

2193 3357 2344 3412 ribus
2398 3336 2890 3423 generalioribus,I
2933 3350 2985 3404 in
3038 3349 3169 3420 ipsis
3217 3359 3432 3419 quoque
3484 3343 3772 3419 generibus

2189 3461 2484 3516 eorumque
2507 3444 2811 3515 speciebus,
2832 3451 2992 3513 atque
3015 3442 3208 3497 iterum
3233 3439 3635 3510 specialissimis
3648 3449 3770 3510 apo

2191 3533 2404 3599 ciebus,
2434 3551 2573 3606 quae
2602 3543 2806 3600 atoma,
2839 3535 2890 3587 id
2919 3542 3002 3589 est
3041 3533 3312 3588 individua
3347 3531 3622 3595 dicuntur,
3652 3529 3768 3583 uni-

2194 3625 2474 3684 versaliter
2519 3625 2844 3698 proprieque
2899 3623 3242 3680 continetur?
3291 3624 3438 3678 Dtsc.
3493 3620 3578 3676 Nil
3621 3619 3767 3679 aliud

2193 3733 2316 3777 esse
2346 3717 2502 3774 video
2531 3719 2597 3782 π,
2636 3714 2688 3773 in
2717 3732 2825 3788 quo
2853 3715 3170 3772 naturaliter
3199 3715 3372 3770 inesse
3401 3712 3551 3769 οὐσία
3581 3710 3772 3783 ponit.

2195 3809 2302 3866 nisi
2327 3811 2380 3864 in
2407 3809 2698 3880 generibus
2723 3817 2777 3862 et
2801 3807 3104 3877 speciebus,
3132 3820 3161 3858 a
3189 3818 3404 3859 summo
3425 3818 3597 3874 usque
3619 3803 3777 3859 ἀωτ-
3821 3876 3824 3879 _

2187 3914 2317 3978 sum
2347 3898 2815 3960 descendentibus,
2848 3898 2951 3952 ltoc
2972 3905 3073 3960 est,
3106 3912 3135 3969 ιι
3165 3893 3585 3967 generalissituis
3607 3905 3782 3962 neque

2198 3991 2267 4045 ad
2294 3987 2703 4061 specialissima,
2736 3987 2788 4042 id
2812 3995 2914 4051 est,
2943 3985 3244 4048 individua;
3278 3999 3373 4039 seu
3407 3980 3776 4052 reriprncatim

2199 4094 2415 4138 sursum
2444 4093 2632 4134 versus
2651 4078 2718 4132 ab
2747 4075 3038 4132 individuis
3062 4075 3128 4129 ad
3152 4072 3577 4144 generalissitua.
3609 4069 3666 4125 in
3689 4067 3776 4125 bis

2201 4173 2348 4228 enim
2390 4169 2553 4228 veluti
2592 4169 2930 4226 naturalibus
2973 4167 3216 4238 partibus
3259 4163 3578 4219 universalis
3625 4160 3780 4220 οὒσέα
3842 4234 3846 4237 Ι

2203 4262 2469 4318 subsistit.
2502 4259 2644 4316 Mtte.
2673 4257 2954 4330 Ingredere
2981 4271 3110 4328 ergo
3141 4256 3209 4309 ad
3252 4264 3451 4309 cetera.
3486 4251 3623 4308 Nunt
3651 4248 3776 4307 alibi

2205 4354 2418 4411 videtur
2456 4350 2552 4406 tibi
2588 4365 2710 4407 esse
2743 4345 3059 4418 quantitatis
3093 4347 3422 4416 proprietas,
3465 4343 3569 4399 nisi
3599 4343 3652 4398 in
3682 4355 3779 4396 ttu-

2206 4461 2358 4503 mcro
2406 4443 2658 4517 partium.
2701 4441 2995 4512 spatiisque
3034 4439 3101 4503 “,
3143 4447 3304 4506 atque
3348 4432 3635 4494 mensuris,
3669 4432 3783 4486 sive
3855 4491 3858 4494 ,

2207 4538 2330 4595 illae
2357 4545 2535 4608 partes
2581 4533 2869 4589 continuae
2909 4530 3038 4592 sint,
3072 4539 3132 4581 ut
3169 4537 3294 4581 sunt
3326 4526 3609 4588 linearum,
3649 4530 3782 4576 tem-

2205 4643 2420 4702 porum,
2484 4635 2929 4692 ceterorumque,
2985 4633 3124 4688 quae
3172 4617 3424 4672 continua
3485 4613 3786 4702 quantitate

2195 4699 2586 4780 continentur;
2626 4715 2744 4771 sive
2785 4719 3100 4784 segregatae
3144 4710 3274 4770 sint,
3318 4706 3481 4760 certis
3521 4699 3787 4759 naturali-

2216 4812 2422 4878 busque
2473 4806 2670 4863 finibus
2717 4803 3008 4866 discretae,
3061 4810 3120 4855 ut
3163 4809 3285 4855 sunt
3334 4795 3568 4858 uuntcri.
3626 4804 3784 4861 atque

2215 4884 2393 4954 omnis
2451 4889 2782 4955 multitudo.
2843 4886 2900 4946 in
2958 4885 3156 4961 quibus
3216 4883 3465 4940 disereta‘
3510 4879 3798 4954 quantum

2217 4993 2470 5041 constare
2505 4979 2853 5036 manifestum
2895 4977 3022 5033 est?
3059 4977 3203 5032 Disc.
3246 4973 3311 5030 Et
3345 4973 3447 5027 hoc
3482 4969 3791 5026 luculenter

2221 5056 2463 5150 apparet.
2503 5075 2640 5130 Μισ.
2685 5071 2821 5127 Num
2861 5080 2915 5125 et
2968 5084 3052 5132 ea,
3099 5082 3238 5139 quae
3279 5072 3502 5120 vocatur
3525 5061 3790 5133 qualitas.

1799 5212 2050 5267 VARIAE
2087 5206 2487 5265 LECTIONES.
2581 5197 2586 5203 ’

629 5358 638 5368 '
664 5358 735 5390 (ει
767 5358 851 5389 om
892 5358 955 5387 υ.
1012 5358 1025 5362 '
1055 5358 1092 5385 ﬂ
1121 5358 1164 5385 τι
1196 5358 1441 5384 auurtuu.
1526 5358 1534 5360 ‘
1571 5358 1656 5383 an.
1679 5358 1843 5387 non,
1874 5358 1912 5379 η
1947 5358 2062 5380 nun
2095 5358 2230 5378 rmm
2258 5358 2399 5376 mu...
2425 5358 2520 5373 nunc
2657 5358 2696 5371 ..
2720 5358 2984 5370 -.........-..

551 5405 570 5431 ’⁷
594 5405 684 5464 Sie
705 5407 863 5465 CDE:
885 5408 920 5458 Α
947 5407 1185 5468 ﬂetuque.
1260 5405 1281 5431 "
1304 5401 1391 5456 Sic
1415 5397 1576 5455 (Σοί-ἒξ
1610 5401 1656 5468 A7
1673 5409 1878 5451 natura.
1953 5400 1974 5468 ξ
2007 5393 2093 5449 Sic
2114 5394 2274 5468 (ωε)
2305 5392 2573 5468 Andium.
2655 5387 2694 5419 ³⁸⁸
2720 5388 2758 5438 Α
2782 5402 2921 5468 ειῃρρ.

949 5449 1185 5528 ’λῖῖἱξῐ
1213 5449 1723 5525 ιιιιηῖεὲοῖῂίίξιε
1747 5449 1914 5528 θεοίει
1947 5467 1986 5520 Α
2016 5481 2185 5519 uerae.
2221 5449 2274 5513 ’ί
2301 5461 2386 5516 {SE
2417 5460 2551 5514 Nam
2583 5468 2629 5512 rt
2657 5474 2791 5512 cum.
2839 5449 2915 5486 ’θη
2951 5454 3038 5508 Sir
3066 5451 3228 5514 Citii;
3259 5449 3301 5501 Α
3329 5455 3610 5507 catenatus.

551 5551 694 5604 uideo
716 5564 847 5621 esse.
926 5549 968 5581 "
1007 5545 1097 5606 Sic
1123 5543 1283 5606 (ZDE;
1319 5547 1355 5594 Α
1390 5541 1591 5611 spatiis.

3474 5303 3569 5357 “in
3595 5315 3681 5356 om
3730 5297 3788 5349 D.

3437 5375 3477 5404 υ
3510 5372 3598 5426 Sic
3625 5364 3786 5424 CDE:

3437 5455 3610 5491 nutus.
3693 5441 3730 5470 "
3755 5437 3798 5491 (ἶ

2956 5331 2984 5366 ’.
3059 5313 3081 5345 ⁵
3116 5313 3155 5364 Α
3185 5310 3398 5362 circum.

2655 5387 2694 5419 ³⁸⁸
2720 5388 2758 5438 Α
2782 5402 2921 5450 ergo.
3003 5385 3041 5415 ¹¹
3072 5393 3142 5436 est
3167 5377 3355 5450 om.D.
