4236 6072
475 225 584 283 879

1820 232 1823 235 ’
1877 231 2169 289 JOANNIS
2216 234 2409 291 SCOTl

3624 239 3731 297 480

470 328 882 423 seintellcctae.
909 316 1106 400 Earum
1153 355 1332 404 tamen
1378 349 1647 417 quaedam
1688 349 1833 404 inter
1857 366 1915 403 se
1940 348 2044 401 mi-
2074 355 2115 410 Α
2148 350 2530 420 iutelligibilia,
2562 350 2675 407 suis
2706 354 2939 423 propriis
2975 352 3136 421 locis,
3170 354 3222 411 id
3256 365 3362 421 est,
3380 358 3733 415 naturalibus

474 440 907 508 rabiliquodam
940 439 1111 503 coitu,
1162 450 1222 495 ut
1257 442 1335 495 ait
1384 440 1706 512 Gregorius,
1760 444 2041 496 materiem

480 537 743 595 visibilem
780 537 1107 607 conﬁciunt;
1134 539 1401 610 quaedam
1444 552 1572 594 vero
1621 537 1672 592 in
1718 537 1861 592 nullo
1893 552 2055 607 appa-

480 640 624 695 rent,
672 646 990 702 semperque
1016 632 1381 704 incorporales
1424 632 1576 687 ﬁunt.
1628 631 1761 686 Nam
1794 634 1967 697 nocte,
2004 640 2059 685 ct

480 722 688 788 relatio,
720 723 886 787 locus,
908 730 1157 793 tempus,
1183 738 1367 794 agerc,
1409 724 1541 793 pati,
1579 724 1726 776 nullo
1748 738 1906 778 sensu
1935 737 2057 777 cor»

474 827 643 883 porco
679 814 1037 885 attinguntur.
1075 813 1359 881 Quantitas
1393 829 1537 879 vero,
1571 812 1943 884 qualitasque,
1984 815 2054 868 si-

478 912 564 956 tus
585 942 599 967 ,
628 911 685 957 et
727 902 961 966 habitus,
990 901 1119 958 dum
1167 903 1304 957 inter
1338 919 1398 956 se
1445 896 1707 959 coeuntes
1745 904 2048 970 materiem,

477 1003 537 1047 ιιι
572 993 939 1065 praediximus
976 984 1032 1060 λι,
1083 992 1349 1065 iungunt,
1401 1008 1665 1065 corporeo
1716 1010 1876 1050 sensu
1926 1010 2050 1066 per-

472 1085 580 1154 cipi
617 1086 816 1140 solent.
870 1085 929 1141 Si
961 1085 1124 1155 igitur
1163 1085 1185 1116 ¹
1227 1083 1378 1140 locus
1413 1084 1555 1148 inter
1597 1100 1682 1151 ea,
1733 1099 1871 1156 quae
1906 1086 2052 1145 nullo

472 1176 633 1233 modo
657 1177 935 1246 corporeis
974 1176 1225 1231 sensibus
1265 1178 1641 1239 succumbunt.
1693 1191 2053 1232 connumera-

474 1277 608 1333 tur;
632 1282 866 1337 corpora
906 1282 1055 1331 vero.
1103 1268 1149 1323 si
1189 1267 1438 1323 sensibus
1468 1284 1574 1323 non
1611 1268 2046 1339 pet‘cipiantur',

397 1344 401 1348 ’
465 1373 696 1427 corpora
726 1374 830 1413 non
861 1368 987 1413 sunt
1009 1376 1029 1414 :
1052 1375 1232 1425 nonne
1261 1360 1439 1426 datur,
1483 1360 1624 1430 quod
1653 1358 1946 1417 lorusuion
1978 1360 2050 1414 sit

469 1446 704 1519 corpus?
728 1447 967 1519 Corpora
996 1464 1140 1505 nunc
1159 1447 1183 1484 δ
1206 1442 1511 1518 dico,'quae
1533 1464 1601 1505 ex
1627 1450 1772 1505 coitu
1796 1458 2051 1517 quattuor

472 1540 655 1593 mundi
711 1539 1098 1601 elementorum
1153 1541 1532 1598 coniiciuntur.
1589 1540 1730 1598 Nam
1795 1551 2048 1615 quattuor

470 1630 653 1686 mundi
681 1631 967 1701 elementa,
999 1634 1127 1688 dum
1174 1647 1405 1704 corpora
1441 1634 1550 1691 sint
1589 1648 1689 1705 per
1715 1649 1773 1689 se
1805 1634 1916 1705 ipsa
1938 1634 2049 1692 dis-

2141 442 2563 504 delinitiunibus
2589 445 2860 502 contineri
2896 445 3025 504 vera
3057 450 3199 515 ratio
3232 451 3452 523 edocet.

2227 533 2317 589 36.
2356 533 2494 589 Dtsc.
2520 533 2628 589 Nec
2648 524 2778 590 ltuic
2803 534 3138 591 conclusioni
3166 537 3380 603 resisto,
3430 538 3581 599 dum-
3608 552 3731 595 eam

2158 642 2487 686 vertttnessc
2513 627 2685 682 video.
2715 625 2822 683 Sed
2853 628 3003 683 valde
3029 627 3219 691 miror,
3247 646 3347 683 cur
3386 629 3441 684 in
3486 646 3729 688 commn-
3752 655 3782 687 .-

2156 735 2279 772 nent
2304 734 2455 773 nsum
2500 718 2768 777 bumanae
2794 720 2936 774 vitae
2968 720 3235 790 pervenit,
3288 730 3347 776 ut
3391 722 3571 776 omnia
3600 730 3731 780 haec

2155 824 2402 881 corpora,
2428 812 2541 866 sive
2557 811 2832 875 caelestia,
2858 814 2977 867 sive
2998 812 3169 875 aeria,
3192 813 3307 869 sive
3329 814 3599 882 aquatica,
3614 815 3732 871 sive

2156 911 2388 965 terrena,
2419 901 2703 955 minortntr
2735 901 2879 957 intra
2931 914 2990 956 se
3037 912 3326 973 corporum
3357 903 3472 959 loca
3499 918 3621 961 esse
3644 905 3727 960 di-

2153 1007 2280 1049 cere
2300 1006 2657 1060 consuescat;
2683 990 3135 1064 quemadmodum
3165 993 3234 1047 nil
3258 989 3400 1047 aliud
3428 1009 3551 1049 esse
3569 993 3731 1051 aedi-

2154 1092 2264 1135 ntat
2294 1083 2474 1138 οὐσίαν
2498 1092 2711 1153 praeter
2752 1070 2862 1139 hoc
2877 1097 3075 1152 corpus
3102 1082 3312 1141 visibile
3350 1068 3518 1154 atque
3559 1084 3733 1156 tangi-

2151 1172 2276 1230 bile.
2309 1156 2542 1241 ideoque
2576 1172 2777 1227 obnixe
2815 1170 3116 1242 uagitum
3164 1173 3237 1228 sit
3283 1173 3377 1227 tibi
3430 1178 3769 1239 tttOt‘Ostttlt,"

2153 1261 2353 1318 diutius
2375 1264 2443 1319 do
2476 1260 2576 1315 bac
2608 1262 2873 1331 praesenti
2903 1259 3213 1317 dinicultate
3249 1262 3544 1333 disputare.
3582 1261 3724 1319 Msa.

2118 1346 2121 1350 ’
2151 1351 2289 1418 Quid
2313 1352 2486 1426 igitur
2504 1351 2582 1407 ⁸⁸2
2612 1351 2815 1423 Nempe
2832 1351 3147 1422 jamdudum
3176 1353 3319 1411 inter
3360 1370 3457 1412 nos
3483 1364 3566 1412 est
3598 1370 3730 1413 con-

2151 1440 2376 1507 fectum,
2405 1440 2608 1505 omnia,
2636 1455 2776 1512 quae
2824 1439 2910 1498 vel
2958 1457 3120 1497 sensu
3175 1458 3469 1513 corporeo.
3516 1444 3601 1501 vel
3639 1461 3727 1501 ra-

2151 1534 2318 1598 tione,
2333 1532 2414 1593 vel
2437 1532 2706 1608 intellectu
2736 1545 3150 1605 cognoscuntur,
3166 1537 3229 1592 de
3241 1535 3353 1593 Deo
3372 1539 3567 1596 merito
3578 1554 3726 1596 crea-

2152 1633 2269 1679 tore
2310 1625 2553 1680 ontnium
2586 1622 2630 1656 "
2652 1640 2815 1697 posse
2852 1627 3173 1709 praedicari,
3204 1628 3329 1693 dum
3354 1628 3489 1683 nibil
3512 1643 3719 1693 eorum.

466 1731 640 1788 creta.
668 1721 925 1779 itteaattiii
957 1740 1054 1807 sua
1108 1726 1342 1782 naturali
1378 1726 1673 1783 subtilitate
1700 1737 1862 1797 atque
1901 1727 2045 1797 puri-
2076 1720 2121 1781 Β
2150 1728 2291 1785 quae
2318 1715 2387 1769 de
2416 1728 2476 1773 se
2502 1714 2875 1805 prédicanwn
2897 1732 3033 1787 pura
3077 1718 3320 1774 νει-ίιειιίκ
3346 1713 3722 1803 contemplatio

468 1820 579 1887 tate
620 1828 835 1878 omnem
862 1830 1079 1871 sensum
1125 1816 1405 1872 mortali-tn
1443 1827 1719 1887 superant.
1761 1817 1919 1872 Aliud
1961 1825 2048 1873 est

470 1906 635 1977 igitur
666 1907 689 1940 ⁸
718 1908 888 1975 locus,
916 1917 972 1962 et
1012 1907 1155 1963 aliud
1195 1923 1411 1979 corpus.
1458 1909 1541 1964 Au
1574 1906 1673 1966 tibi
1718 1908 1876 1964 aliter
1904 1907 2045 1965 vidc-

442 1997 591 2071 rtur‘.’
620 1997 763 2054 Disc.
797 1996 951 2057 Nullo
982 2000 1159 2055 tnodo.
1190 1999 1258 2055 Et
1289 2000 1422 2054 haec
1451 2008 1721 2069 postrema
1763 1999 2046 2054 ratiocina-

467 2084 632 2144 tionis
657 2102 875 2145 nostrae
898 2090 1174 2147 conclusio
1200 2105 1538 2161 nequaquam
1565 2090 1694 2151 sinit
1721 2091 2038 2157 concedere,

463 2180 641 2237 locum
663 2192 719 2235 et
746 2197 942 2253 contus
969 2181 1129 2237 unius
1156 2184 1369 2253 generis
1394 2165 1534 2237 esse.
1568 2180 1674 2238 Sed
1702 2183 1845 2252 quod
1874 2180 2043 2237 inter-

466 2274 699 2347 positum
727 2290 757 2328 a
790 2284 843 2329 te
864 2274 1038 2338 video,
1064 2274 1141 2330 nil
1167 2275 1308 2330 aliud
1330 2290 1448 2331 esse
1475 2274 1751 2330 materiem
1772 2273 2038 2330 visibilem

463 2361 668 2419 t‘ormae
712 2352 1014 2431 adiunctam
1039 2363 1392 2435 .--quicqui‘d
1441 2364 1584 2419 enim
1633 2372 1896 2434 apparet,
1944 2378 2043 2435 per

452 2451 687 2509 {oratam
710 2453 1114 2522 apnaret—nisi
1137 2451 1887 2520 accidentium'quornmdam
1909 2466 2042 2507 con-

455 2560 703 2612 cursum,
727 2544 834 2599 non
872 2559 1095 2615 parvum
1127 2545 1149 2575 ⁸
1175 2561 1258 2599 me
1286 2560 1440 2599 move
1470 2583 1483 2596 .
1519 2545 1655 2598 Hoc.
1679 2543 1798 2598 Non
1834 2552 1889 2600 te
1918 2557 2036 2598 nio-

457 2647 600 2695 vent.
633 2639 791 2701 Nam.
817 2649 877 2692 ut
908 2636 1043 2700 dixi.
1070 2651 1299 2714 magnus
1329 2636 1627 2711 Gregorius
1668 2622 1940 2709 Nyssaeus
1978 2637 2037 2691 ln‘

437 2729 722 2786 .Sertnono
741 2727 1071 2801 deitnagine
1093 2729 1259 2783 certis
1292 2730 1596 2783 rationibus
1629 2727 1702 2782 ita
1753 2744 1874 2784 esse
1904 2746 2033 2792 sua,-

453 2824 566 2886 tlet.
591 2820 668 2877 nil
689 2823 840 2881 aliud
872 2822 1363 2885 dicensmuteriam
1392 2837 1520 2884 esse,
1545 2822 1649 2875 nisi
1682 2823 2031 2878 occidentium

454 2915 725 2982 quercum
754 2911 1209 2984 canrpomionem.
1253 2925 1319 2963 ea:
1361 2909 1568 2975 ξυνίενίᾴὶ
1592 2909 1710 2963 ibus
1754 2911 1931 2965 causis
1956 2914 2031 2965 od

2151 1821 2272 1860 eum
2305 1809 2565 1879 approbat
2605 1808 2652 1842 “
2683 1824 2821 1867 esse.
2854 1811 2997 1880 lusc.
3025 1809 3081 1865 ld
3125 1810 3296 1881 ipsum
3345 1812 3720 1871 inconcussum

2149 1894 2295 1966 ease,
2318 1901 2544 1974 ittccque
2572 1904 2770 1959 clarius
2797 1904 2930 1960 ratio
2959 1906 3164 1961 edocet.
3484 1899 3495 1909 ’

2165 2043 2169 2046 .
2216 1994 2306 2050 57.
2346 1994 2485 2054 MAG.
2517 1994 2575 2051 Si
2601 2012 2732 2067 ergo
2757 1996 2824 2052 dc
2872 1996 2983 2052 Deo
3019 1999 3220 2062 omnia,
3252 2014 3389 2068 quae
3417 2008 3561 2065 sunt,
3611 2014 3718 2055 non

2147 2087 2361 2158 quidem
2382 2089 2621 2159 proprie,
2642 2090 2735 2145 sed
2760 2091 2919 2147 modo
2934 2092 3162 2160 quodam
3187 2093 3720 2167 translationis,qtto-
3781 2090 3793 2097 ’

2147 2179 2290 2232 niam
2318 2179 2386 2233 ab
2404 2181 2519 2248 ipso
2533 2189 2677 2245 sunt,
2705 2181 2806 2236 rite
2828 2182 3207 2252 praedicantur
3232 2175 3249 2238 Ξ
3277 2185 3403 2254 quid
3423 2186 3648 2252 mirum,
3670 2188 3716 2242 si

2146 2272 2335 2321 cuu‘cta
2355 2307 2369 2329 .
2393 2284 2532 2338 quae
2552 2269 2604 2323 iit
2623 2269 2739 2324 loco
2761 2281 2907 2335 sunt,
2930 2271 3056 2325 dum
3083 2272 3373 2352 majoribus
3403 2291 3461 2344 se
3481 2278 3717 2348 undique

2148 2355 2427 2412 videantur
2443 2359 2795 2417 circumfundi
2816 2402 2831 2428 ,
2849 2362 2964 2418 loca
2981 2362 3025 2394 “
3038 2358 3240 2433 possint
3260 2368 3522 2427 nominari
3546 2409 3561 2433 ,
3594 2385 3716 2426 cum

2146 2445 2348 2497 nullum
2380 2444 2598 2501 illorum
2634 2451 2857 2519 proprie
2878 2449 3150 2525 locus_sit,
3171 2453 3265 2506 sed
3302 2455 3420 2508 loco
3441 2470 3571 2509 suae
3594 2471 3719 2526 pro-

2145 2535 2297 2605 priae
2314 2536 2356 2568 "
2376 2544 2605 2591 naturae
2622 2538 2938 2594 continetur
2956 2539 3025 2605 ⁸⁸,
3041 2555 3278 2611 cumque
3297 2542 3596 2607 videamus,
3622 2560 3721 2615 per

2144 2626 2550 2699 metonymiant.
2571 2627 2622 2707 id
2638 2639 2724 2683 est
2743 2630 3351 2698 trananotttinat'ionem,
3373 2633 3440 2687 ab
3461 2634 3718 2705 bis,quae

2143 2718 2454 2784 continent,
2471 2721 2743 2777 nominari
2759 2736 2846 2789 ea,
2869 2738 3007 2793 quae
3019 2723 3393 2790 continentur,
3411 2744 3514 2782 non
3534 2722 3717 2782 tamen
3736 2762 3741 2766 -

2142 2807 2213 2871 ita
2232 2811 2582 2877 continentur
2596 2813 2666 2867 ab
2686 2812 2792 2879 eis,
2825 2828 2880 2869 ut
2903 2815 3022 2870 sine
3043 2819 3124 2870 cis
3146 2817 3286 2872 intra
3301 2818 3577 2874 naturales
3588 2833 3718 2875 suos

2138 2904 2404 2965 terminos
2415 2904 2721 2961 subsistere
2746 2922 2851 2960 nan
2870 2909 3101 2977 possint.
3129 2909 3266 2965 Usus
3282 2911 3550 2979 siquidem
3573 2928 3721 2965 mor-

453 3000 709 3057 oiaibilcnt
752 3002 1019 3067 materiem
1063 3001 1456 3068 procedentem.
1489 2998 1601 3053 Nec
1647 2998 1947 3057 immerito.
1977 3000 2032 3053 Si
2064 3016 2108 3075 ο
2144 2993 2331 3046 talium
2352 2995 2600 3062 domum,
2623 3012 2873 3059 uxorein.
2898 3016 2994 3055 seu
3014 3001 3276 3056 fatniliam
3300 3003 3441 3058 solet
3472 3004 3716 3073 appella-
3770 3034 3777 3039 -

453 3095 600 3152 enim
627 3090 929 3161 corporalis
951 3093 1112 3143 huius
1143 3092 1402 3143 materiae
1427 3080 1788 3159 solubilisque
1814 3091 1836 3122 "
1866 3107 2033 3161 quae~

455 3186 582 3239 dam
631 3181 862 3250 simplex
917 3190 1083 3251 atque
1122 3181 1486 3235 immutabilis
1530 3184 1770 3235 esst-tilia
1803 3191 1860 3235 et
1885 3184 2035 3238 nullo

457 3275 624 3345 modo
649 3275 905 3339 solubilis
933 3273 1157 3339 inesset,
1178 3274 1321 3329 nulla
1350 3274 1562 3329 ratione
1585 3275 1840 3344 nullaque
1863 3276 2037 3333 aetio-

454 3376 493 3420 n
556 3362 775 3432 penitus
823 3360 1151 3416 solveretur.
1189 3362 1307 3416 .Iam
1351 3375 1480 3416 vero
1511 3357 1763 3418 solvitur.
1798 3360 1888 3417 Nil
1918 3365 1989 3433 igi
2014 3394 2029 3402 -

457 3463 548 3511 tur
567 3454 626 3533 ei
652 3451 944 3508 insolubile
965 3452 1180 3508 subest.
1226 3450 1360 3507 Nam
1393 3467 1596 3524 genera
1646 3459 1701 3508 et
1743 3451 1954 3524 species
1983 3463 2041 3509 et

457 3556 642 3601 atoma
698 3558 988 3613 propterea
1020 3559 1238 3612 semper
1281 3557 1402 3598 sunt
1436 3559 1499 3597 ac
1535 3553 1873 3613 permanent,
1908 3546 2038 3613 quia

465 3643 606 3698 inest
655 3641 736 3699 eis
787 3638 1001 3709 aliquod
1047 3637 1263 3690 'uunm
1307 3634 1660 3700 individuum,
1710 3636 1850 3705 quod
1900 3632 2035 3689 solvi

467 3731 677 3800 nequit,
710 3744 883 3799 neque
930 3725 1154 3782 destrui.
1189 3724 1305 3796 Ipsa
1339 3740 1553 3794 quoque
1577 3721 1876 3780 accidentia
1913 3737 2038 3794 pro-

465 3833 649 3894 pterea
677 3821 732 3874 in
759 3836 855 3876 sna
880 3831 1077 3873 natura
1102 3816 1504 3871 immulnbililcr
1550 3824 1884 3887 permanent,
1910 3813 2036 3884 quia

464 3912 714 3966 omnibus
765 3910 844 3965 eis
891 3922 1055 3964 unum
1099 3908 1366 3977 quoddam
1415 3909 1436 3943 ⁹
1465 3905 1796 3962 individuum
1831 3905 2036 3971 subest,

467 4001 523 4056 in
553 4017 660 4072 quo
684 4000 1001 4055 naturaliter
1025 3999 1205 4054 omnia
1238 4013 1403 4053 unum
1429 3998 1745 4053 subsistunt.

539 4091 628 4148 35.
666 4092 813 4149 Disc.
860 4090 945 4147 Nil
988 4091 1184 4161 verius,
1232 4101 1289 4146 ut
1317 4090 1580 4157 arbitror;
1634 4100 1795 4160 atque
1848 4089 1967 4145 ideo
1998 4090 2040 4121 '°

467 4194 804 4255 praesentem
829 4183 1222 4253 inquisitionem
1248 4183 1569 4249 cont-ludas,
1592 4193 1774 4254 specto
1802 4183 1863 4237 “.
1895 4183 2037 4240 Mtte.

467 4275 607 4342 Quid
642 4284 828 4339 restat,
858 4275 959 4328 nisi
989 4279 1049 4329 u‘t
1082 4275 1339 4335 dicamus.
1378 4276 1526 4330 verbi
1569 4275 1760 4346 gratia,
1799 4275 1926 4342 dum
1958 4276 2028 4330 vi-

470 4368 657 4420 demtts
688 4378 914 4434 corpora
964 4373 1149 4418 nostra
1183 4364 1235 4417 in
1282 4366 1383 4418 bac
1414 4375 1552 4418 terra
1593 4367 1903 4429 constituta,
1959 4365 2041 4420 vel

2140 3101 2219 3149 re,
2260 3105 2384 3141 cum
2425 3091 2557 3144 bace
2585 3091 2799 3147 natural
2826 3102 2907 3148 ter
2938 3095 3168 3151 distent.
3201 3093 3319 3150 Non
3348 3099 3495 3152 enim
3523 3098 3721 3154 domus

2134 3189 2376 3248 praestat
2402 3182 2557 3235 uxori
2599 3197 2696 3237 seu
2733 3182 2974 3241 familiae
3001 3187 3438 3242 substantialiter
3455 3203 3597 3254 esse,
3620 3190 3720 3248 scd

2136 3275 2373 3327 naturae,
2390 3273 2850 3340 Iocus..Quoniam
2868 3292 2995 3331 vero
3013 3278 3069 3332 itt
3097 3293 3160 3332 ca
3187 3280 3468 3347 possident
3487 3281 3636 3345 “,ab
3653 3296 3721 3340 ca

2138 3363 2480 3423 deuouiinari
2511 3364 2709 3422 solent.
2737 3364 3112 3439 Similiterque
3131 3383 3218 3436 ea,
3242 3384 3383 3442 quae
3412 3371 3714 3441 continent,

2137 3453 2208 3509 ab
2228 3452 2337 3520 bis,
2367 3469 2510 3524 quae
2541 3457 2916 3522 continentur.
2966 3457 3125 3516 Vetbi
3156 3461 3204 3494 ⁸⁸
3234 3464 3432 3532 gratia.
3461 3476 3559 3517 rer
3585 3478 3720 3518 con-

2142 3546 2278 3601 tinet
2331 3546 2553 3613 lucem;
2606 3548 2841 3620 ideoque
2890 3551 3232 3606 illutuinatus
3280 3567 3375 3608 aer
3408 3553 3452 3584 "
3490 3553 3581 3607 lux
3631 3555 3716 3606 die

2137 3635 2301 3691 citur.
2337 3635 2540 3694 Oculus
2568 3637 2713 3695 visus
2757 3648 3000 3707 vocatur,
3037 3654 3130 3695 seu
3177 3641 3331 3704 visio,
3370 3642 3496 3697 dtttn
3537 3657 3712 3714 neque

2141 3724 2311 3790 visus,
2357 3740 2532 3794 neque
2565 3726 2702 3783 visio
2734 3726 2809 3783 sit
2840 3727 2994 3796 juxta
3034 3739 3261 3786 naturae
3305 3734 3706 3802 proprietatem.

2139 3815 2272 3883 Quis
2298 3816 2442 3872 enim
2471 3816 2939 3887 nesciat,-oculum
2979 3820 3185 3891 partem
3222 3828 3491 3893 quandam
3519 3842 3711 3894 corpo-

2140 3910 2307 3969 ralem
2338 3910 2549 3981 capitis,
2581 3909 2963 3981 hutoidatnque
2984 3929 3122 3976 esse.
3151 3930 3247 3985 per
3285 3932 3447 3986 quant
3491 3918 3639 3972 visus
3656 3917 3709 3949 "

2087 4055 2090 4059 .
2142 4002 2413 4057 radiorum
2455 4002 2628 4058 instar
2665 4017 2732 4058 ex
2779 4007 3019 4069 mettica,
3071 4006 3172 4061 hoc
3216 4017 3298 4062 est
3341 4010 3706 4064 membranula

2139 4093 2375 4151 cerebri.
2405 4093 2550 4150 l’oras
2595 4092 2877 4149 funditur?
2906 4094 3109 4152 Menica
3144 4113 3271 4153 vero
3304 4098 3521 4155 luminis
3550 4111 3704 4155 natu-

2142 4198 2254 4236 ram
2292 4185 2578 4245 excorde.
2629 4185 2770 4253 ignis
2808 4185 3049 4242 videlicet
3086 4189 3232 4253 sede,
3276 4192 3464 4260 recipit
3502 4192 3572 4246 ".
3612 4191 3711 4248 Est

2141 4275 2286 4328 enim
2314 4274 2464 4330 visus
2491 4276 2750 4335 naturalis
2792 4276 3010 4333 luminis
3048 4279 3102 4333 in
3134 4295 3292 4337 sensu
3336 4283 3549 4338 videndi
3586 4298 3709 4356 pos-

2143 4367 2371 4422 sidentis
2420 4367 2672 4422 radiatim
2731 4368 2875 4424 foras
2936 4371 3217 4443 prosiliens
3269 4372 3520 4439 emissio,
3573 4390 3711 4445 quae

472 4455 571 4507 lmc
601 4468 728 4509 aere
753 4451 1102 4516 circtnul‘usa,
1151 4452 1224 4506 nil
1252 4451 1395 4507 aliud
1425 4453 1523 4507 nisi
1564 4468 1790 4522 corpora
1822 4454 1874 4509 in
1921 4470 2043 4507 (τογ-
2075 4437 2123 4496 D
2146 4474 2267 4512 cum
2334 4458 2602 4514 coloribus
2640 4437 2952 4528 lormisqnev
2992 4462 3321 4519 exteriorum
3378 4437 3707 4521 sensibilium

470 4542 689 4608 poribus
732 4541 887 4598 esse!
933 4541 1133 4597 I'Iatletn
1190 4535 1396 4596 ratione
1443 4543 1619 4611 pisces
1664 4544 1715 4595 in
1765 4542 2035 4609 ﬂuctibus,

470 4633 717 4703 planetae
745 4630 802 4688 in
844 4634 1084 4695 aethere,
1131 4641 1277 4686 astra
1326 4634 1379 4685 in
1428 4632 1786 4697 ﬁrmamento,
1817 4639 2037 4704 cdrpora

471 4723 527 4779 in
554 4723 871 4794 corporibus
903 4730 1059 4789 sunt,
1087 4708 1294 4779 minora
1345 4722 1400 4778 in
1457 4722 1752 4795 majoribus
1782 4726 1846 4794 “,
1893 4741 2041 4781 cras—

468 4816 617 4872 siora
664 4818 723 4871 in
751 4815 1137 4876 subtilioribus.
1176 4814 1313 4873 levia
1345 4816 1398 4872 in
1444 4816 1757 4885 levioribus,
1804 4835 1936 4890 pura
1987 4824 2039 4876 in

397 4892 403 4899 ’
471 4905 800 4985 purioribus.
829 4905 973 4962 llaec
996 4907 1139 4962 enim
1166 4907 1344 4963 omnia
1374 4908 1671 4977 sensibilia,
1694 4912 1837 4967 sicut
1864 4912 2041 4969 'etiant

2145 4567 2430 4621 corporum
2470 4550 2965 4619 circumfunditur,~
2982 4556 3215 4609 mirabili
3260 4557 3540 4614 celeritate
3580 4558 3710 4629 ipsis

2145 4645 2402 4704 coloratis
2443 4644 2738 4709 visibiiibns
2771 4645 2959 4701 formis
3003 4644 3388 4705 conformatur.
3434 4648 3531 4708 Est
3565 4651 3708 4707 enim

2128 4739 2283 4792 visio
2331 4735 2623 4793 formarum
2668 4737 3016 4809 colorumque
3050 4740 3406 4809 corporalium
3442 4744 3500 4799 in
3546 4746 3713 4821 radiis

2145 4825 2423 4882 oculorum
2460 4828 2722 4895 quaetlatn
2764 4827 2940 4900 iituth
2987 4828 3343 4908 conformata,
3372 4823 3527 4906 quae
3565 4834 3705 4892 nulla

2150 4933 2299 4973 mora
2329 4917 2646 4977 itttetstante
2670 4933 2831 4976 sensu
2868 4920 3145 4992 recipitur,
3172 4926 3569 5012 inemoriaeoue
3588 4941 3697 4983 seu.

1742 5074 1998 5132 VARIAE
2063 5074 2472 5133 LECTIONES.

527 5236 545 5267 ⁸
570 5238 657 5294 Sic
692 5235 868 5306 C'DE;
902 5239 945 5292 Α
977 5239 1127 5308 prius
1149 5239 1401 5303 diximus.
1479 5239 1498 5269 ’
1530 5220 1569 5291 Ἀ
1613 5228 1764 5305 ergo.
1846 5234 1868 5267 ⁸
1903 5231 1994 5289 Sic
2023 5231 2195 5289 CDE:
2249 5228 2299 5287 Α
2346 5230 2730 5357 Bercipiuntnr.
2828 5228 2967 5312 '_Sic
2991 5229 3161 5296 CDE;
3202 5233 3240 5283 Α
3291 5231 3454 5285 eicior.
3544 5234 3587 5312 f
3628 5232 3707 5285 Sit

527 5308 621 5370 Ἐς
666 5312 707 5362 Α
744 5312 906 5363 Aliud
937 5313 1073 5364 enim
1099 5327 1239 5370 ergo.
1307 5310 1327 5338 ‘
1368 5307 1460 5362 Sic
1491 5302 1661 5370 CDF;
1697 5311 1736 5359 Α
1779 5321 1991 5370 parum.
2109 5303 2130 5336 τ
2170 5304 2339 5357 Sic‘tl
2391 5302 2474 5368 E;
2523 5302 2564 5356 A
2604 5300 2864 5370 carpam]:
2900 5304 3020 5354 huic
3064 5303 3316 5357 materiae
3378 5303 3707 5370 solubilique

1993 5376 2035 5405 ὐ
2059 5373 2104 5427 Α
2130 5384 2205 5427 nl.

678 5451 721 5480 ’δ
759 5449 847 5506 Sic
873 5448 1041 5512 (ψει
1071 5452 1113 5503 Α
1165 5455 1229 5503 de
1265 5452 1370 5503 Deo
1410 5459 1643 5502 maiore
1672 5449 1905 5501 omnium
1943 5457 2151 5498 merito.

1506 5519 1547 5551 ’⁸
1581 5520 1671 5573 Sic
1729 5513 1861 5571 CDE
1887 5529 1905 5583 ;
1955 5515 1997 5570 C
2045 5516 2397 5569 cantitmttur.

2100 5586 2146 5618 ⁸³
2175 5587 2219 5638 D
2260 5585 2474 5652 ret-cpit.

451 5304 621 5378 βῃες
666 5312 707 5378 ᾼ
744 5302 906 5363 Aliud
937 5302 1073 5364 enim
1099 5302 1268 5378 et'go,
1294 5310 1327 5378 γ’
1368 5307 1464 5378 Sic
1491 5302 1622 5361 CDF
1646 5302 1736 5373 {ﬁt
1779 5321 1991 5374 parum.

446 5373 473 5409 ⁸
495 5376 585 5433 Sic
616 5376 738 5442 CE;
778 5384 818 5434 Α
875 5380 1097 5445 αϋηιιια,
1158 5373 1174 5378 ⁷
1198 5387 1217 5412 "
1249 5376 1337 5434 Sic
1365 5376 1536 5445 CDE;
1579 5381 1618 5433 Α
1648 5383 1921 5446 quiddam;

454 5459 597 5530 ergo.
678 5459 721 5480 ”
759 5459 847 5506 Sic
873 5459 1041 5512 cur);
1071 5459 1113 5503 Α
1165 5459 1229 5503 de
1265 5459 1370 5503 Deo

455 5521 498 5589 ζ
536 5520 625 5574 Sic
654 5520 829 5588 ubi);
884 5526 929 5577 Α
987 5523 1198 5589 proprie
1245 5536 1395 5574 suae.

458 5586 506 5642 Ε
530 5635 541 5649 .
575 5592 666 5647 AD
710 5586 858 5648 Ideo.
962 5586 1006 5624 ’λ
1033 5586 1134 5646 Aer
1182 5610 1294 5648 om.
1329 5592 1391 5648 ι).
1499 5593 1610 5649 ¹¹,Α
1651 5589 1796 5646 visus
1829 5588 1996 5655 (usus.

2828 5228 2847 5259 ⁸
2875 5228 2967 5285 Sic
2991 5229 3161 5296 CDE;
3202 5233 3240 5283 Α
3291 5231 3454 5285 enim.
3566 5234 3587 5267 ³
3628 5232 3728 5286 Sic

2286 5374 2320 5403 "
2360 5372 2450 5427 Sic
2472 5372 2648 5433 CUI-1;
2684 5373 2727 5422 A
2759 5382 3019 5440 exspecto.
3060 5373 3099 5402 "
3130 5372 3169 5429 D
3202 5375 3501 5440 minoribus
3612 5371 3655 5403 "
3685 5374 3725 5426 Α

2231 5444 2271 5473 ⁸³
2305 5441 2387 5495 Sic
2422 5443 2552 5496 (1M2
2583 5459 2597 5504 ς
2653 5446 2690 5494 Α
2735 5439 3002 5507 approbet.
3079 5443 3122 5474 ⁸⁶
3147 5443 3234 5496 Sic
3264 5442 3305 5497 Β
3357 5439 3398 5497 Ε
3430 5460 3449 5502 :
3483 5444 3520 5495 Α
3557 5444 3728 5497 locus.

2496 5515 2539 5545 ¹⁹
2566 5512 2656 5568 Sic
2686 5511 2858 5577 CDE;
2901 5513 2940 5567 Α
2988 5512 3338 5580 possideatur.
3448 5516 3500 5561 ."
3531 5513 3619 5568 Sic
3676 5514 3716 5565 li
