4236 6072
381 306 486 364 ιω

1252 303 1344 367 DE
1383 267 2113 368 otvi‘sxone'mwnae.
2265 258 2466 364 Lunzn
2502 305 2783 366 ramus.

3574 311 3677 364 £86

382 423 567 493 inqua
591 424 774 492 specie
790 423 980 478 horum
999 419 1340 478 deﬁnitiones
1358 424 1828 479 cormumerandas
1847 437 1970 478 esse
1999 429 2042 485 Α
2075 435 2129 477 et
2175 423 2318 476 aliud
2359 422 2476 490 ejus
2528 423 2788 477 deﬁnitio.
2845 422 2986 478 Disc.
3024 423 3181 478 Aliud
3207 438 3324 478 esse
3359 424 3531 482 video.
3562 425 3671 481 Sed

380 513 605 570 censes?
645 513 793 568 Disc.
822 512 878 567 ln
904 526 973 570 ea
998 511 1262 583 profecto,
1293 529 1434 584 quae
1461 512 1710 584 intelligit
1733 523 1790 568 et
1817 513 1980 568 intel-

257 625 268 634 -
332 610 335 611 '
381 602 588 676 ligitur.
623 604 780 659 Actio
806 603 1075 673 siquidem
1105 603 1442 659 deﬁnitionis
1498 603 1875 660 ratiocinantis
1903 603 1983 658 in-

383 695 785 767 telligentisquc
811 706 1038 750 naturae
1065 696 1210 752 actio
1245 707 1350 752 est.
1379 693 1520 750 MAG.
1571 693 1682 750 Nec
1707 695 1866 750 aliter
1899 697 1979 749 vi-

382 788 542 850 detur
567 803 689 843 esse
714 803 894 860 posse.
928 787 1083 843 Nulla
1133 786 1278 842 enim
1329 797 1547 853 natura,
1578 803 1719 858 quae
1744 788 1981 857 seipsam

383 896 492 935 non
537 879 785 951 intelligit
813 895 954 944 esse,
991 888 1087 933 ant
1111 879 1195 934 sui
1219 879 1522 950 aequalem,
1547 887 1641 934 aut
1669 893 1728 935 se
1763 877 1984 932 inferio-

385 987 499 1026 rem
518 980 696 1043 potest
715 970 966 1026 delinire.
992 970 1130 1029 Nam
1153 973 1296 1041 quod
1322 986 1485 1040 supra
1509 987 1566 1025 se
1588 981 1690 1035 est,
1711 973 1983 1041 quomodo

383 1074 562 1137 potest
610 1059 980 1136 cognoscere.
1027 1065 1152 1119 dum
1200 1065 1319 1135 ejus
1360 1063 1606 1118 notitiam
1654 1079 1759 1119 non
1811 1063 1987 1119 valeat

385 1153 715 1227 superare'?
744 1155 891 1211 Di-sc.
925 1148 1111 1211 Solius
1135 1171 1267 1228 ergo
1311 1154 1696 1211 intellectualis
1736 1164 1982 1216 naturae,
2011 1179 2015 1183 λ

385 1262 527 1317 quae
570 1247 622 1300 in
653 1247 872 1315 homine
916 1246 1219 1318 angeloque
1247 1245 1622 1313 constituitur,
1654 1246 1988 1302 deﬁnitionis

385 1339 580 1411 peritia
599 1349 699 1394 est.
747 1339 853 1394 Sed
904 1350 1084 1395 utrum
1127 1337 1355 1410 angelus
1389 1345 1486 1392 aut
1530 1339 1694 1394 homo
1723 1338 1989 1407 seipsum,

387 1439 478 1483 aut
512 1430 672 1484 homo
701 1429 974 1502 angelum,
1003 1437 1094 1484 aut
1119 1427 1345 1498 angelus
1381 1429 1654 1483 hominem
1688 1428 1861 1497 possit
1896 1419 1990 1483 de?

388 1520 568 1584 ﬁnire,
593 1535 698 1576 non
726 1536 894 1588 parva
925 1522 1172 1590 quaestio
1205 1529 1310 1576 est.
1344 1521 1419 1576 De
1447 1534 1577 1592 qua,
1608 1520 1737 1591 quid
1765 1521 1860 1575 tibi
1903 1520 1990 1576 vi—

390 1613 567 1678 detur,
603 1628 764 1669 nosse
792 1613 971 1684 cupio.
996 1611 1139 1670 ΜΑσ.
1172 1613 1398 1669 Videtur
1449 1613 1581 1667 mihi
1624 1627 1799 1683 neque
1850 1613 1993 1684 seip-

389 1716 502 1767 sos,
543 1717 720 1771 neque
757 1702 902 1758 inter
950 1717 1012 1757 se
1039 1702 1272 1758 invicem
1300 1701 1528 1757 deﬁnire
1571 1716 1730 1773 posse
1771 1703 1814 1758 ³.
1852 1701 1990 1758 Nam

2091 515 2423 576 intellectus,
2447 514 2538 585 qui
2578 515 2812 584 seipsnnt
2851 514 3118 584 in'elligit,
3155 515 3409 585 quoniam
3442 519 3679 585 seipsum

2083 607 2296 668 deﬁnit,
2322 609 2522 662 suimet
2553 605 2703 659 locus
2729 619 2849 659 esse
2885 605 3108 660 ridetur.
3153 605 3289 660 Mite.
3322 605 3430 658 Nec
3462 607 3557 660 hoc
3591 606 3689 658 ah~

2085 699 2248 750 surde
2277 693 2401 765 quis
2432 682 2652 758 dixerit,
2691 695 2736 749 si
2770 694 2908 749 nllut
2939 696 3247 750 intellectus
3275 684 3389 766 pos:
3425 697 3463 726 ”
3493 699 3678 756 Deum,

2087 789 2176 855 qui
2205 789 2508 843 intellectus
2532 788 2774 843 omnium
2817 773 3035 853 dicitur,
3067 789 3303 857 seipsum
3331 801 3507 856 poteSt
3537 790 3687 843 intei-

2087 879 2282 949 ligere.
2321 879 2375 932 Si
2408 888 2588 933 autem
2613 880 2792 932 multis
2817 879 3124 933 intellectus
3148 884 3355 946 praetel
3391 878 3555 932 Deum
3584 893 3687 930 non

2089 987 2125 1022 a
2150 971 2349 1038 seipse,
2378 972 2471 1025 scd
2525 986 2553 1024 ει
2599 971 2863 1040 superiori
2893 986 2949 1022 se
2983 971 3470 1032 circumscribitur,
3514 970 3695 1028 nullus

2090 1061 2394 1118 intellectus
2420 1064 2615 1118 suimet
2649 1063 2800 1118 locus
2821 1066 2944 1127 crit,
2970 1066 3062 1118 sed
3095 1065 3233 1122 intra
3265 1065 3601 1133 superiorem
3629 1081 3689 1120 se

2089 1155 2461 1210 coilorabitnr.
2490 1155 2557 1228 Et
2591 1157 2692 1211 hoc
2737 1155 2896 1225 paulo
2935 1158 3184 1225 superius
3222 1171 3401 1211 nonne
3425 1171 3698 1212 converte.

2095 1257 2177 1300 rat
2206 1247 2270 1304 ".
2304 1262 2408 1303 non
2438 1248 2598 1302 aliter
2634 1250 2789 1303 esse?
2833 1249 2973 1303 Disc.
3011 1248 3083 1302 De
3117 1248 3217 1303 hoc
3245 1248 3372 1302 alibi
3402 1248 3561 1302 iatius
3586 1249 3699 1306 (εἰς’

2097 1337 2396 1406 putandum
2427 1337 2676 1392 aestimo.

2161 1426 2254 1481 44.
2315 1424 2469 1499 Nunc
2522 1438 2701 1481 autem
2750 1429 2793 1458 “
2840 1428 2998 1482 velim
3025 1430 3186 1490 scire,
3239 1436 3418 1481 utrum
3450 1426 3590 1480 aliud
3613 1436 3700 1483 est

2095 1529 2286 1573 natura
2318 1519 2485 1574 animi
2522 1519 2851 1584 deﬁnientis,
2913 1520 2962 1574 id
3002 1531 3104 1583 eSt,
3152 1534 3332 1582 onme,
3364 1521 3506 1589 quod
3535 1520 3602 1573 ab
3633 1534 3700 1574 eo

2095 1609 2431 1682 intelligitur,
2455 1611 2781 1682 cognitionis
2799 1612 2916 1665 loco
2931 1611 3462 1680 comprehendentis.
3482 1598 3705 1668 etalisd
3747 1594 3753 1598 l

2073 1701 2248 1764 ,locus
2273 1700 2411 1770 ipse,
2432 1716 2524 1756 seu
2553 1700 2794 1755 deﬁnitio
2839 1702 2994 1755 tereti
3022 1701 3103 1755 vel
3147 1692 3375 1755 detinui.
3418 1699 3554 1755 Hac.
3587 1698 3700 1755 Nec

388 1793 436 1848 si
481 1794 640 1848 homo
665 1791 909 1865 Seipsum‘
931 1793 1014 1848 vel
1035 1793 1286 1866 angelum
1316 1793 1526 1856 dellnit,
1583 1793 1756 1863 major
1807 1797 1988 1868 seipse
2022 1788 2065 1850 Β
2093 1795 2198 1850 hoc
2235 1794 2893 1865 inquisitioneindignum
2950 1809 3072 1850 esse
3120 1795 3298 1852 video.
3357 1793 3506 1848 .‘dolti
3550 1795 3697 1848 enim

391 1895 480 1941 est
523 1895 578 1939 et
603 1884 815 1956 angelo.
849 1882 1020 1954 Hujus
1043 1886 1190 1941 enim
1219 1895 1305 1940 est
1335 1885 1357 1917 ³
1405 1885 1549 1955 quod
1583 1886 1792 1952 deﬁnit,
1823 1903 1988 1956 quant

392 1973 537 2046 quod
565 1974 838 2029 delinitur.
880 1974 1081 2030 Eadem
1112 1974 1180 2030 de
1213 1975 1408 2047 angelo
1431 1985 1513 2030 est
1540 1977 1700 2032 ratio.
1745 1974 1855 2032 Hos
1881 1977 1993 2032 ita-

391 2082 501 2138 que
526 2067 594 2122 ab
627 2067 741 2138 ipso
780 2067 918 2130 solo,
950 2067 1040 2138 qui
1073 2082 1170 2122 eos
1201 2068 1269 2122 ad
1301 2068 1588 2138 imaginem
1621 2083 1774 2125 suam
1805 2069 1992 2126 condi-

395 2160 494 2224 dit,
533 2157 746 2213 deliniri
795 2173 957 2229 posse
1002 2160 1264 2215 arbitror.
1303 2158 1448 2215 Dtsc.
1483 2157 1706 2216 Videtur
1735 2161 1866 2220 mihi
1888 2160 2023 2231 hac,

398 2251 609 2306 ratione
631 2249 897 2312 concludi,
932 2266 1038 2306 non
1061 2250 1196 2306 alias
1225 2261 1451 2307 naturas
1481 2250 1787 2307 rationabili
1809 2251 1994 2310 animo

398 2340 635 2406 deﬁniri,
667 2340 768 2395 nisi
805 2337 1092 2396 inferiores
1118 2355 1177 2396 se
1202 2340 1247 2406 ⁵,
1300 2341 1418 2396 sive
1446 2342 1689 2397 visibiles
1709 2343 1840 2406 sint,
1876 2341 1994 2399 sive

400 2429 717 2486 invisibiles.
746 2430 884 2488 ch.
908 2430 1170 2502 Quisquis
1209 2430 1310 2488 hoc
1331 2433 1551 2499 dixerit,
1586 2433 1816 2488 veritate
1838 2433 1860 2466 ³
1883 2449 1994 2490 non

397 2532 568 2578 errat.
604 2522 836 2594 ideoque
864 2524 953 2578 ubi
981 2524 1328 2582 deﬁnitiones
1383 2535 1509 2583 sunt
1532 2525 1558 2559 °
1593 2541 1806 2593 eorum,
1850 2519 2000 2597 quae

400 2615 752 2682 deﬁniuntur,
786 2615 857 2670 ibi
883 2616 1130 2685 profecto
1148 2628 1204 2672 et
1233 2615 1337 2673 loci
1366 2633 1576 2683 eorum,
1598 2635 1742 2689 quae
1760 2619 1999 2677 circuznc

401 2711 734 2765 scribuntur.
781 2707 1082 2768 Praedictis
1123 2695 1270 2768 enim
1335 2709 1638 2766 rationibus
1687 2710 1997 2769 confectum

401 2810 508 2867 est,
533 2801 710 2858 locum
741 2800 1113 2858 deﬁnitionem
1141 2818 1286 2870 esse,
1312 2814 1366 2857 et
1401 2803 1767 2859 definitionem
1797 2804 1994 2861 locum.

407 2893 551 2948 Disc.
603 2892 921 2950 Confectum
971 2895 1202 2950 scilicet.
1257 2893 1399 2952 MAG.
1445 2896 1608 2966 Atqui
1657 2895 2001 2954 deﬁnitiones

404 2998 714 3055 corporum,
769 2999 1060 3054 rerumque
1111 2985 1321 3040 ratione
1371 2986 1699 3052 carentium,
1738 3001 1847 3043 non
1872 2987 2000 3045 alibi

407 3074 508 3130 nisi
546 3075 598 3129 in
629 3075 810 3131 animo
859 3075 1164 3132 rationabili
1205 3084 1352 3133 sunt.
1402 3077 1458 3132 ιιι
1508 3094 1567 3133 ea
1596 3077 1784 3148 itaque
1813 3087 1880 3139 et
1899 3078 2002 3134 ioci

405 3167 726 3232 omnium",
763 3183 902 3239 quae
960 3166 1208 3224 localiter
1243 3144 1801 3239 comprehenduntur.
1850 3170 1923 3226 At
1957 3171 2004 3227 si
2031 3144 2078 3209 Ο

407 3257 690 3313 rationalis
713 3259 893 3312 anima
924 3260 1241 3331 incorporea
1273 3270 1380 3327 est,
1407 3262 1562 3321 unde
1579 3250 1760 3317 nullus
1787 3261 2008 3333 sapiens

408 3353 639 3417 dubitat,
688 3353 1026 3418 necessario,
1052 3354 1310 3426 quicquid
1356 3354 1408 3409 in
1438 3370 1504 3410 ea
1541 3355 1880 3428 intelligitur,
1919 3356 2006 3412 in-

409 3436 731 3518 corporeum
760 3460 884 3503 esse
915 3446 1262 3504 manifestum
1299 3457 1403 3504 est.
1446 3448 1511 3503 Et
1546 3448 1698 3505 locus
1727 3449 1782 3505 in
1821 3447 2008 3505 animo

409 3536 751 3609 intelligitur,
780 3537 924 3593 sicut
953 3530 1103 3607 prius
1127 3539 1310 3594 datum
1353 3549 1439 3596 est
1466 3539 1509 3594 '.
1538 3539 1899 3611 lncorporalis
1921 3548 2007 3596 cst

410 3629 577 3701 igitur
606 3627 654 3681 θ.
704 3627 850 3684 Disc.
885 3628 953 3685 Et
991 3631 1093 3684 hoc
1127 3628 1252 3698 jure
1309 3630 1622 3686 conclusum
1661 3631 1839 3688 video.
1879 3630 2009 3687 Sive

411 3720 554 3774 enim
589 3719 830 3790 angelica
858 3728 1051 3775 natura
1083 3735 1264 3775 rerum
1299 3719 1614 3777 inferiorum
1643 3737 1701 3777 se
1733 3721 2009 3777 deﬁnitio-

412 3827 510 3867 nes
535 3812 836 3874 contineat,
863 3820 923 3866 ut
958 3813 1259 3884 Augustino
1296 3814 1510 3870 videtur
1536 3812 1769 3884 placere,
1801 3828 1926 3867 nam
1949 3819 2006 3866 ct

410 3902 585 3974 angeli
617 3900 871 3958 inferiora
919 3920 978 3959 se
1005 3905 1302 3960 credemur
1330 3904 1735 3971 administrare,
1777 3903 1891 3958 sive
1935 3905 2006 3960 ad

409 3996 693 4067 superiora
708 4012 765 4052 sc
784 4011 996 4066 semper
1011 3997 1276 4063 intendat,
1303 3997 1357 4052 id
1379 4005 1483 4061 est,
1510 3997 1578 4051 ad
1601 4011 1796 4053 causas
1820 4011 2003 4052 rerum

409 4097 685 4153 aeternas,
715 4087 839 4143 huic
876 4089 1072 4142 rationi
1115 4104 1220 4143 non
1247 4090 1448 4143 obstat.
1480 4085 1596 4142 Non
1627 4089 1772 4144 enim
1799 4102 1830 4143 a
1858 4087 2001 4142 veri-

411 4188 521 4233 tate
544 4179 728 4244 distat,
761 4188 819 4233 ut
845 4179 1016 4244 video,
1041 4179 1086 4234 si
1108 4179 1232 4250 quis
1269 4179 1660 4242 aestimaverit.
1705 4179 2002 4235 humanum

411 4271 674 4335 animum,
704 4272 938 4325 terrenis
971 4271 1148 4326 adhuc.
1179 4271 1478 4341 phantasiis
1505 4271 1841 4340 depressum,
1876 4287 2004 4325 cau-

408 4376 502 4416 sas
529 4373 744 4417 creatas
772 4361 1089 4417 inferiorum
1120 4377 1181 4418 se
1215 4373 1531 4417 naturarum
1563 4377 1722 4433 posse
1750 4376 2000 4430 compre-

412 4456 664 4518 hendere,
718 4457 765 4511 si
811 4472 945 4526 pure
986 4457 1204 4520 vixerit,
1245 4455 1548 4525 angelicum
1589 4471 1718 4512 vero
1756 4456 2000 4510 omnium

412 4562 591 4606 rerum
621 4555 873 4606 aeternas
896 4563 1151 4622 appetere
1181 4550 1442 4614 rationes,
1471 4559 1525 4604 et
1561 4550 1630 4604 ad
1661 4551 1765 4606 hoc
1791 4564 2005 4621 semper

409 4642 639 4698 caritate
677 4650 859 4697 motus
885 4640 1182 4698 humanam
1225 4650 1476 4698 naturam
1508 4643 1805 4700 attrahere.
1860 4641 1998 4699 ilhc.

413 4735 579 4791 ltecte
611 4735 781 4792 vides.
815 4734 1048 4792 Videsne
1084 4736 1284 4807 itaque,
1335 4750 1442 4791 non
1475 4735 1618 4792 aliud
1651 4750 1772 4792 esse
1801 4736 2000 4802 locum,

412 4828 514 4883 nisi
566 4829 837 4884 actionem
883 4820 1253 4900 intelligentis
1283 4838 1448 4898 atque
1489 4829 2006 4898 comprehendentis

413 4920 610 4975 virtute
632 4918 1021 4989 intelligentiae
1042 4934 1127 4983 ea,
1146 4934 1287 4988 quae
1313 4918 1776 4988 ςοιῐῳτειιθιιάρη
1802 4929 2000 4988 potest,

411 5010 525 5065 sire
573 5011 848 5066 sensibilia
906 5011 1058 5072 sint,
1109 5010 1224 5065 sive
1258 5010 1532 5064 intellectu
1579 5013 2006 5080 comprehensa?

410 5100 575 5174 Atqui
599 5100 642 5132 ⁸ο
662 5101 710 5156 si
733 5100 808 5155 ita
840 5110 944 5164 est,
968 5100 1113 5163 aliud
1142 5101 1308 5171 igitur
1347 5101 1386 5132 ”
1418 5109 1503 5156 est
1549 5101 1690 5156 ouod
1720 5101 2025 5163 delinitur,-

2092 1888 2160 1943 de
2187 1888 2291 1943 hoc
2321 1886 2588 1942 dubitant.
2645 1889 2752 1942 Sed
2802 1887 3058 1957 quoniam
3103 1890 3364 1947 Videmus,
3411 1885 3553 1939 aliud
3576 1900 3704 1941 esse

2094 1980 2416 2035 conStitutas
2443 1980 2496 2033 in
2529 1979 2707 2032 anima
2739 1977 2989 2031 liberales
3014 1986 3184 2040 artes,
3212 1975 3355 2031 aliud
3382 1979 3554 2047 ipsam
3590 1978 3698 2030 ani-

2093 2090 2261 2137 mam,
2282 2088 2423 2144 quae
2443 2075 2599 2144 quasi
2625 2073 2954 2143 “quoddam
2983 2073 3028 2104 ”
3051 2074 3353 2141 subjectum
3379 2083 3459 2128 est
3481 2073 3698 2133 artium,

2098 2175 2244 2222 artes
2285 2182 2420 2223 vero
2469 2167 2632 2221 veluti
2665 2166 3050 2236 inseparabilis
3081 2169 3454 2235 naturaliaque
3483 2167 3702 2222 animae

2095 2257 2396 2313 accidentia
2424 2256 2673 2312 videntur
2693 2270 2832 2318 esse,
2853 2257 2980 2326 quid
2999 2272 3095 2312 nos
3117 2257 3384 2327 prohibet,
3407 2255 3700 2310 deliniendi

2096 2351 2436 2423 disciplinam
2485 2339 2629 2406 iiiter
2677 2361 2824 2405 artes
2866 2363 3088 2421 ponere.
3121 2350 3480 2422 adjungentes
3526 2349 3695 2403 diale-

2097 2442 2289 2504 cticae,
2347 2439 2504 2510 cujus
2553 2443 2860 2512 proprietas
2893 2449 2995 2505 est,
3046 2453 3228 2496 rerum
3255 2441 3518 2504 omnium,
3558 2454 3702 2509 quae

2099 2531 2322 2605 intelligi
2350 2545 2600 2604 possunt,
2638 2543 2864 2588 naturas
2904 2534 3162 2595 dividere,
3194 2531 3544 2612 conjungere,
3595 2532 3706 2586 dis~

2101 2641 2348 2692 cernere,
2390 2628 2748 2699 propriosque
2803 2627 2950 2683 locos
3008 2628 3299 2699 unicuique
3331 2623 3708 2682 distribuere?

2100 2719 2278 2790 Atque
2316 2718 2436 2773 ideo
2480 2735 2509 2773 a
2541 2721 2879 2789 sapientibus
2925 2735 3053 2774 vera
3102 2731 3280 2773 rerum
3312 2715 3699 2788 contemplatio

2101 2811 2240 2870 solet
2276 2813 2555 2883 appellari.
2596 2811 2732 2868 Nam
2778 2825 2902 2869 cum
2933 2811 2984 2866 in
3031 2814 3179 2866 omni
3211 2806 3514 2865 rationabili
3547 2807 3711 2864 intel-

2106 2904 2442 2975 lectualiqne
2471 2912 2664 2959 natura
2699 2903 2799 2958 tria
2833 2901 3219 2974 inseparabilis
3257 2912 3579 2970 semperque
3626 2898 3709 2952 in-

2104 2990 2644 3066 corruptibiliterque
2719 2996 2762 3028 ιτ
2821 2994 3098 3050 manentia
3165 2993 3580 3050 considerentur
3618 2989 3707 3054 ³⁸,

2109 3089 2289 3144 οὐσίαν
2314 3087 2458 3151 dico,
2487 3096 2541 3141 et
2586 3085 2821 3160 δῦναμιν,
2847 3087 3225 3161 divinumque,
3248 3083 3352 3138 hoc
3378 3089 3480 3143 est,
3511 3094 3703 3138 essen-

2111 3178 2265 3243 tiam,
2283 3179 2558 3242 virtutem,
2580 3179 2953 3248 operationem
2978 3195 2991 3239 ;
3027 3180 3158 3233 haec
3179 3179 3321 3231 enim
3350 3187 3487 3231 teste
3514 3179 3707 3230 sancto

2110 3267 2366 3339 Dionysio
2412 3268 2456 3299 ³⁸
2511 3267 2944 3336 inseparabiliter
2992 3269 3211 3322 sibimet
3254 3264 3586 3326 adhaerent.
3640 3280 3704 3319 ec

2107 3355 2273 3412 veluti
2295 3365 2446 3419 sunt,
2484 3365 2538 3410 et
2573 3372 2670 3410 nec
2707 3356 2892 3425 augeri
2925 3372 3025 3412 nec
3080 3358 3244 3411 minui
3293 3365 3541 3425 possunt.
3580 3368 3710 3423 quo-

2107 3448 2256 3505 niam
2305 3449 2636 3504 immortalia
2691 3454 2816 3503 sunt
2855 3459 3018 3517 atque
3050 3447 3412 3503 immutabilis
3441 3465 3454 3498 :
3482 3459 3608 3501 num
3662 3446 3712 3477 ⁸ο

2111 3539 2205 3596 tibi
2232 3539 2526 3596 verisimile
2552 3541 3092 3609 videtur-.certaeque
3124 3539 3315 3594 rationi
3353 3523 3705 3597 conveniens.

2106 3649 2301 3690 omnes
2330 3633 2582 3689 liberales
2605 3633 2916 3702 disciplinas
2946 3634 2996 3686 in
3022 3645 3085 3684 ea
3102 3645 3277 3700 parte,
3301 3644 3439 3700 quae
3466 3631 3708 3704 ἐνέργεια.

2111 3725 2167 3780 id
2192 3737 2299 3790 est,
2323 3725 2571 3794 operatio
2591 3724 2804 3779 animae
2831 3724 3046 3785 dicitur,
3073 3706 3386 3778 aestimari?
3425 3721 3710 3788 Siquidem

2110 3835 2140 3874 ι
2173 3817 2518 3889 philosophis
2549 3815 2818 3871 veraciter
2848 3815 3152 3884 quaesitum
3191 3823 3573 3885 repertumque
3602 3819 3708 3873 est,

2109 3921 2255 3966 artes
2285 3925 2404 3965 esse
2430 3919 2707 3974 aeternas,
2733 3917 2791 3964 et
2818 3920 3034 3976 semper
3065 3905 3476 3961 immutabiliter
3497 3905 3713 3958 animae

2109 4003 2429 4061 adhaerere.
2464 4002 2536 4058 ita
2567 4012 2625 4058 ut
2653 4017 2762 4057 non
2810 3999 2964 4070 quasi
2995 3998 3300 4054 accidentia
3334 3995 3599 4069 quaedam
3639 3995 3712 4064 ip-

2107 4094 2220 4150 sius
2249 4109 2369 4150 esse
2406 4095 2710 4159 uideantur,
2743 4093 2838 4149 sed
2869 4093 3155 4148 naturales
3177 4093 3407 4145 virtutes
3442 4089 3712 4144 actioneso

2105 4199 2232 4253 que,
2267 4183 2413 4238 nullo
2440 4191 2597 4237 modo
2625 4183 2694 4238 ab
2733 4198 2798 4238 ea
2830 4184 3166 4241 recedentes.
3203 4196 3298 4240 nec
3334 4179 3590 4260 recedere
3613 4195 3704 4233 va-

2106 4273 2300 4338 lentes,
2339 4289 2438 4327 nec
2463 4274 2681 4328 aliunde
2728 4273 3028 4334 venientes,
3056 4272 3152 4327 sed
3192 4269 3510 4326 naturaliter
3543 4270 3589 4323 ei
3623 4271 3707 4322 in-

2105 4368 2261 4430 sitas,
2287 4368 2359 4422 ita
2400 4375 2456 4420 ut
2487 4367 2797 4439 ambiguum
2820 4367 2912 4429 sit,
2944 4375 3123 4417 utrum
3151 4369 3301 4438 ipsae
3329 4362 3712 4417 aeternitatem

2106 4462 2156 4514 ei
2183 4468 2460 4529 praesto-nt
2487 4459 2554 4523 ἰ,
2579 4457 2834 4527 quoniam
2865 4466 3120 4511 aeternae
3164 4455 3361 4520 sint“,
3382 4454 3538 4524 eique
3566 4466 3710 4507 sem-

2110 4567 2206 4623 per
2229 4553 2564 4608 adhaereant
2593 4550 2659 4616 ",
2679 4560 2735 4604 ut
2767 4559 2988 4605 aeterna
3011 4549 3104 4612 sit,
3131 4565 3194 4603 an
3225 4549 3430 4603 ratione
3460 4545 3712 4614 subjecti,

2109 4647 2254 4714 quod
2303 4655 2386 4701 cst
2423 4645 2625 4707 anima,
2658 4646 2868 4698 artilnts
2909 4643 3207 4698 aeternitas
3257 4641 3720 4700 administratur;

2106 4739 2255 4794 οὐσία
2287 4738 2431 4792 enim
2485 4736 2697 4791 animae
2724 4745 2778 4788 et
2802 4736 2972 4789 virtus
3000 4745 3055 4788 et
3085 4734 3226 4787 actio
3255 4739 3509 4786 aeternae
3551 4741 3706 4789 sunt;

2109 4846 2176 4884 an
2209 4835 2283 4883 ita
2320 4829 2421 4884 sibi
2451 4828 2680 4883 invicem
2715 4831 3114 4881 coadhaereant
3143 4823 3213 4884 ν’,
3243 4824 3366 4875 dum
3401 4835 3591 4894 omnes
3614 4834 3708 4874 ae—

2111 4911 2300 4976 ternae
2345 4923 2475 4982 sint,
2507 4930 2620 4973 uta
2653 4935 2710 4972 se
2740 4921 2966 4971 invicem
3019 4906 3290 4986 segregari
3339 4928 3442 4967 non
3479 4911 3706 4982 possint.
3794 4943 3803 4952 -

2183 5012 2271 5066 45.
2319 5012 2460 5066 ιιιεει.
2496 5011 2626 5065 Huie
2653 5011 2866 5076 rationi,
2901 5010 3156 5077 quoniam
3205 5020 3332 5060 vera
3370 5015 3476 5066 est,
3525 5003 3708 5056 nescio

2112 5107 2235 5173 quis
2261 5104 2451 5158 audeat
2485 5103 2752 5156 reiuclari.
2787 5100 2920 5155 Nam
2966 5101 3324 5170 quodcunque
3354 5097 3548 5151 horum
3589 5098 3710 5164 quis

1700 5259 1948 5314 unus
1997 5255 2400 5317 LECTIONES.
3261 5329 3265 5334 1

483 5400 500 5430 ⁸
524 5397 615 5452 Sic
642 5393 852 5461 BCDE;
884 5396 929 5449 Α
954 5411 1176 5450 sumere.
1256 5396 1275 5424 ¹
1325 5397 1365 5448 [ι
1393 5404 1578 5462 po'esl.
1662 5396 1680 5427 ³
1710 5397 1798 5450 AD
1863 5403 1936 5451 est
1965 5398 2124 5449 enim.
2209 5398 2223 5425 δ
2261 5395 2352 5448 Sic
2387 5395 2555 5454 ABE;
2603 5394 2643 5445 εἶ
2689 5397 2787 5447 nisi
2821 5394 3043 5461 inferior
3070 5391 3207 5462 esse.
3280 5395 3304 5425 ⁸
3330 5391 3420 5447 Sic
3465 5369 3626 5453 CD’E'.
3657 5396 3697 5448 Α

788 5468 806 5499 ί
830 5478 945 5520 sunt
974 5481 1083 5518 om.
1111 5469 1173 5520 Δ.

997 5539 1106 5589 ιεΑ

406 5487 441 5520 n
461 5468 711 5522 veritate.

413 5538 579 5605 D'dt._
640 5537 681 5567 “
710 5538 751 5589 Λ
772 5554 911 5606 ergo.

415 5609 458 5678 ’ἦ
487 5606 750 5678 quoddam
783 5624 888 5661 om.
929 5607 990 5660 Ι).

413 5677 736 5747 riderentur.
813 5678 852 5709 λ’
881 5679 925 5733 ι)
946 5689 1127 5731 suarm
1159 5679 1405 5747 ﬂionysio
1428 5687 1578 5732 tuto.
1652 5681 1753 5732 “A
1779 5696 1901 5732 non.

416 5745 462 5771 “
497 5747 590 5802 Sic
611 5744 772 5807 ‹;ι)ι‹;;
798 5746 844 5802 Α
873 5749 1201 5803 cohaereant.

1132 5549 1314 5604 potest.

1251 5467 1271 5500 ⁷
1305 5466 1395 5519 Sic
1429 5467 1591 5530 lillE;
1622 5471 1663 5519 Α
1707 5464 1806 5521 loci
1856 5479 1974 5521 sunt
2005 5468 2269 5519 omnium.

1400 5535 1441 5566 ⁸³
1471 5535 1562 5590 Sic
1587 5537 1749 5594 CDE:
1805 5544 1840 5589 Α
1874 5553 2050 5591 nonne
2095 5540 2231 5590 inter
2281 5551 2371 5587 nos
2420 5548 2768 5590 convenerat.
2853 5537 2894 5566 ”

1072 5609 1112 5640 ⁸⁷
1147 5605 1236 5661 Sic
1278 5607 1347 5662 E;
1377 5608 1416 5660 Α
1458 5609 1897 5671 incorruplibth'a,
1933 5607 1973 5662 C
2011 5605 2500 5667 incorruptibililer,
2537 5607 2578 5659 D
2601 5607 3021 5672 incorporaIHer.

1984 5683 2022 5708 '”
2058 5677 2148 5732 Sic
2177 5678 2264 5731 ΑΕ
2288 5693 2299 5738 ἶ
2338 5673 2426 5732 CD
2454 5687 2739 5749 praestant.

2349 5462 2370 5498 ⁸
2398 5478 2468 5517 (ει
2493 5482 2600 5518 om.
2635 5465 2692 5515 li.
2773 5467 2791 5496 ’
2815 5468 2851 5516 Α
2887 5480 3024 5533 ergo.
3111 5465 3152 5494 ’°
3172 5461 3265 5518 Sic
3293 5463 3409 5520 (IE:
3446 5465 3486 5517 Α
3517 5466 3702 5533 Atque,

3003 5550 3139 5589 uera.
3225 5536 3264 5567 "
3309 5551 3460 5592 quasi
3491 5549 3599 5592 om.
3638 5539 3702 5586 Α.

3106 5608 3148 5641 ’⁸
3179 5605 3272 5663 Sic
3303 5603 3468 5666 {LM};
3499 5603 3538 5655 Α
3583 5621 3706 5666 συη-

2817 5677 2864 5706 "
2896 5674 3027 5730 CDE
3058 5687 3178 5730 sunt
3309 5681 3351 5706 “
3381 5675 3470 5730 Sic
3502 5672 3699 5729 ACDE.
