4230 6068
338 331 437 386 513

1236 328 1322 382 DE
1363 325 1695 384 DlYlSlONE
1733 326 2082 384 NATURAE.
2123 356 2192 366 —
2229 323 2430 380 LIBER
2466 321 2740 379 PRlSlUS.

3411 301 3424 314 '
3478 319 3585 385 sit.

339 450 426 503 nia
465 447 520 501 in
563 443 812 500 omnibus
851 442 960 498 sit?
1001 440 1264 497 Similiter
1304 444 1347 496 si
1383 445 1398 473 ¹
1453 458 1618 512 agens
1647 453 1700 498 et
1726 453 1898 508 actor,
1931 448 1978 506 Α
2004 441 2122 496 1am
2167 439 2467 511 perSpicio;
2515 452 2570 492 et
2621 440 2880 506 tttcipsum
2930 438 3125 492 nimiae
3173 439 3442 494 tarditatis
3483 456 3580 494 ac-

339 543 540 597 faciens
569 551 624 594 et
654 539 846 600 factor,
879 552 984 591 non
1007 536 1118 603 jam
1156 537 1404 606 proprie,
1438 539 1533 591 scd
1579 538 1738 590 modo
1775 550 1913 605 quo-

339 633 463 688 dam
493 629 856 684 translationis
895 628 1242 681 nominatur:
1275 643 1371 680 cur
1415 642 1520 681 non
1557 635 1612 679 et
1655 642 1817 695 agere
1858 634 1915 680 et

340 722 552 785 facere,
603 718 687 772 vel
739 718 823 789 agi
867 718 949 772 vel
999 717 1108 785 pati
1151 715 1340 770 eodem
1383 715 1669 770 locutionis
1713 729 1914 786 genere

341 808 786 882 praedicaretur?
837 807 912 861 De
941 807 1136 861 ceteris
1168 807 1298 860 item
1328 805 1351 835 ⁸
1394 806 1600 868 verbis,
1629 817 1769 872 quae
1793 819 1913 859 om-

342 915 440 954 nes
467 898 630 954 totius
658 897 931 951 nmtabilis
955 905 1238 950 creaturae
1267 901 1465 958 motus,
1496 909 1588 948 seu
1619 893 1910 955 naturales,

341 1003 437 1043 seu
465 1002 570 1043 non
602 986 909 1051 naturales,
940 1001 1035 1040 seu
1076 984 1494 1048 intellectuales,
1539 998 1633 1038 seu
1679 984 1919 1037 rationa-

343 1079 478 1135 biles
497 1119 512 1144 ,
537 1093 633 1134 seu
665 1077 1100 1142 irrationabiles,
1131 1091 1224 1132 seu
1252 1075 1580 1146 corporales,
1609 1090 1704 1130 seu
1735 1075 1919 1130 iecore

344 1184 568 1241 porcos,
600 1184 694 1224 seu
743 1167 971 1231 locales,
1004 1183 1096 1222 seu
1143 1166 1492 1236 temporales,
1532 1176 1736 1226 rectos,
1779 1165 1917 1220 obli-

345 1274 512 1330 quos,
542 1257 854 1328 angulares,
887 1256 1210 1321 circulares,
1237 1255 1547 1325 spbaericos
1579 1254 1883 1325 signiﬁcant
1902 1295 1918 1318 ,

347 1347 1012 1418 similiterintelligendum
1029 1361 1148 1401 esse
1169 1347 1421 1403 arbitror.
1452 1345 1594 1400 Disc.
1618 1345 1920 1399 Admodum

349 1455 548 1511 urges,
590 1454 677 1493 me
721 1437 846 1493 talia
890 1435 1280 1491 rationabiliter
1317 1437 1507 1502 fateri;
1553 1433 1648 1491 Sed
1687 1435 1921 1489 auctori-

351 1545 460 1591 tate
503 1544 812 1589 sanctorum
850 1531 1069 1587 Patrum
1109 1531 1324 1602 aliquod
1364 1530 1636 1586 munimen
1677 1531 1747 1584 ad
1788 1531 1924 1584 haec

349 1606 656 1682 roboranda
687 1623 876 1678 vellem
909 1621 929 1653 ³
964 1621 1191 1677 inseras.

422 1716 512 1772 69.
529 1715 666 1770 alae.
691 1713 806 1768 Non
836 1713 1073 1785 ignoras,
1090 1724 1148 1766 ut
1173 1711 1390 1781 opinor;
1410 1709 1626 1781 majoris
1653 1710 1926 1784 dignitatis

2009 547 2171 592 cuso,
2202 532 2294 601 qui
2327 545 2433 585 non
2467 531 2746 592 videbam,
2774 543 2954 594 omne,
2983 532 3124 600 quod
3155 533 3375 601 patitur,
3409 543 3584 587 uictus

2009 637 2169 686 suos,
2196 636 2291 676 seu
2320 620 2550 683 alienos,
2579 635 2674 675 seu
2726 633 2997 690 utrosque.
3022 623 3153 690 pati.
3188 621 3329 678 Man.
3356 622 3588 680 Faeiens

2013 715 2178 786 igitur
2201 722 2258 768 et
2287 712 2491 768 factum
2531 723 2706 768 motus
2745 730 2871 768 suos
2927 715 3220 783 patiuntur.
3264 713 3398 769 Nam
3441 718 3590 787 quod

2015 804 2173 870 facit,
2196 819 2350 860 suum
2378 815 2580 860 motum
2608 806 2674 858 ad
2705 805 3005 860 faciendum
3031 808 3252 878 patitur.
3278 808 3430 874 Quod
3461 825 3588 864 vero

2016 897 2107 957 fit,
2136 911 2290 951 suum
2320 905 2520 950 tnotum
2551 895 2592 928 “
2624 903 2679 950 et
2709 897 2946 951 alienum
2976 897 3225 952 sustinet.
3269 898 3438 954 Suum
3471 901 3590 970 qui-

2015 985 2166 1048 dem,
2197 1001 2263 1040 ex
2293 1000 2386 1049 eo,
2419 986 2561 1056 quod
2590 1000 2695 1040 non
2725 995 2865 1050 erat,
2896 987 2947 1040 in
2983 987 3067 1051 id,
3095 987 3237 1058 quod
3265 998 3348 1044 est
3369 1029 3384 1054 ,
3418 999 3590 1046 trans-

2015 1076 2221 1139 eundo,
2274 1077 2509 1131 alienmn
2539 1091 2687 1140 vero,
2717 1077 2840 1146 quia
2869 1094 2976 1132 non
3002 1087 3085 1133 est
3111 1078 3191 1133 sui
3216 1087 3392 1134 motus
3418 1095 3588 1136 causa

2018 1186 2113 1242 per
2138 1171 2372 1240 scipsnm
2391 1209 2404 1230 ,
2437 1172 2529 1223 scd
2562 1168 2808 1224 facientis
2835 1185 2894 1224 se
2932 1180 3026 1226 aut
3055 1173 3315 1227 naturalis
3367 1184 3579 1234 motus,

2017 1270 2109 1316 aut
2143 1260 2309 1315 libera
2347 1260 2622 1326 voluntas,
2653 1271 2745 1314 aut
2777 1262 3042 1331 quaedam
3073 1265 3390 1318 necessitas.
3433 1262 3589 1331 Quod

2008 1369 2149 1425 ergo
2178 1353 2222 1384 ¹³
2251 1353 2339 1416 tit,
2371 1363 2428 1406 ut
2453 1351 2718 1418 diximus,
2748 1362 2803 1407 et
2833 1364 3035 1409 motum
3067 1357 3342 1424 proprium
3373 1365 3426 1410 et
3455 1355 3592 1410 alie-

2021 1459 2186 1509 nmn,
2217 1444 2357 1513 quod
2388 1458 2518 1497 vero
2565 1443 2723 1507 facit,
2767 1445 3044 1514 proprium
3085 1443 3422 1502 solummodo
3461 1446 3599 1517 pati-

2026 1544 2130 1589 tnr.
2161 1533 2418 1601 Quamvis
2449 1547 2610 1602 saepe
2636 1534 2945 1604 contingat,
2977 1543 3036 1588 ut
3062 1535 3130 1589 ab
3159 1535 3262 1589 alia
3289 1549 3452 1602 causa
3481 1549 3594 1590 moc

2021 1637 2212 1682 veatnr
2252 1627 2318 1680 ad
2360 1625 2690 1690 faciemlmn,
2734 1627 2825 1696 qui
2867 1625 3023 1690 facit,
3076 1637 3136 1680 ut
3181 1636 3236 1682 et
3282 1625 3487 1682 faciens
3531 1636 3592 1682 et

2023 1717 2234 1788 patiens
2280 1732 2418 1770 unus
2466 1726 2626 1785 atque
2675 1717 2816 1772 idem
2857 1717 3104 1774 videatur
3139 1731 3279 1774 esse.
3331 1718 3438 1774 Sed
3482 1720 3598 1788 ipse

347 1823 494 1874 esse,
523 1809 664 1880 quod
695 1808 844 1877 prius
883 1815 966 1860 est
1004 1814 1224 1867 natura,
1267 1819 1427 1874 quam
1469 1804 1612 1874 quod
1650 1806 1802 1874 prius
1841 1813 1924 1859 est
1954 1791 1998 1851 Β
2028 1806 2275 1862 facientis
2306 1806 2349 1837 ¹⁸
2377 1815 2587 1871 motus,
2629 1808 2877 1875 quamvis
2915 1823 2983 1862 ex
3026 1809 3190 1864 variis
3230 1811 3437 1873 causis,
3481 1811 3598 1866 sive

353 1913 616 1972 tempore.
647 1898 790 1954 Dtsc.
823 1897 935 1954 lloc
962 1911 1130 1968 paene
1157 1896 1403 1951 omnibus
1431 1906 1610 1951 uotum
1641 1905 1744 1950 est.
1779 1895 1919 1951 liae.

354 1993 635 2051 Rationem
674 1991 910 2060 priorem
962 2002 1086 2044 esse
1113 1999 1322 2048 natura,
1372 1985 1749 2041 auctoritatem
1795 1999 1926 2040 vero

357 2097 598 2156 tempore
655 2083 938 2138 didicimus
966 2080 1007 2135 ⁸.
1056 2079 1316 2146 Quamvis
1343 2079 1487 2132 enim
1539 2088 1732 2132 natura
1761 2075 1926 2131 simul

353 2194 479 2236 cum
513 2189 754 2247 tempore
782 2182 962 2229 creata
991 2173 1093 2237 sit,
1124 2186 1228 2226 non
1262 2179 1440 2225 tamen
1487 2170 1554 2224 ab
1596 2168 1752 2222 initio
1795 2176 1930 2221 tem-

356 2270 503 2342 poris
547 2278 710 2340 atque
756 2275 982 2320 naturae
1025 2263 1202 2334 coepit
1245 2277 1365 2318 eSSe
1403 2260 1718 2317 auctoritas.
1766 2257 1928 2314 Ratio

264 2389 270 2393 -
358 2373 486 2414 vero
515 2373 636 2413 cum
668 2365 858 2410 natura
891 2369 955 2408 ac
987 2366 1224 2424 tempore
1252 2368 1316 2406 ex
1347 2351 1612 2422 ριίιιι-ἱμῐυ
1666 2364 1848 2404 rerum
1901 2346 1930 2382 ⁵

356 2457 598 2506 ortaest.
624 2448 769 2504 Disc.
799 2446 863 2500 Et
888 2447 988 2502 hoc
1032 2447 1144 2513 ipsa
1190 2444 1326 2498 ratio
1365 2442 1576 2497 edocet.
1623 2440 1930 2512 Auctoritas

356 2540 622 2610 siquidem
653 2554 720 2593 ex
751 2553 878 2592 vera
911 2538 1114 2590 ratione
1143 2535 1437 2606 processit,
1485 2533 1622 2588 ratio
1663 2549 1794 2589 vero
1837 2549 1934 2588 ne-

357 2629 628 2701 quaquam
675 2643 742 2681 ex
791 2626 1128 2681 auctoritate.
1169 2623 1354 2679 Omnis
1382 2625 1526 2678 enim
1556 2622 1578 2654 ⁸
1606 2623 1928 2686 auctoritas,

356 2733 498 2791 quae
527 2731 654 2772 vera
684 2716 890 2771 ratione
931 2729 1036 2768 non
1079 2715 1421 2786 approbatur,
1467 2711 1678 2766 inﬁrma
1722 2712 1934 2765 videtur

356 2823 502 2866 esse.
533 2805 672 2863 Vera
700 2815 878 2861 autem
925 2804 1082 2869 ratio,
1140 2804 1391 2872 quoniam
1433 2801 1545 2857 suis
1595 2797 1934 2856 virtutibus"

361 2910 482 2957 rata
511 2909 673 2970 atque
704 2897 1059 2954 immutabilis
1093 2897 1353 2961 munitur,
1378 2895 1574 2950 nullius
1599 2895 1935 2950 auctoritatis

360 2989 743 3062 astipulatione
772 2986 1014 3045 roborari
1044 2987 1268 3057 indiget.
1300 2985 1382 3041 Nil
1426 2987 1573 3042 enim
1615 2985 1760 3040 aliud
1803 2985 1932 3040 Inibi

361 3085 575 3141 videtur
604 3085 626 3118 ⁸
657 3098 779 3138 esse
807 3097 933 3136 vera
978 3081 1270 3135 auctoritas
1289 3120 1302 3142 ,
1338 3079 1438 3133 nisi
1469 3079 1693 3144 rationis
1734 3077 1934 3132 virtute

2025 1897 2389 1960 naturalibus,
2438 1896 2554 1951 sive
2606 1897 2923 1961 libentibus,
2978 1899 3092 1953 sive
3143 1915 3250 1954 non
3304 1899 3601 1956 libentibus

2024 1995 2298 2048 nascatur,
2337 1999 2615 2057 propterea
2639 1985 2890 2059 proprius
2928 1987 3144 2052 dicitur,
3190 1990 3446 2058 quoniam
3491 2007 3597 2044 non

2023 2088 2178 2133 extra
2209 2080 2401 2150 ipsum,
2433 2078 2527 2134 sed
2557 2079 2610 2134 in
2640 2080 2755 2148 ipso
2783 2079 3116 2150 intelligitur.
3140 2081 3285 2137 Disc.
3309 2082 3453 2138 Istue
3472 2085 3602 2139 mihi

2025 2187 2058 2229 tt
2091 2179 2143 2228 te
2170 2187 2388 2228 suasum
2417 2185 2538 2227 esse
2570 2187 2676 2228 non
2708 2175 2932 2244 denego.
2967 2172 3193 2243 Ideoque
3228 2188 3367 2243 quae
3397 2185 3606 2230 restant

2023 2271 2269 2334 expecto.
2292 2261 2441 2318 MAG.
2470 2261 2897 2320 Nullummotum
2915 2264 3250 2334 principioac
3283 2265 3387 2321 line
3415 2282 3603 2320 carere

2028 2370 2186 2428 posse
2213 2355 2466 2411 arbitror.
2496 2354 2612 2411 Non
2638 2355 2781 2410 enim
2813 2356 2970 2410 aliter
3018 2357 3156 2411 ratio
3194 2357 3358 2422 sinit,
3401 2359 3502 2412 nisi
3547 2370 3604 2413 nt

2027 2443 2206 2501 etnnis
2245 2454 2423 2501 motus
2459 2459 2526 2499 ex
2569 2444 2799 2516 quodam
2845 2446 3108 2516 principio
3147 2447 3396 2513 inchoet,
3437 2459 3491 2502 et
3535 2450 3602 2503 al

2030 2537 2299 2609 quendam
2345 2528 2508 2592 linem
2558 2539 2775 2604 tendat,
2819 2540 2872 2593 in
2916 2554 3052 2608 quo,
3086 2540 3213 2595 dum
3256 2545 3598 2611 pervenerit,

2030 2628 2290 2698 quiescat.
2322 2627 2475 2696 Quod
2503 2628 2845 2698 apertissime
2887 2630 3208 2685 venerabilis
3242 2630 3506 2686 Maximus
3548 2632 3602 2685 in

2037 2718 2198 2774 tertio
2223 2717 2454 2790 capitulo
2485 2718 2551 2773 de
2581 2718 2863 2791 Ambiguis
2889 2721 3083 2774 asserit
3111 2721 3296 2777 dicens
3323 2741 3336 2774 :
3370 2722 3432 2777 Si
3464 2721 3602 2777 Deus
3670 2775 3673 2778 .

2033 2811 2373 2866 immutabilis
2403 2809 2450 2848 ⁸⁷
2473 2824 2582 2876 est,
2615 2823 2800 2884 utputa
2857 2815 3090 2867 omnium
3126 2813 3420 2884 plenitudo,
3454 2832 3606 2871 omne

2032 2911 2208 2956 autem
2227 2941 2242 2966 ,
2271 2903 2409 2973 quod
2447 2917 2510 2957 ea:
2539 2902 2582 2935 “
2607 2919 2710 2957 ηοιι
2738 2903 3073 2958 existentibus
3102 2919 3214 2958 esse
3249 2905 3467 2974 accipit,
3495 2920 3611 2958 tuo-

2034 3000 2224 3057 vetur,
2279 2992 2462 3046 merito
2512 2992 2580 3046 ad
2610 2994 2873 3063 quandam
2914 2993 3123 3048 omnino
3161 2993 3329 3063 fertur
3365 3009 3605 3052 causam.

2036 3077 2205 3145 Nam,
2239 3091 2296 3134 ut
2331 3079 2457 3135 alibi
2494 3081 2652 3136 docet
2682 3081 2822 3137 idem
2853 3080 3146 3146 Maximus,
3177 3098 3340 3137 causa
3370 3083 3603 3136 omnium

363 3183 574 3246 reperta
599 3176 622 3211 9
675 3174 893 3233 veritas,
929 3181 987 3227 et
1037 3186 1068 3225 a
1115 3170 1318 3226 sanctis
1362 3168 1614 3227 Pati-ibus
1654 3167 1720 3221 ad
1752 3176 1932 3236 poste-
1961 3156 2004 3220 C
2036 3173 2214 3226 eadem
2243 3182 2288 3226 et
2322 3171 2364 3204 ¹⁹
2390 3173 2512 3242 ﬁnis
2529 3174 2761 3228 omnium
2789 3182 2884 3228 est.
2902 3173 3057 3228 'Dcus
3082 3172 3226 3229 enim
3256 3173 3602 3244 principium,

363 3264 544 3320 ritatis
570 3261 1053 3319 utilitatemJitcris
1093 3259 1485 3324 cotntnendata.
1529 3257 1635 3313 Sed
1667 3256 1808 3312 forte
1839 3257 1934 3312 tibi

360 3357 523 3414 aliter
540 3357 766 3413 videtur.
781 3351 1091 3408 Mse.t‘lullo
1114 3352 1288 3408 modo.
1307 3351 1533 3421 Ideoque
1552 3349 1702 3420 prius
1729 3349 1938 3404 ratione

363 3449 622 3505 utendum
651 3457 736 3504 est
765 3447 960 3512 iubis,
990 3458 1131 3516 quae
1172 3459 1314 3498 nunc
1355 3443 1590 3507 instant,
1632 3457 1696 3496 ac
1742 3440 1939 3497 deinde

362 3540 708 3599 auctoritate.

437 3631 526 3686 70.
552 3629 698 3684 Dtsc.
723 3628 1146 3698 lngredere,quo
1162 3628 1238 3682 vis
1258 3627 1320 3690 ",
1336 3627 1556 3688 ordine;
1584 3628 1654 3681 tui
1677 3627 1935 3688 etenim.“

361 3721 690 3795 pedisequus
718 3735 856 3774 suut.
888 3718 1178 3774 Mac.Nnm
1197 3718 1289 3772 tibi
1321 3718 1716 3772 videturfaccre
1745 3727 1798 3772 et
1828 3715 1940 3786 pati

364 3813 487 3868 sine
523 3810 708 3880 aliquo
744 3820 890 3864 motu
925 3809 1174 3864 facientis
1203 3808 1289 3863 vel
1317 3807 1570 3878 patientis
1596 3823 1751 3878 posse
1778 3809 1942 3862 esse?

370 3901 516 3956 Dtsc.
549 3900 624 3958 De
651 3897 880 3954 faciente
901 3914 1004 3953 non
1027 3897 1230 3952 dubito.
1260 3897 1457 3952 Facere
1476 3897 1618 3952 enim
1657 3896 1941 3952 facientem

365 3991 487 4046 sine
525 3990 708 4061 aliquo
744 4004 842 4044 suo
882 4000 1026 4043 tnotu
1067 4004 1223 4062 posse
1264 4003 1372 4043 non
1411 3987 1586 4043 video.
1633 3987 1784 4055 Quod
1815 4001 1944 4041 vero

368 4084 592 4155 patitur,
640 4079 908 4152 quomodo
958 4092 1234 4136 moveatur
1279 4081 1330 4134 in
1357 4081 1566 4150 seipse,
1611 4094 1717 4132 non
1765 4078 1871 4133 iam
1901 4076 1943 4108 ¹²

370 4178 516 4232 clare
546 4167 833 4248 cognosco.
879 4174 1017 4229 MAG.
1049 4173 1234 4229 Nonne
1257 4176 1423 4237 vides,
1451 4174 1573 4242 quia
1597 4187 1780 4238 atnne,
1804 4172 1947 4242 quod

372 4267 537 4330 facit,
581 4269 648 4322 ad
691 4269 794 4322 boc
833 4282 892 4322 se
931 4275 1110 4320 tnovet
1147 4274 1240 4317 aut
1280 4274 1546 4326 movetur,
1594 4274 1651 4317 ut
1682 4263 1756 4328 ἱεΙ,
1802 4264 1945 4332 quod

373 4359 578 4430 appetit
634 4359 844 4424 facere,
894 4358 961 4412 ab
989 4373 1056 4411 eo
1095 4358 1233 4426 quod
1277 4371 1382 4410 non
1419 4364 1568 4419 erat,
1611 4355 1666 4408 in
1712 4355 1762 4408 id
1800 4354 1946 4424 quod

371 4457 490 4513 est,
520 4459 733 4504 moveat
759 4449 827 4500 ’3?
854 4449 935 4502 Nil
966 4448 1106 4503 enim
1131 4447 1204 4500 ab
1243 4461 1340 4512 eo,
1376 4446 1519 4515 quod
1565 4460 1668 4498 non
1706 4455 1857 4506 erat,
1892 4443 1944 4498 in

2030 3260 2092 3316 id
2121 3272 2203 3316 est
2230 3261 2274 3293 “
2290 3277 2481 3328 causa,
2513 3263 2754 3317 omnium
2775 3272 3146 3318 creaturarum
3174 3271 3260 3318 est
3287 3263 3330 3294 ²¹
3361 3272 3416 3319 et
3442 3264 3565 3320 ﬁnis
3591 3303 3608 3334 ,

2039 3352 2294 3422 quoniam
2325 3353 2392 3408 ab
2422 3352 2536 3423 ipso
2570 3361 2626 3408 et
2654 3354 2957 3424 accipiunt,
2987 3365 3042 3410 et
3074 3354 3336 3424 incipiunt
3367 3371 3518 3421 esse,
3547 3366 3602 3413 et

2039 3441 2107 3496 ad
2131 3457 2252 3496 eum
2276 3453 2576 3508 moventur,
2603 3452 2658 3496 ut
2683 3443 2736 3496 in
2759 3457 2824 3499 eo
2843 3445 3142 3513 quiescant.
3170 3444 3312 3500 ldem
3341 3445 3394 3501 in
3416 3448 3606 3503 eodem

2036 3531 2284 3601 Capitula
2317 3534 2474 3599 paulo
2501 3541 2655 3600 post:
2698 3531 2925 3596 Eorum,
2955 3549 3090 3603 quae
3134 3533 3276 3602 [artu
3318 3545 3470 3599 sunt,
3532 3547 3606 3590 est

2041 3632 2209 3675 motus
2229 3660 2243 3686 ,
2275 3622 2380 3675 sire
2415 3621 2817 3692 intelligibilium
2850 3622 3217 3694 intelligibilis,
3250 3624 3354 3679 sire
3391 3627 3614 3680 sensibi-

2041 3715 2169 3767 lium
2215 3713 2495 3768 sensibilis.
2543 3713 2762 3767 Nullum
2802 3717 2940 3770 enim
2971 3717 3014 3747 "
3044 3732 3254 3782 eorum,
3297 3735 3432 3788 quae
3470 3720 3612 3786 [tum

2041 3815 2197 3868 sunt,
2240 3805 2450 3858 cumino
2492 3814 2566 3857 est
2607 3805 2889 3858 immobile.
2930 3805 2997 3860 Et
3037 3807 3195 3876 paulo
3239 3817 3400 3878 post:
3433 3807 3611 3861 'f’ulcm

2043 3904 2217 3948 autem
2261 3905 2452 3950 motum
2497 3897 2732 3948 rirtntem
2775 3885 2956 3950 uocant
3001 3899 3324 3964 naturalem,
3357 3903 3424 3954 ad
3455 3917 3611 3952 suttm

2043 3984 2201 4051 ﬁnem
2225 3983 2553 4052 festinantem
2574 4025 2588 4049 ,
2609 3985 2699 4054 qui
2723 4001 2926 4040 sacram
2952 3988 3246 4043 divinorum
3273 3993 3414 4044 nobis
3438 3993 3484 4022 ⁸³
3511 4009 3618 4062 my-

2045 4074 2321 4128 steriorum
2352 4076 2619 4130 scientiam
2647 4092 2794 4130 sacre
2822 4078 3216 4134 inrroduxerunt
3243 4099 3261 4145 ;
3293 4095 3383 4136 aut
3420 4087 3612 4152 passio-

2048 4179 2193 4229 nem,
2225 4163 2278 4218 id
2307 4175 2414 4232 est,
2445 4177 2640 4220 motum
2669 4185 2732 4221 tu:
2760 4169 2922 4224 altera
2951 4172 3226 4226 venientem
3259 4175 3328 4229 ad
3354 4176 3594 4239 alterum,

2047 4256 2196 4324 cujus
2220 4256 2342 4324 linis
2371 4269 2443 4311 est
2485 4259 2874 4329 impnssibilitas
2896 4278 2917 4328 ;
2959 4274 3048 4317 aut
3088 4269 3438 4334 operationem
3478 4275 3613 4322 acti.

2049 4365 2162 4400 ram
2182 4388 2194 4410 ,
2227 4349 2376 4418 cujus
2399 4350 2522 4418 ,‘inis
2545 4360 2617 4403 est
2646 4367 2738 4420 per
2758 4370 2812 4405 se
2837 4355 3002 4423 ipsum
3028 4357 3074 4386 ³⁵
3101 4357 3365 4421 perfer-tio.
3393 4359 3614 4413 Nullum

2049 4452 2168 4490 vero
2195 4454 2408 4502 eorum,
2435 4456 2568 4510 quae
2599 4441 2740 4509 facta
2771 4455 2924 4499 sunt.
2961 4447 3148 4498 suimet
3191 4448 3311 4513 finis
3353 4457 3426 4502 est
3449 4491 3461 4512 ,
3490 4468 3618 4520 quo-

374 4541 462 4607 id,
489 4539 632 4610 quod
659 4548 774 4604 est,
805 4539 921 4593 sine
951 4553 1049 4592 suo
1088 4546 1143 4592 et
1183 4537 1361 4590 alieno
1405 4545 1552 4588 motu
1573 4544 1746 4604 potest
1779 4542 1951 4587 trans-
1976 4523 2028 4582 Ι)
2053 4528 2193 4582 niam
2225 4545 2386 4599 neque
2415 4531 2497 4582 sui
2523 4547 2682 4584 causa
2707 4547 2823 4597 est;
2869 4535 3106 4604 alioquin
3142 4545 3191 4589 et
3222 4538 3534 4607 ingenitum,
3571 4553 3618 4594 et

375 4631 486 4694 ire,
541 4630 656 4685 sive
697 4628 816 4684 illos
855 4636 1035 4683 motus
1074 4627 1213 4684 sciat
1269 4625 1382 4679 sive
1422 4623 1644 4678 nesciat.
1688 4621 1801 4677 Non
1832 4619 1944 4689 jam

376 4719 496 4776 dico
526 4730 730 4776 motum
761 4720 906 4774 illum
938 4717 1239 4789 generalem
1265 4727 1713 4780 communemque
1738 4721 1948 4764 natura-

377 4808 500 4865 liter
525 4811 776 4866 omnibns
800 4808 1062 4863 creaturis
1081 4846 1095 4870 ,
1125 4820 1230 4874 quo
1255 4806 1433 4860 omnia
1465 4804 1529 4856 de
1556 4801 1720 4855 nihilo
1746 4801 1801 4855 in
1828 4814 1948 4854 esse

381 4909 684 4965 moventur,
732 4900 826 4955 sed
875 4900 1131 4953 usitatum
1183 4894 1516 4963 temporibus
1556 4901 1790 4953 motum,
1843 4906 1950 4959 quo

381 4990 620 5059 quotidie
659 4989 930 5044 mutabilis
967 4987 1226 5049 materia,
1269 4987 1382 5040 sive
1427 4992 1614 5038 natura
1662 4991 1912 5039 movente
1936 5022 1950 5047 ,

380 5077 498 5136 sive
519 5088 656 5145 arte,
682 5078 883 5136 formas
908 5081 1167 5150 quasdam
1185 5077 1526 5147 qualitativas
1553 5076 1764 5144 accipit.
1801 5076 1945 5129 Dise.

2053 4636 2236 4675 carens
2281 4622 2565 4692 principio,
2611 4637 2656 4677 et
2686 4624 2733 4657 ’⁸
2761 4625 3180 4680 incommutabile
3225 4641 3383 4692 esset,
3436 4635 3617 4686 μανι-ιω

2047 4710 2117 4762 ad
2143 4709 2343 4764 nullum
2367 4716 2726 4782 quoquomodo
2749 4715 2938 4767 [iubens
2961 4717 3192 4780 tnovcri;
3234 4720 3613 4774 tt'tmsceutlcrc.

2048 4803 2185 4856 enim
2214 4817 2392 4854 eorum
2416 4843 2428 4864 ,
2455 4819 2588 4872 quae
2614 4816 2767 4868 sunt,
2800 4815 3040 4858 naturam
3065 4847 3080 4869 ,
3128 4819 3301 4876 utpote
3337 4828 3431 4878 pra
3475 4811 3620 4863 nullo

2049 4903 2211 4957 esset,
2251 4894 2505 4967 siquidem
2553 4911 2669 4948 vero
2717 4897 2780 4949 de
2820 4897 2928 4964 ipso
2971 4897 3202 4965 tle/iuftio
3240 4911 3345 4965 est,
3383 4904 3620 4970 quamn..-

2050 4984 2222 5039 aliena
2243 5025 2256 5047 ,
2286 5001 2418 5053 quae
2441 4985 2586 5049 dicit,
2619 4985 2740 5053 finis
2763 4995 2834 5038 est
2853 5027 2864 5047 ,
2894 5005 2986 5053 pro
3003 5005 3108 5057 quo
3130 4991 3325 5053 οιιιιιὶιι,
3363 4992 3470 5056 ipse
3505 5009 3620 5044 νει-υ

2053 5092 2145 5144 pro
2175 5075 2352 5130 nullo:
2383 5093 2544 5148 neque
2570 5093 2660 5145 per
2695 5093 2748 5130 se
2782 5081 3066 5146 per/actio;
3108 5080 3341 5149 alioquin
3383 5100 3481 5135 non
3522 5085 3624 5152 (ﬂi-

1655 5226 1908 5281 VARIAE
1947 5227 2347 5283 LECTIONI‘LS.

460 5361 479 5392 ⁸
523 5361 567 5415 si
591 5360 696 5414 om.
727 5359 790 5415 Β.
865 5358 885 5390 ⁸
905 5358 995 5414 Sic
1022 5359 1106 5414 (ΣΕ
1135 5359 1257 5422 ςΑΙ)
1284 5369 1476 5412 autem.

322 5449 328 5453 ’
387 5429 660 5502 ρνὶιιεὲρίοο
732 5428 1138 5502 ’δίελεὲξλᾼυ
1169 5440 1362 5482 autent.

388 5498 436 5554 Ἀ
461 5498 736 5568 cooperta;
785 5499 905 5552 cod.
937 5498 1088 5553 Galei
1131 5509 1358 5567 copertn,
1438 5499 1478 5530 ’°
1505 5498 1680 5552 Alibi)
1735 5502 1934 5566 quur-is.

392 5579 675 5623 mereatur.
751 5569 795 5603 “
819 5571 908 5622 Sic
927 5569 1096 5634 CDE;
1137 5581 1330 5622 "totum
1358 5586 1463 5620 otii.
1495 5570 1558 5621 Λ.

392 5637 435 5690 C
453 5639 735 5691 mutabilis.

394 5707 440 5740 "
467 5708 604 5762 enim
633 5723 738 5762 om.
774 5708 838 5763 Ι).
915 5711 958 5739 ’³
989 5709 1079 5762 Sic
1107 5710 1192 5761 (ᾸΕ
1217 5727 1230 5767 ;
1270 5711 1412 5762 nobis
1440 5728 1545 5762 om.
1581 5711 1686 5762 Al).

787 5800 1057 5859 PA'l‘ltOl..
1105 5801 1208 5856 (LX
1228 5801 1268 5856 Χ
1288 5803 1366 5859 ll.

1557 5358 1576 5387 ³
1606 5357 1694 5410 Sic
1725 5357 1882 5417 CDE;
1915 5361 1955 5412 Α
1988 5359 2153 5413 velim.

1437 5429 1458 5460 τ
1492 5429 1576 5480 Sir
1603 5427 1762 5484 CDE:
1793 5431 1834 5480 Α
1867 5430 2138 5481 uirtutibus
2165 5432 2292 5482 suis.

2013 5497 2051 5530 ι·
2106 5501 2195 5554 sic
2247 5501 2415 5568 cote;
2464 5505 2503 5554 Α
2553 5497 2709 5557 enim.

1231 5581 1330 5642 non
1358 5586 1463 5642 oni.
1584 5637 1620 5642 _
1638 5568 1680 5600 ⁸³
1723 5571 1810 5619 Sir
1839 5568 1971 5642 ωε
1995 5583 2012 5642 ;_
2029 5585 2160 5642 ergo
2185 5574 2389 5642 otnaA.

813 5639 857 5672 ¹⁹
893 5655 954 5691 ex
984 5655 1089 5692 om.
1123 5639 1324 5692 (JDEJ‘
1355 5641 1442 5691 Sic
1491 5637 1622 5691 (illi?
1651 5656 1664 5698 ς
1694 5651 1737 5691 εί
1766 5656 1870 5689 om.
1902 5640 1964 5689 Α.
1996 5640 2044 5669 ’⁵
2077 5640 2165 5692 Sic
2196 5640 2327 5692 (ῑυΕ
2353 5658 2366 5702 ;
2400 5658 2494 5710 pro
2524 5644 2575 5694 id
2604 5654 2677 5696 est
2703 5645 2744 5696 Α
2773 5658 2840 5697 rt.

813 5723 838 5759 ν.
915 5711 958 5739 ’³
989 5709 1079 5762 Sic
1107 5710 1230 5763 (LE:
1270 5711 1412 5762 nobis
1440 5728 1545 5762 oni.
1581 5711 1686 5762 Al).
1765 5711 1805 5738 "
1837 5709 1924 5762 Sic
1950 5708 2119 5763 tlDli:
2150 5710 2188 5763 Α
2221 5712 2352 5763 ipsa.
2433 5712 2475 5740 ⁸³
2505 5715 2592 5763 Sic
2618 5713 2746 5763 (ΣΙ)ἱεῖ
2775 5731 2786 5763 ;
2822 5716 2840 5763 ,Α

1795 5719 1805 5736 ³
1837 5719 1924 5762 διε
1950 5719 2119 5773 uvis;
2150 5719 2188 5763 Δ
2221 5719 2352 5778 ipsa.

2232 5361 2251 5441 ξ
2285 5363 2388 5443 δίο..
2685 5364 2922 5443 dicimus.
3002 5366 3022 5398 ⁸
3052 5365 3331 5443 SiqCDE;
3445 5388 3618 5425 rerum

2368 5433 2388 5462 ⁸
2419 5433 2506 5486 Sic
2531 5433 2697 5498 CDE;
2731 5435 2774 5488 A
2805 5435 3005 5487 videtur
3035 5440 3179 5490 mihi.
3257 5439 3370 5492 “Sir
3402 5441 3530 5494 IStZD

2368 5501 2415 5565 2;
2464 5505 2503 5554 Α
2553 5505 2709 5557 enim.
2790 5504 2832 5535 ¹³
2863 5507 2904 5557 Α
2946 5518 3074 5559 tam.
3157 5506 3198 5539 ⁸³
3236 5509 3326 5563 Sic
3366 5509 3531 5565 Cliti:

2471 5518 2503 5554 tt
2553 5521 2709 5557 enim.
2790 5518 2832 5535 "
2863 5518 2904 5557 Α
2946 5518 3074 5559 tam.
3157 5518 3196 5539 ⁸³
3236 5519 3326 5563 διε
3366 5518 3531 5570 Ulli:
3580 5518 3620 5566 ,Χ

2471 5572 3292 5676 33‘13‘9‘3.‘
3445 5582 3619 5670 Am??-

2438 5658 2494 5692 ro
2524 5649 2575 5694 id
2604 5654 2677 5696 est
2703 5649 2744 5696 Α
2773 5658 2840 5697 rt.
2916 5649 2956 5676 "
2998 5649 3086 5700 Sic
3111 5649 3280 5704 (ltili:
3313 5667 3379 5703 es:
3413 5668 3520 5710 om.
3550 5657 3615 5706 ἐι.

2433 5712 2475 5740 ⁸³
2505 5715 2592 5765 Sic
2618 5713 2746 5766 (ἰυἳέ
2775 5731 2786 5778 ;
2821 5716 2858 5768 Α
2890 5727 3058 5785 κείρω.

3127 5811 3193 5863 Ῑῖ

3257 5439 3370 5492 "Sit'
3402 5441 3616 5502 Ιέιξυέξς
3707 5455 3716 5462 ’
