4230 6068
530 117 635 177 εἳῚ

1850 207 1854 212 ,
1897 137 2182 199 manus
2223 113 2422 202 seort

3677 152 3792 218 5'28

517 232 648 288 Sin:
675 235 850 330 abea
871 251 968 310 per
1005 241 1409 310 generationem
1435 244 1556 303 loco
1589 258 1644 304 et
1685 261 1922 325 tempore
1951 268 2117 326 gene-
2140 259 2191 316 Α
2216 264 2386 323 creat,
2407 269 2546 328 quas
2571 255 2766 316 iterum
2789 258 2845 316 in
2874 278 3034 318 uuam
3064 262 3292 322 formam
3319 265 3557 325 tlieoriae
3582 271 3792 330 videtur

524 332 672 388 ribus
714 342 764 388 el
820 325 1014 395 iormis
1070 345 1344 412 procedet,
1400 348 1655 419 quoniam
1705 351 1760 405 in
1814 368 1876 408 ea
1927 355 2111 409 omnia

523 431 710 499 quieta.
732 447 914 504 erunt,
943 447 999 493 et
1024 455 1184 495 unum
1227 430 1560 500 individuum
1587 432 1747 518 atque
1777 449 2111 516 immutabile

521 536 840 592 manebunt.
881 535 1016 594 Nam
1055 555 1193 611 quae
1234 542 1288 596 in
1329 544 1763 614 processionibus
1796 559 2105 607 naturarum

529 637 896 706 multipliciter
933 640 1111 698 divisa
1155 653 1318 714 atque
1363 650 1560 716 partita
1595 664 1715 706 esse
1756 651 2023 718 videntur,
2051 654 2104 708 in

525 731 966 801 primordialibus
1010 737 1190 792 causis
1228 739 1375 794 unita
1424 749 1586 810 atque
1628 757 1790 797 unum
1833 754 1979 799 sunt.
2020 745 2103 800 Ad

521 844 686 896 quam
720 833 979 888 unitatem
1021 849 1325 904 reversum,
1364 837 1420 894 in
1446 853 1510 894 ea
1550 842 1898 898 aeternaliter
1940 853 2104 914 atque

521 926 933 985 iununtabiliter
959 934 1270 991 manebunt.
1303 934 1407 992 Sed
1437 938 1504 994 de
1534 940 1636 994 bac
1664 949 1858 1010 quarta
1889 937 2106 998 univer-

518 1026 695 1082 sitatis
723 1029 1176 1098 consideratione,
1207 1049 1346 1104 quae
1384 1035 1438 1092 in
1474 1037 1590 1092 solo
1614 1037 1726 1099 Deo
1756 1037 2098 1111 intelligitur,

519 1128 970 1194 quemadmodum
998 1142 1054 1186 et
1091 1133 1286 1204 prima,
1313 1150 1414 1191 suo
1454 1136 1572 1193 loco
1612 1137 1774 1194 latius
1805 1138 2100 1211 diSputabi-

519 1238 626 1294 tur,
662 1240 921 1302 quantum
959 1235 1049 1290 lux
1090 1239 1358 1307 mentium
1385 1241 1688 1296 donaverit.
1729 1241 1884 1311 Quod
1917 1253 2096 1300 autem

512 1320 580 1376 de
619 1323 789 1392 prima
821 1333 874 1379 ct
913 1325 979 1382 de
1011 1338 1202 1400 quarta
1226 1331 1443 1395 dicitur,
1475 1332 1584 1389 hoc
1609 1345 1712 1399 est,
1747 1350 1847 1390 nec
1877 1335 1964 1391 illa
1996 1349 2097 1392 nec

513 1412 614 1465 ista
664 1407 900 1481 creaiur,
947 1431 1069 1472 cum
1124 1427 1180 1473 et
1209 1419 1228 1454 ⁸
1277 1420 1367 1477 illa
1411 1430 1468 1478 et
1516 1423 1616 1479 ista
1683 1439 1850 1480 unum
1901 1424 2093 1492 sint”,

511 1510 772 1572 utraeque
817 1505 962 1561 enim
1025 1506 1093 1562 de
1141 1507 1248 1564 Deo
1299 1512 1710 1581 praedicantur,
1760 1513 1889 1571 nulli
1945 1526 2094 1573 recte

2213 347 2477 421 redigere,
2517 349 2645 405 dum
2678 350 2746 406 de
2789 352 3018 423 simplici
3060 356 3272 412 divinae
3313 367 3536 416 naturae
3583 363 3788 418 unitate

2176 435 2399 509 incipit
2439 447 2692 496 tractare.
2745 441 3074 514 Principium
3120 448 3263 503 enim
3314 457 3370 504 et
3413 449 3537 506 nnis
3573 452 3785 509 divinae

2207 537 2435 584 naturae
2477 533 2692 601 propria
2738 533 2954 589 nomina
3007 549 3111 604 non
3153 546 3296 604 sunt,
3326 537 3419 594 sed
3457 538 3784 599 babitndinis

2166 661 2171 666 .
2205 617 2323 688 ejus
2353 621 2420 676 ad
2457 636 2544 687 ea,
2589 638 2733 693 quae
2763 626 2980 681 condita
3021 636 3164 682 sunt.
3208 628 3290 683 Ab
3325 630 3438 701 ipsa
3481 633 3622 688 enim
3654 635 3782 691 inci-

2203 712 2377 782 piunt,
2429 722 2593 784 atque
2641 715 2764 770 ideo
2803 717 3120 790 principium
3165 720 3381 788 dicitur,
3427 734 3482 778 et
3527 728 3780 796 quoniam

2204 803 2259 859 in
2319 820 2440 861 eam
2469 805 2490 836 ⁸
2530 798 2906 873 terminantur’,
2957 819 3017 863 ut
3068 811 3119 864 in
3172 827 3237 866 ea
3268 812 3291 845 ⁸
3321 815 3588 879 desinant,
3657 816 3778 874 linis

2201 894 2687 962 vocabulomcruit
2726 898 3018 970 appellari;
3049 902 3186 958 aliae
3213 919 3339 960 vero
3376 906 3516 962 duae
3549 908 3777 974 formae,

2200 985 2492 1040 secundam
2519 986 2639 1042 dico
2664 995 2718 1043 et
2744 987 2978 1055 tertiam,
3013 1005 3119 1045 non
3156 991 3328 1047 soluat
3355 993 3409 1049 in
3439 1006 3620 1052 nostra
3647 1013 3782 1052 cou-
3820 1058 3824 1060 μ

2202 1073 2549 1145 templatione
2605 1077 2919 1151 gignuntur,
2969 1079 3064 1135 sed
3114 1081 3276 1137 etiam
3321 1083 3374 1138 in
3418 1085 3534 1156 ipsa
3595 1103 3774 1142 rerum

2154 1174 2504 1221 .erealarum
2541 1176 2732 1222 natura
2786 1170 3145 1238 reperiuntur,
3199 1173 3254 1229 in
3298 1191 3404 1244 qua
3455 1192 3650 1232 causae
3705 1181 3774 1236 ab

2195 1251 2473 1312 effectibus
2502 1264 2841 1327 separantur,
2872 1269 2930 1314 et
2965 1259 3188 1319 effectus
3228 1266 3408 1321 causis
3446 1267 3770 1332 adunantur,

2194 1345 2449 1414 quoniam
2501 1347 2555 1404 in
2610 1363 2717 1404 uno
2765 1363 2987 1420 genere,
3025 1352 3080 1406 in
3130 1364 3376 1410 creatura
3413 1356 3555 1434 dico,
3606 1374 3769 1414 unum

2191 1445 2338 1493 sunt.
2367 1436 2505 1504 liae.
2546 1437 2620 1495 De
2647 1450 2902 1510 quattuor
2933 1443 3098 1515 igitur
3119 1443 3252 1500 fiunt
3289 1447 3444 1503 duae.
3477 1449 3620 1506 Drsc.
3654 1449 3768 1507 Non
3847 1496 3849 1498 -

2195 1527 2408 1584 resisto.
2430 1528 2572 1586 MAG.
2599 1529 2761 1599 Quid,
2778 1533 2822 1588 si
2851 1545 3155 1592 creaturam
3173 1536 3415 1596 Creatori
3437 1540 3769 1611 adiunxeris,

514 1592 921 1672 intelligentiam
950 1595 1240 1655 obscurum
1267 1615 1390 1657 esse
1422 1603 1686 1670 arbitror;
1716 1621 1748 1660 a
1781 1606 1927 1662 nullo
1947 1609 2090 1662 enim
2124 1597 2167 1658 Β
2193 1619 2268 1676 ειη
2293 1627 2352 1673 ul
2373 1618 2444 1674 nil
2479 1592 2695 1676 aliud}.
2819 1623 3105 1696 intelligas,
3137 1592 3764 1702 nisi

511 1695 749 1752 creatur,
787 1688 930 1756 quod
958 1705 1118 1744 causa
1160 1695 1425 1764 superiori
1463 1710 1523 1751 se
1560 1696 1643 1752 vel
1683 1698 1785 1753 sibi
1812 1699 2088 1769 coaeqttali

507 1785 657 1832 caret
679 1787 726 1831 ιι.
768 1775 865 1833 Est
900 1779 1045 1834 enim
1088 1782 1260 1851 prima
1291 1783 1529 1840 omnium
1561 1801 1721 1842 causa
1747 1787 1905 1851 Deus,
1928 1803 2088 1858 quem

453 1935 455 1938 q
506 1865 638 1920 nihil
673 1868 977 1950 prgccedit;
1007 1871 1081 1923 nil
1121 1872 1170 1926 ei
1201 1873 1601 1947 cointelligitur,
1633 1878 1773 1947 quod
1800 1879 1900 1934 sibi
1933 1895 2092 1936 coes-

505 1955 729 2016 sentiale
755 1973 860 2012 non
895 1959 984 2012 sit.
1004 1959 1236 2016 Videsne
1266 1965 1466 2034 itaque,
1499 1967 1726 2035 primam
1753 1975 1810 2022 et
1833 1979 2084 2040 quartam

503 2055 728 2101 naturae
746 2045 972 2119 formam
997 2051 1049 2104 in
1073 2066 1238 2107 unum
1261 2052 1281 2084 ⁸
1301 2067 1419 2109 esse
1443 2049 1755 2112 revocatas?
1778 2058 1924 2114 Drsc.
1941 2058 2085 2116 Satis

503 2136 680 2204 video,
719 2154 958 2210 pureque
1004 2141 1263 2215 intelligo.
1305 2145 1420 2200 Non
1463 2147 1607 2204 enim
1648 2149 1702 2204 in
1753 2149 1862 2205 Deo
1907 2152 2082 2221 prima

500 2228 675 2285 ferina
725 2248 754 2286 a
795 2243 983 2301 quarta
1023 2235 1363 2293 discernitur.
1402 2238 1458 2292 In
1511 2240 1625 2310 ipso
1665 2242 1931 2313 siquidem
1974 2259 2080 2300 non

500 2323 606 2376 duo
631 2325 917 2392 quaedam,
949 2325 1044 2380 sed
1066 2343 1231 2382 unum
1258 2338 1404 2395 sunt,
1438 2331 1490 2385 in
1520 2341 1702 2387 nostra
1723 2347 1848 2389 vero
1873 2335 2078 2392 tbcoria

497 2415 623 2470 dum
661 2415 821 2471 aliam
865 2418 1129 2474 rationem
1171 2421 1238 2478 de
1280 2421 1390 2478 Deo
1414 2425 1748 2496 concipimus
1785 2429 2078 2486 secundum

495 2506 984 2567 considerationem
1037 2510 1310 2582 principii,
1343 2514 1522 2584 .aliam
1571 2531 1702 2572 vero
1743 2515 1901 2585 juxta
1954 2519 2079 2576 linis

495 2599 1026 2672 contemplationem,
1063 2603 1200 2660 duae
1230 2605 1391 2662 veluti
1419 2609 1686 2677 quaedam
1718 2608 1924 2665 formae
1957 2625 2076 2668 esse

495 2690 766 2761 ridentur,
817 2707 884 2749 ex
944 2711 1051 2750 una
1104 2697 1400 2770 eademque
1461 2699 1806 2770 simplicitate
1862 2703 2076 2759 divinae

495 2790 726 2840 naturae
768 2795 989 2858 propter
1029 2787 1297 2862 duplicem
1342 2799 1558 2847 nostrae
1600 2793 2073 2868 contemplationis
2111 2840 2118 2854 ..

491 2871 842 2931 intentionem
867 2874 1151 2932 formatae.

556 2985 698 3044 Mite.
729 2987 894 3047 Recte
906 2990 1071 3050 vides.
1094 2991 1231 3060 Quid
1248 2994 1446 3068 igitur?
1470 2995 1606 3053 Num
1627 3008 1683 3054 et
1703 3002 1991 3058 secundam
2015 3012 2071 3059 et

481 3078 704 3137 tertiam
733 3083 785 3139 in
832 3098 996 3140 unum
1013 3083 1285 3143 ﬁmiliter
1322 3088 1578 3146 debemus
1623 3095 1906 3166 redigere?
1951 3097 2066 3154 Non

483 3172 628 3227 enim
657 3180 710 3229 te
733 3174 881 3239 latet,
900 3186 958 3230 ut
974 3179 1222 3246 aestimo,
1243 3182 1408 3252 quod,
1435 3184 1572 3238 sicut
1597 3187 1768 3254 prima
1791 3197 1846 3244 et
1873 3199 2065 3258 quarta

487 3262 540 3318 in
571 3263 846 3332 Creatore,
877 3267 947 3326 ita
980 3270 1213 3326 secunda
1241 3283 1296 3327 et
1338 3276 1494 3328 tertia
1530 3275 1584 3329 iu
1619 3287 1866 3334 creatura
1897 3282 2065 3336 ratio-

487 3353 736 3411 nabiliter
774 3371 1190 3428 cognoscuntur.
1231 3361 1475 3418 Secunda
1522 3367 1691 3431 enim,
1749 3380 1808 3423 ut
1851 3372 2066 3441 praedi-

484 3458 634 3503 ctum
659 3458 762 3513 est,
789 3458 847 3506 et
882 3460 1104 3507 creatur
1141 3453 1405 3520 et'creat,
1446 3464 1500 3512 et
1543 3457 1596 3512 in
1622 3459 2062 3530 primordialibus

482 3538 663 3595 causis
709 3541 1049 3597 conditarum
1104 3557 1282 3599 rerum
1332 3547 1680 3619 intelligitur;
1730 3551 1884 3607 tertia
1935 3568 2064 3609 vero

410 3661 421 3668 ι
475 3629 654 3685 forma
682 3644 897 3687 creatur
925 3640 980 3689 et
1008 3649 1113 3692 non
1154 3644 1322 3703 creat,
1363 3647 1522 3710 atque
1553 3640 1605 3693 in
1646 3637 1924 3699 eti‘ectibus
1947 3643 2060 3714 pri-

477 3721 818 3778 rnordialium
869 3739 1154 3780 causarum
1186 3729 1469 3798 reperitur.
1503 3729 1752 3787 Secunda
1799 3733 1980 3802 itaque
2007 3741 2062 3790 et

479 3813 635 3867 tertia
662 3827 771 3868 uno
797 3815 1094 3886 eodemque
1129 3831 1349 3887 genere,
1380 3828 1598 3876 creatae
1630 3821 1876 3879 videlicet
1903 3835 2060 3880 natu-

474 3920 585 3970 rae,
620 3905 983 3971 continentur,
1029 3915 1192 3978 atque
1232 3909 1285 3964 in
1331 3923 1396 3965 ea
1435 3927 1600 3966 unum
1642 3922 1786 3968 sunt.
1829 3913 2060 3970 Formae

472 3997 736 4066 siquidem
778 3999 830 4052 in
866 4013 1062 4071 genere
1099 4015 1263 4054 unum
1313 4011 1458 4057 sunt.
1501 4002 1639 4058 Num
1668 4005 1848 4074 itaque
1881 4005 2052 4073 vides,

470 4097 728 4164 quattuor
762 4087 1057 4147 formarum
1078 4087 1491 4160 praedictarum
1529 4095 1664 4150 duas
1684 4097 1921 4166 quidem,
1951 4099 2058 4168 pri.

470 4199 616 4238 mam
669 4182 916 4240 videlicet
963 4193 1019 4240 et
1069 4195 1340 4256 quartam,
1390 4189 1445 4242 in
1498 4188 1833 4256 Creatorem,
1894 4190 2050 4255 duas,

469 4274 761 4330 secundam
786 4275 906 4330 dico
931 4286 985 4331 ct
1009 4275 1245 4341 tertiam,
1276 4279 1328 4333 in
1358 4289 1663 4335 creaturam
1696 4282 2013 4338 recollectas
2031 4285 2056 4337 ?

2187 1722 2318 1764 vere
2334 1719 2448 1776 est;
2469 1710 2542 1764 nil
2568 1699 2712 1767 enim
2734 1721 2886 1768 extra
2912 1713 3084 1785 ipsum
3101 1730 3227 1772 vere
3245 1699 3532 1775 essentiale
3549 1720 3763 1787 dicitur,

2189 1799 2314 1869 quia
2361 1800 2561 1867 omnia,
2609 1816 2749 1870 quae
2794 1802 2863 1860 ab
2901 1818 2968 1858 eo
3017 1813 3166 1869 sunt,
3203 1806 3278 1861 nil
3315 1807 3460 1864 aliud
3512 1819 3654 1874 sunt,
3713 1811 3764 1865 in

2185 1899 2448 1960 quantum
2478 1902 2627 1960 sunt,
2666 1894 2770 1950 nisi
2812 1895 3154 1969 participatio
3193 1899 3390 1977 ipsius,
3413 1901 3504 1973 qui
3533 1919 3564 1958 a
3587 1904 3769 1974 seipse

2185 1984 2330 2039 solus
2352 1999 2448 2056 per
2472 1985 2705 2056 seipsum
2719 1987 2963 2042 subsistit
2991 2004 3007 2044 :
3039 2006 3165 2048 num
3189 1992 3429 2062 negabis,
3451 1991 3759 2049 Creatorem

2184 2083 2239 2131 et
2276 2085 2579 2132 creaturam
2611 2093 2775 2133 unum
2800 2093 2920 2134 esse
2939 2079 3138 2135 ?“Drsc.
3166 2080 3282 2136 Non
3305 2082 3460 2138 facile
3485 2085 3758 2156 negarim;

2183 2165 2310 2220 buic
2340 2166 2482 2232 enim
2514 2165 2811 2224 collectioni
2846 2170 3098 2228 resistere
3117 2171 3327 2228 videtur
3353 2174 3484 2230 mibi
3511 2175 3761 2232 ridiculo-

2181 2273 2300 2313 sum
2330 2273 2470 2314 €550.

2250 2348 2389 2406 Mtc.
2423 2350 2963 2424 Universitasitaque,
2981 2370 3118 2424 quae
3147 2355 3257 2413 Deo
3281 2365 3338 2412 et
3363 2366 3608 2414 creatura
3635 2374 3761 2414 con-

2179 2440 2400 2506 tinetur,
2444 2445 2595 2514 prius
2650 2444 2702 2499 in
2753 2455 3007 2516 quattuor
3063 2447 3226 2503 veluti
3301 2447 3502 2505 formas
3565 2449 3758 2516 divisa.

2179 2533 2372 2590 iterum
2397 2537 2464 2589 ad
2496 2552 2659 2591 unum
2689 2538 3039 2603 individuum,
3066 2539 3389 2609 principium
3411 2540 3608 2611 quippe
3628 2557 3752 2596 cau-

2177 2640 2399 2696 samquc
2420 2626 2705 2697 ﬁnemque,
2723 2640 3025 2684 revocatur.
3055 2629 3196 2684 Dtsc.
3223 2630 3298 2686 De
3319 2631 3607 2687 universali
3640 2631 3744 2686 uni.

2175 2718 2402 2774 vet-salis
2427 2730 2652 2773 naturae
2671 2720 2931 2776 divisione
2951 2730 3006 2775 et
3029 2722 3353 2778 adunatione
3375 2721 3594 2777 interim
3619 2722 3752 2778 satis

2176 2815 2378 2871 dictum
2415 2816 2590 2872 video.
2632 2815 2766 2872 Nam
2812 2816 2879 2872 de
2927 2815 3382 2871 subdivisionibus
3419 2815 3751 2886 singularum

2176 2903 2472 2960 formarum
2502 2906 2616 2960 suis
2649 2905 2782 2961 locis
2824 2905 3306 2981 considerabimus,
3344 2907 3610 2962 secundae
3632 2907 3752 2964 dico
3788 2903 3794 2908 ’

2174 3006 2230 3055 et
2253 2996 2470 3062 tertiae;
2501 2997 2730 3068 primam
2760 2997 2956 3068 quippe
2989 3005 3046 3053 et
3081 3007 3330 3067 quartam
3360 2997 3754 3056 subdivisiones

2174 3090 2416 3160 recipere
2445 3105 2551 3145 non
2593 3090 2749 3145 facile
2789 3089 3038 3146 dixerim.
3075 3090 3306 3160 ideoque
3347 3092 3414 3146 ad
3458 3091 3586 3157 alia,
3615 3106 3767 3162 quae-

2162 3177 2277 3250 jam
2316 3182 2540 3236 dicenda
2581 3191 2725 3246 sunt,
2750 3181 3132 3237 transeundum
3153 3182 3410 3237 arbitror.
3438 3180 3580 3236 lac.
3613 3181 3751 3250 Quid

2171 3275 2267 3330 tibi
2299 3273 2552 3345 videtur?
2587 3272 2723 3327 Num
2751 3273 2855 3328 alia
2886 3274 3115 3328 tenenda
3143 3283 3226 3329 est
3256 3275 3448 3330 semita
3470 3277 3538 3329 ad
3575 3275 3752 3333 inves-

2166 3365 2482 3436 tigationem
2507 3366 2776 3436 proposita
2787 3381 2901 3419 rum
2925 3366 3322 3435 quaeSIionutn,
3342 3382 3504 3437 quam
3531 3375 3589 3420 ut
3609 3382 3750 3422 nunc

2168 3458 2461 3514 secundant
2489 3468 2718 3511 naturae
2757 3455 2985 3511 formam
3025 3471 3371 3528 quaeramus,
3399 3457 3655 3529 quoniam
3682 3457 3749 3512 de

2165 3549 2339 3620 prima
2369 3549 2420 3603 in
2443 3547 2610 3618 priori
2641 3547 2801 3613 libro,
2829 3559 3090 3616 quantum
3135 3547 3364 3604 facultas
3407 3549 3744 3619 suppetebat,

2163 3637 2643 3701 consideravimus,
2669 3637 2724 3691 in
2754 3652 2862 3706 quo
2897 3637 3068 3705 magis
3110 3638 3178 3693 de
3206 3638 3391 3695 decem
3422 3652 3602 3695 rerum
3630 3653 3747 3693 om-

2164 3731 2311 3785 nium
2347 3729 2653 3802 generibus,
2685 3731 2829 3799 quod
2868 3731 3084 3802 proprie
3115 3731 3181 3786 de
3210 3732 3478 3790 creatrice
3502 3732 3743 3788 omnium

2162 3836 2324 3877 causa
2374 3821 2480 3877 dici
2543 3837 2652 3876 non
2704 3821 2998 3893 possunt‘,
3048 3822 3376 3892 disputatum
3423 3833 3527 3889 est,
3580 3838 3743 3894 quam

2160 3914 2231 3968 de
2284 3913 2398 3983 ipsa
2447 3913 2686 3967 omnium
2731 3909 3087 3967 causaiiiiam
3128 3927 3268 3981 quae
3307 3913 3374 3968 de
3407 3927 3472 3968 ea
3513 3912 3740 3969 dicenda

2132 4011 2308 4069 sunt,
2346 4004 2414 4058 ad
2442 4013 2668 4073 quartae
2697 4001 2902 4058 formae
2939 3989 3425 4058 considerationem
3459 4017 3744 4058 reservan-

2158 4092 2229 4154 da
2278 4108 2398 4149 esse
2441 4091 2822 4160 indicavimus,
2871 4107 2979 4148 non
3027 4093 3170 4162 quod
3225 4100 3282 4148 et
3317 4092 3390 4148 ibi
3443 4093 3510 4149 de
3559 4092 3738 4148 divina

2158 4193 2351 4240 natura
2390 4182 2608 4253 proprie
2635 4181 2763 4252 quid
2791 4191 2882 4238 aut
2901 4182 3061 4253 digne
3082 4197 3184 4238 nos
3202 4182 3446 4237 dicturos
3469 4197 3592 4238 esse
3619 4198 3743 4253 pro-

2158 4276 2460 4340 mittamus,
2492 4275 2586 4331 sed
2613 4276 2756 4344 quod
2783 4275 2849 4330 de
2897 4275 3068 4331 reditu
3115 4275 3356 4331 omnium
3383 4275 3435 4330 in
3477 4289 3596 4330 eam
3642 4289 3740 4345 per

465 4363 612 4420 Dtsc.
632 4362 796 4444 lflane
831 4365 1009 4432 video,
1029 4367 1426 4439 admodumque
1451 4370 1693 4428 admiror
1714 4386 1896 4427 rerum
1927 4373 2059 4427 sub-
2083 4345 2132 4406 Ῑ)
2158 4364 2534 4439 primordiales
2565 4381 2778 4431 causas,
2812 4373 3074 4436 quantum
3117 4365 3230 4436 ipsa
3265 4363 3511 4432 .dederit,
3543 4364 3738 4432 dicturi

465 4443 735 4512 tilitatem.
759 4455 898 4512 Nam
937 4457 1078 4514 duae
1101 4459 1411 4531 praedictae
1438 4461 1642 4518 formae
1683 4479 1789 4520 non
1824 4464 1876 4518 in
1919 4462 2052 4528 Deo,

463 4551 558 4606 sed
600 4550 651 4604 in
691 4558 872 4606 nostra
913 4552 1366 4621 contemplatione
1403 4543 1809 4620 discernuntur,
1845 4565 1899 4611 ct
1945 4572 2049 4611 non

464 4642 582 4707 Dci,
611 4645 704 4700 sed
736 4644 958 4700 rationis
982 4655 1203 4701 nostrae
1226 4644 1428 4701 formae
1459 4657 1604 4710 sunt,
1632 4659 1852 4717 propter
1875 4649 2051 4719 dupli-

461 4752 578 4791 ccm
614 4737 861 4807 principii
890 4745 1052 4806 atque
1074 4737 1197 4793 linis
1225 4738 1710 4794 consideratimtcm
1735 4757 1749 4805 ;
1781 4755 1954 4809 neque
1990 4741 2043 4794 in

461 4829 575 4885 Deo
627 4827 684 4884 in
732 4843 896 4884 unam
942 4826 1169 4883 formam
1217 4829 1554 4899 rediguntur,
1609 4831 1702 4883 sed
1753 4830 1805 4883 in
1858 4839 2043 4884 nostra

460 4918 692 4984 tlieoria,
719 4932 862 4989 quae
890 4919 1015 4973 dum
1059 4918 1383 4989 principium
1417 4929 1472 4974 et
1514 4917 1676 4973 tinem
1710 4920 2040 4984 considerat,

456 5007 594 5065 duas
650 5009 909 5081 quasdam
962 5007 1164 5065 formas
1225 5007 1693 5080 contemplationis
1758 5011 1809 5064 ia
1866 5012 2039 5081 scipsa

1745 5100 1997 5157 VARIAE
2039 5099 2438 5157 LECTIONES.

1841 5193 1862 5224 ³
1893 5193 1983 5248 Sic
2007 5195 2132 5256 CD;
2166 5194 2205 5246 Α
2231 5174 2410 5246 uidua.
2488 5190 2508 5222 ⁸
2534 5189 2624 5246 Sic
2650 5189 2690 5243 (ἶ
2721 5199 2775 5245 et
2804 5204 2946 5244 corr.
2981 5189 3055 5252 A;
3089 5188 3133 5243 D
3161 5189 3213 5242 in
3234 5203 3311 5240 eo.

530 5196 549 5228 ‘
577 5194 668 5248 Sic
692 5193 732 5248 (ἰ
757 5209 771 5258 ;
815 5203 865 5247 ct
892 5207 999 5248 om.
1027 5192 1140 5246 AD.
1215 5193 1238 5226 ²
1270 5189 1360 5246 Sic
1384 5191 1500 5258 CD;
1531 5192 1569 5244 Α
1597 5204 1737 5247 sunt.

458 5265 500 5318 C
524 5265 576 5318 in
603 5282 737 5319 eam.

456 5352 567 5392 orn.
600 5337 664 5388 Δ.

815 5264 837 5295 ⁶
866 5263 956 5318 Sic
1014 5262 1104 5318 CD
1129 5263 1200 5326 ςΛ
1231 5263 1457 5332 possint.
1518 5264 1536 5292 ⁷
1565 5264 1653 5318 Sic
1687 5264 1806 5326 CD;
1839 5263 1883 5316 Α
1915 5265 2023 5317 sed.
2100 5264 2123 5296 ⁸
2157 5263 2249 5319 Sic
2281 5265 2399 5327 (Il);
2453 5262 2500 5317 Α
2524 5260 2846 5332 quaestione.
2921 5260 2942 5290 ’
2969 5258 3013 5312 D
3064 5275 3150 5314 ac.

743 5336 785 5366 "
816 5333 908 5390 Sic
932 5333 1048 5398 CD;
1080 5333 1125 5387 Α
1152 5331 1526 5402 primordiales
1564 5351 1842 5387 ruusurrmt
1872 5336 2151 5390 essctttias.

2158 4475 2367 4516 sumus.
2419 4459 2612 4512 Sicut'
2639 4459 2693 4512 in
2728 4459 2833 4513 bac
2875 4457 3108 4512 secunda
3150 4455 3530 4531 inquisitione”
3558 4456 3736 4512 maxi-

2155 4566 2245 4608 me
2291 4551 2606 4607 intentionis
2643 4561 2860 4608 nostrae
2908 4551 3262 4621 propositum,
3293 4549 3404 4605 Deo
3452 4549 3735 4621 largiente,

2152 4644 2503 4701 constitutum
2553 4653 2650 4706 est,
2707 4643 2972 4716 quaedam
3021 4643 3202 4698 dicere
3263 4642 3328 4696 de
3389 4640 3738 4711 processione

2151 4748 2524 4793 creaturarum
2573 4736 2641 4789 ab
2701 4749 2806 4788 una
2851 4734 2949 4788 ct.“
2996 4733 3167 4803 prima
3218 4731 3458 4787 omnium
3508 4747 3671 4788 causa
3693 4731 3738 4763 '°

2155 4843 2248 4900 per
2274 4828 2649 4898 primordialcs
2668 4819 3014 4890 essctttias",
3038 4836 3166 4879 ante
3179 4824 3360 4880 omnia
3380 4825 3451 4878 ab
3472 4838 3558 4888 ea,
3576 4823 3628 4878 in
3647 4839 3734 4887 ea,

2151 4936 2248 4992 per
2285 4938 2405 4975 eam
2439 4922 2702 4982 conditas,
2737 4920 2787 4972 in
2841 4919 3054 4973 diversa
3103 4931 3285 4971 rerum
3318 4929 3516 4987 genera
3563 4914 3736 4968 diver-

2151 5013 2421 5068 buntanus
2450 5011 2663 5066 animus
2711 5009 2778 5063 ad
2810 5009 2975 5064 Deum
3016 5007 3315 5078 perveniet,
3349 5017 3458 5060 tum
3499 5005 3730 5060 divinam

3412 5152 3439 5219 ἐ
3463 5183 3556 5241 Sic
3602 5185 3724 5250 an;

3233 5257 3276 5290 “
3302 5255 3393 5312 Sic
3419 5256 3538 5322 CD;
3568 5273 3730 5311 causa

521 5498 630 5550 «(1
682 5502 751 5556 ad
811 5513 980 5570 marg.
1040 5495 1216 5552 adscr.
1266 5493 1449 5550 Clusa.
1508 5496 1616 5554 Hoc
1689 5499 1886 5552 dictum
1945 5424 2297 5568 uigiliis}.
2339 5492 2545 5549 divinae
2610 5493 2854 5548 bonitatis
2914 5500 3018 5543 tres
3068 5487 3430 5546 cernentium
3486 5489 3725 5542 substan-

458 5569 585 5624 tias.
