4230 6068
432 215 542 279 529

1227 211 1322 272 DE
1357 209 1700 275 DIVISIONE
1737 211 2090 274 RATURAE.
2125 243 2196 258 -
2230 213 2434 272 LIBER
2470 213 2859 278 SECUNDUS.

3593 211 3704 279 630

431 345 630 405 suque
660 329 867 390 formas
901 342 1280 400 numerosque.
1300 327 1355 384 in
1399 326 1693 386 infinitum.
1720 326 1800 382 Et
1819 342 1888 383 ne
1917 325 2021 382 mi-
2047 334 2096 394 Α
2120 332 2249 386 tiam
2269 347 2361 404 per
2384 335 2758 414 successionem
2787 351 2879 418 per
2898 349 3008 400 eos,
3029 335 3264 406 quiante
3287 352 3342 390 se
3365 344 3537 401 erant,
3565 341 3624 392 in
3645 355 3706 396 se

403 409 589 492 reris,
620 424 667 480 si
711 422 981 496 quaedam
1022 420 1077 477 in
1117 421 1223 478 hoc
1259 419 1398 477 libro
1422 422 1440 452 ί
1489 421 1556 478 de
1596 421 1772 476 reditu
1811 430 2022 476 creant-

429 531 616 573 rarum
656 515 726 571 ad
775 511 1103 586 principium
1157 503 1240 568 sui
1285 511 1559 583 ﬁnemque
1617 511 1759 568 dicta
1795 511 2020 567 videris.

431 606 712 665 Processio
748 592 989 676 nutuque
1016 613 1390 659 creaturarum
1417 601 1843 672 earmmlemqne
1877 601 2023 658 redi-

431 707 517 754 tus
542 697 618 753 ita
654 698 676 729 ¹
702 693 864 753 simul
913 694 1114 750 rationi
1152 693 1449 748 occurrunt
1474 707 1570 748 eas
1623 691 1934 763 inquirenti,
1961 697 2022 746 ut

405 775 456 848 la
502 805 562 846 se
590 789 824 848 invicem
850 785 1238 861 inseparabiles
1267 798 1388 841 esse
1417 785 1732 852 videantur,
1761 793 1814 840 et
1859 798 2020 840 nemo

422 881 493 939 de
519 895 626 937 una
653 879 903 952 absolute
925 879 1044 935 sine
1072 878 1302 934 alterius
1323 877 1646 944 insertione,
1686 877 1789 932 hoc
1817 885 1922 943 est,
1950 876 2018 932 de

422 972 775 1042 processione
804 970 925 1047 sine
950 969 1125 1026 reditu
1153 977 1210 1025 et
1235 968 1578 1035 collectione,
1609 977 1666 1024 et
1687 967 2016 1035 conversim,

420 1056 644 1134 dignum
659 1061 788 1133 quid
819 1053 1300 1133 ratumque-potest
1318 1059 1632 1134 explanare.
1660 1059 1806 1115 Dtsc.
1827 1059 2018 1130 Dispu-

419 1155 648 1211 tationis
665 1155 839 1211 series
863 1154 938 1208 nil
966 1152 1110 1209 aliud
1139 1153 1332 1224 exigit,
1369 1168 1532 1223 quam
1569 1161 1628 1208 nt
1655 1162 1776 1222 post
1806 1151 2018 1224 primae

416 1246 760 1319 quaestionis
793 1245 1283 1305 considerationem
1331 1245 1399 1301 ad
1436 1244 1730 1302 secundant
1773 1253 2016 1300 transea-

365 1329 381 1344 ”
418 1355 561 1395 suus.
588 1323 727 1394 llic.
755 1336 1094 1394 Universalis
1120 1337 1302 1410 itaque
1333 1347 1582 1401 naturae,
1598 1334 1778 1406 utjam
1807 1333 2013 1399 dictum

285 1420 296 1430 ’
415 1435 520 1496 est,
549 1444 617 1484 ea
643 1427 820 1484 forma
855 1427 1092 1484 secunda
1119 1429 1311 1494 enitet,
1335 1441 1478 1499 quae
1503 1436 1724 1498 creatur
1744 1436 1802 1484 et
1836 1434 2008 1493 creat,

413 1529 475 1579 et
516 1521 784 1578 nonnisi
843 1521 896 1577 in
950 1521 1394 1593 primordialibus
1447 1523 1631 1580 causis
1691 1539 1893 1590 rerum,
1952 1531 2014 1581 ut

2121 420 2261 491 ipsos
2313 423 2644 480 distributum
2695 425 2978 495 accipiunt,
3030 425 3212 480 dicunt
3265 428 3523 490 omnium.
3568 443 3706 502 quae

2118 514 2262 584 facta
2305 523 2446 578 sunt,
2489 514 2716 586 quinque
2754 515 3096 570 dirisionibus
3145 514 3409 587 segregari
3455 521 3700 574 subsidit-

2120 607 2270 661 tiam.
2326 603 2593 672 Videsne,
2647 617 2850 678 quanta
2901 607 3192 664 autatitate
3239 607 3520 664 divisionis
3553 623 3701 683 quae

2117 698 2380 770 originem
2419 699 2796 754 commendat?
2825 699 2906 754 Alt
2935 699 3051 770 ipso
3077 699 3220 754 enim
3253 699 3438 766 verbo,
3463 700 3565 755 ltoc
3592 711 3702 772 cst,

2117 788 2211 846 Dei
2241 790 2396 854 Filio,
2425 791 2518 861 qui
2558 799 2641 846 est
2665 790 2788 847 fons
2829 791 2992 846 totius
3031 791 3304 860 perfectae
3339 792 3702 848 doctrinae—-

2117 882 2338 947 merito,
2367 882 2490 952 quia
2515 880 2629 952 ipse
2664 889 2751 938 est
2776 883 3058 952 sapientia,
3083 897 3242 953 quam
3271 895 3458 938 omnes
3483 883 3700 953 sapien-

2117 981 2200 1029 tes
2237 974 2564 1045 participant
2607 988 2704 1044 per
2735 975 3054 1045 pedisequos
3096 979 3243 1039 suos,
3277 973 3382 1029 hoc
3405 982 3510 1039 est,
3543 973 3701 1031 disci-

2115 1065 2292 1136 pulos,
2322 1065 2412 1135 qui
2437 1082 2558 1120 eum
2587 1061 2715 1138 etj"
2758 1067 2811 1120 in
2847 1080 3010 1122 carne
3053 1066 3321 1122 viventem
3345 1068 3617 1134 viderunt,
3645 1079 3702 1124 et

2083 1161 2400 1213 'docentem
2449 1150 2826 1212 audierunt-
2853 1155 3137 1213 inchoasse
3187 1168 3600 1223 commemorat,
3641 1167 3702 1216 et

2114 1264 2213 1320 per
2231 1249 2598 1320 apostolorum
2633 1264 2978 1304 successores
2999 1248 3051 1304 in
3085 1250 3332 1305 doctrina
3357 1258 3412 1304 ct
3434 1247 3700 1321 sapientia

2116 1341 2446 1405 immediate,
2471 1341 2571 1396 hoc
2591 1351 2697 1406 est,
2722 1340 2866 1397 nulla
2888 1341 2990 1398 alia
3023 1341 3314 1398 autoritate
3356 1340 3701 1417 interposita,

2113 1445 2286 1501 usque
2307 1432 2377 1487 ad
2413 1446 2508 1487 sua
2539 1439 2778 1501 tempora
2809 1431 3061 1486 traditam
3097 1431 3285 1488 fuisse.
3313 1429 3553 1502 Quarum
3589 1433 3702 1503 pri-

2073 1533 2081 1538 ‘
2110 1539 2271 1587 mam,
2327 1523 2520 1594 inquit,
2552 1539 2662 1580 esse
2694 1525 2842 1578 aiunt
2867 1539 3005 1590 eam,
3031 1540 3166 1594 quae
3191 1539 3369 1578 anon
3406 1532 3580 1579 creata
3603 1539 3704 1578 na-

411 1612 664 1678 aestimo,
689 1611 1036 1686 intelligenda
1051 1623 1158 1679 est.
1182 1613 1335 1686 Ipsae
1374 1622 1557 1670 autem
1586 1615 1608 1647 ³
1634 1615 2014 1686 primordiale;
2113 1625 2234 1670 tura
2272 1626 2505 1674 creatam
2531 1615 2578 1652 ¹²
2612 1614 2976 1672 unicersaliter
3008 1625 3274 1680 naturam,
3301 1623 3351 1668 et
3370 1629 3464 1686 per
3482 1629 3702 1685 genera-

412 1716 599 1764 rerum
651 1717 852 1760 causae
895 1719 928 1759 a
981 1703 1207 1760 Graecis
1241 1707 1581 1782 πρωτὸτυπα,
1625 1707 1730 1762 hoc
1781 1716 1867 1762 est
1902 1707 2014 1780 pri-
2044 1697 2092 1763 Β
2117 1710 2307 1766 tionem
2345 1725 2458 1766 esse
2497 1707 2836 1778 accipientem
2875 1705 3060 1762 dividit
3107 1705 3184 1772 υς
3237 1707 3420 1760 dicunt
3454 1721 3701 1777 namque,

411 1791 696 1850 toordialia
741 1793 1014 1868 exempla,
1037 1794 1124 1850 vel
1156 1797 1538 1879 προορίσματα,
1569 1796 1673 1854 hoc
1697 1806 1783 1880 est
1806 1837 1824 1864 ,
1857 1811 2015 1870 prae-
2115 1799 2285 1854 Deum
2304 1814 2398 1870 per
2421 1798 2699 1858 bonitatem
2722 1797 2904 1868 fecisse
2926 1797 3257 1854 existentium
3280 1796 3440 1852 simul
3464 1797 3702 1854 omnium

412 1882 806 1941 destinationes
856 1885 946 1941 vel
1005 1885 1352 1942 deﬁnitiones
1410 1895 1717 1956 vocantur;
1765 1888 1896 1945 item
1943 1887 2014 1947 ab
2113 1892 2315 1948 claram
2333 1890 2757 1962 dispositionem.
2781 1889 2846 1946 Et
2866 1889 3024 1962 paulo
3042 1900 3198 1962 post:
3229 1885 3526 1944 Secundam
3551 1902 3702 1952 vero,

407 1972 618 2032 eisdem
659 1977 776 2034 Otia
817 1975 1075 2050 θελήματα
1101 2017 1118 2044 ,
1151 1977 1257 2034 hoc
1295 1987 1384 2034 est
1396 2017 1414 2046 ,
1453 1976 1670 2036 divinae
1708 1979 2015 2044 voluntates
2109 2002 2397 2060 perquam
2435 1985 2551 2057 ipsa
2577 1983 2737 2040 simul
2775 1971 2944 2040 omnis
2979 1995 3196 2048 natura,
3219 2000 3255 2038 ει
3283 1981 3395 2038 Deo
3434 1998 3528 2052 per
3553 1997 3700 2042 crea-

405 2063 700 2134 dicuntur;
741 2065 876 2127 idin:
911 2083 1146 2140 quoque,
1195 2069 1250 2126 id
1276 2078 1380 2138 est,
1423 2071 1636 2142 species
1663 2071 1749 2127 vel
1779 2071 2008 2141 formae,

409 2157 469 2214 in
520 2157 728 2238 quibus
783 2159 1028 2224 omnium
1095 2175 1284 2217 rerum
1308 2161 1332 2194 ‘
1372 2160 1745 2219 faciendarum
1773 2203 1792 2230 ,
1831 2163 2013 2238 prius-

394 2231 574 2319 .quain
622 2258 807 2308 essent
834 2290 850 2318 ,
889 2250 1363 2309 incommutabiles
1406 2253 1429 2285 ⁸
1473 2253 1713 2311 rationes
1756 2231 2010 2330 conditae

407 2349 556 2406 sunt,
593 2339 772 2423 solent
817 2332 1025 2398 vocari.
1057 2343 1135 2401 De
1175 2344 1374 2415 quibus
1401 2345 1564 2402 latius
1608 2339 1664 2402 in
1703 2361 1961 2418 processu
1985 2348 2008 2382 ‘

406 2439 594 2510 apris
635 2438 906 2505 dicemus,
946 2440 1381 2512 testimoniisque
1421 2452 1734 2512 sanctorum
1783 2443 2006 2500 Palmm

397 2530 812 2589 .roborabituus.
845 2531 913 2588 Et
943 2547 1050 2594 nec
1081 2533 1356 2604 immerito
1384 2534 1466 2591 sic
1484 2535 1848 2608 appellantur,
1870 2552 2008 2608 quoe

407 2607 555 2678 niam
582 2621 768 2686 Pater,
817 2623 922 2680 boc
956 2633 1042 2682 est
1079 2625 1406 2698 principium
1433 2607 1698 2700 omnium,
1746 2627 1800 2684 in
1824 2607 2020 2686 Verbo

405 2726 527 2780 suo,
565 2713 846 2786 unigenito
873 2704 1127 2772 videlicet
1151 2713 1314 2784 Filio,
1337 2718 1578 2774 omnium
1612 2711 1795 2774 rerum
1836 2718 2004 2776 ratio-

405 2819 534 2880 nes,
577 2821 718 2879 quas
767 2806 1046 2865 faciendas
1091 2823 1213 2868 esse
1275 2809 1468 2877 voluit,
1514 2810 1666 2883 prius
1721 2827 1888 2883 quam
1942 2812 1998 2868 in

403 2885 604 2972 genera
652 2907 708 2955 ct
764 2900 978 2972 species
1021 2915 1386 2972 numerosque
1429 2911 1594 2972 atque
1639 2895 1995 2971 diiierem'ias,

397 2998 716 3065 'ceteraque,
741 3009 884 3066 quae
907 2995 961 3051 in
1004 2995 1220 3052 condita
1248 3003 1501 3054 creatura
1527 3006 1626 3054 aut
1654 2997 1992 3056 considerari

2112 2079 2303 2134 tionem
2349 2092 2462 2134 esse
2508 2074 2790 2147 accipiens,
2831 2074 3090 2131 diuiditur
3134 2074 3189 2129 in
3243 2070 3598 2144 intelligibilia
3648 2080 3699 2128 et

2110 2167 2414 2234 sensibilia;
2453 2167 2661 2222 tertiam
2690 2165 2955 2235 deinceps,
2990 2179 3083 2234 per
3107 2179 3264 2236 quant
3289 2162 3404 2233 ipsa
3437 2161 3700 2219 sensibilis

2111 2271 2305 2315 natura
2327 2253 2580 2312 dividitur
2599 2250 2652 2308 in
2671 2246 2874 2315 caelum
2894 2269 2960 2308 ac
2979 2263 3208 2320 terram;
3228 2254 3471 2327 quartam
3491 2251 3699 2312 itidem.

2106 2365 2200 2421 per
2241 2362 2400 2417 quam
2447 2356 2588 2403 terra
2634 2332 2891 2402 dividitur
2936 2345 2992 2403 in
3041 2342 3364 2399 Paradisum
3426 2352 3494 2412 et_
3521 2344 3698 2398 orbem

2097 2438 2405 2506 terrarum;
2452 2449 2504 2494 et
2545 2438 2784 2512 quintam
2809 2477 2826 2503 ,
2867 2451 2964 2510 per
2997 2434 3159 2508 quam
3199 2436 3308 2507 ipse
3353 2435 3410 2501 in
3454 2435 3696 2492 omnibus

2106 2531 2261 2587 teluti
2311 2529 2574 2602 quaedam
2630 2540 2936 2586 cunctorum
2979 2527 3433 2585 continuatissima
3464 2527 3700 2600 ofﬁcina.

2102 2615 2445 2693 omnibusque
2481 2637 2576 2694 per
2620 2637 2824 2676 omnem
2875 2619 3229 2690 differentiam
3280 2618 3698 2675 extranitatibus

2097 2709 2195 2786 per
2211 2713 2438 2784 seipsum
2457 2711 2771 2768 naturaliter
2796 2711 3122 2766 medietatem
3151 2709 3349 2780 faciens
3390 2709 3516 2764 bene
3553 2725 3617 2764 ac
3649 2709 3691 2741 "

2099 2803 2325 2876 pulchre”
2369 2803 2658 2858 secundum
2722 2803 3127 2874 generationem.
3203 2800 3324 2866 llis,
3371 2817 3508 2873 quae
3547 2811 3694 2873 sunt,

2091 2895 2468 2967 'superadditus
2485 2897 2642 2950 homo
2661 2895 2717 2950 in
2729 2880 3038 2950 masculum-
3051 2895 3401 2966 feminamque
3419 2894 3692 2960 dividitur,

2098 3004 2304 3044 omnem
2339 2989 2534 3044 habens
2567 2987 2802 3059 profecto
2839 2985 3154 3044 naturaliter
3185 2993 3540 3044 extremorum
3587 3003 3694 3042 om-

401 3053 629 3163 possuni
695 3053 778 3142 et.
804 3086 1247 3155 considerantur,
1311 3098 1408 3144 am
1486 3089 1821 3147 corisidemri
1885 3107 1993 3148 υοιι
2022 3053 2068 3118 C
2096 3077 2247 3138 nium
2269 3071 2633 3136 medietatibus
2657 3095 2753 3152 per
2774 3081 2940 3152 ipsam
2967 3065 3042 3135 ad
3067 3090 3299 3136 extrema
3321 3081 3498 3135 omnia
3533 3096 3694 3148 copu-

400 3184 629 3248 possnnt
666 3189 797 3246 prae
823 3176 907 3231 sui
937 3176 1242 3245 altitudine,
1276 3189 1330 3234 et
1359 3193 1466 3236 non
1499 3180 1914 3238 considerantur
1937 3189 1998 3242 et

401 3273 582 3321 tamen
609 3275 758 3334 sunt,
787 3267 1201 3337 praeformavit.

468 3355 523 3412 5.
565 3355 677 3428 sed
731 3359 1052 3430 priusquam
1105 3361 1175 3418 ad
1219 3361 1656 3434 primordialium
1702 3379 1995 3436 ansarum

325 3507 334 3514 ,
399 3446 666 3504 tlteoriatn
703 3451 1124 3524 perreniatnus,
1148 3453 1324 3510 visum
1366 3464 1453 3511 est
1481 3454 1638 3522 mihi,
1663 3456 1994 3516 sententiam

397 3540 728 3596 venerabilis
755 3540 973 3599 Maximi
998 3543 1068 3600 de
1091 3543 1360 3602 divisione
1383 3547 1648 3614 omnium,
1678 3564 1820 3622 quae
1849 3548 1996 3606 facta

392 3645 550 3700 sunt,
600 3633 732 3691 huic
775 3635 1128 3708 disputationi
1172 3647 1422 3706 nostrae,
1459 3641 1506 3697 si
1561 3641 1658 3697 tibi
1718 3641 1899 3715 placet
1945 3642 1994 3712 ',

395 3724 663 3783 inserere.
687 3725 745 3784 Si
773 3727 922 3783 enim
954 3729 1234 3810 multiplex
1276 3747 1457 3788 rerum
1487 3732 1731 3790 omnium
1771 3733 1993 3802 divisio,

395 3816 704 3890 iterumque
724 3818 1004 3887 adunatio,
1033 3820 1402 3893 multipliciter
1422 3823 1792 3880 demonstrata
1805 3822 1993 3892 fuerit,

393 3907 464 3964 ad
489 3908 856 3980 cognitionem
881 3911 1262 3984 priuetpalium
1291 3928 1596 3978 causarum,
1631 3902 1772 3987 quae
1792 3916 1994 3988 princi-

393 3997 593 4070 paliter
631 4012 665 4054 a
706 3999 817 4056 Deo
857 4001 1108 4058 conditae
1135 4011 1286 4069 sunt,
1331 4004 1601 4076 patefacta
1651 3997 1738 4060 via
1781 3997 1996 4066 facilitis

393 4088 718 4160 apparebit;
768 4091 1094 4160 praesertim
1139 4107 1261 4146 cum
1305 4093 1475 4165 ipsius
1501 4096 1696 4154 divisio
1729 4114 1762 4154 a
1806 4107 1994 4156 nostra

315 4248 320 4252 _
395 4179 678 4252 praedicta
711 4181 736 4216 ⁸
761 4181 1026 4238 divisione
1068 4183 1125 4239 in
1179 4183 1329 4242 nullo
1373 4185 1684 4260 discrepare
1726 4189 1993 4260 videatur,

297 4297 303 4304 ν
395 4279 626 4344 excepto
691 4273 838 4344 quod
896 4272 987 4328 ille
1045 4273 1361 4330 sensibilem
1425 4287 1762 4344 creaturam,
1825 4294 1990 4352 quam

395 4361 618 4431 tertiam
663 4359 894 4419 formam
923 4373 1151 4421 naturae
1197 4367 1497 4436 posuimus,
1527 4371 1782 4440 quoniam
1823 4372 1878 4428 in
1919 4386 1992 4432 ea‘

305 4513 315 4521 .
394 4451 638 4538 maxime
659 4469 946 4511 causarum
983 4454 1208 4512 ell'ectus
1243 4470 1528 4528 apparent,
1583 4462 1637 4518 iu
1699 4471 1810 4520 tres
1862 4479 1988 4539 spe-

391 4543 506 4599 cies
527 4543 848 4614 subdividit,
878 4556 1240 4619 quartanique
1285 4562 1529 4609 nostram
1581 4571 1613 4610 a
1654 4557 1828 4627 prima
1875 4573 1983 4616 non

390 4632 673 4700 discernit,
727 4635 869 4694 sicut
921 4640 1202 4710 sequentia
1269 4642 1739 4704 detnonstrahunt.
1768 4647 1984 4716 Quam“

389 4725 814 4784 subdivisionem
841 4730 1112 4788 sensibilis
1141 4744 1424 4792 creaturae
1468 4739 1534 4794 ad
1567 4741 1849 4799 materiem
1881 4728 1982 4800 uo-

2095 3170 2308 3230 lativum
2330 3171 2664 3244 propriarum
2686 3172 2920 3246 partium
2944 3171 3314 3245 proprietatem
3353 3170 3697 3226 adunatiouts

2095 3264 2362 3320 virtutem.
2395 3261 2611 3320 Partem
2647 3263 2906 3335 siquidem
2950 3264 3069 3329 sui,
3132 3271 3192 3319 ιιι
3242 3264 3382 3319 idem
3431 3265 3688 3336 magister

2094 3337 2224 3412 alibi
2250 3355 2351 3422 ait,
2386 3346 2508 3410 cum
2538 3353 2866 3410 sensibilibus
2908 3354 3161 3425 possidet,
3197 3355 3534 3427 iu‘qnantum
3575 3371 3690 3410 cor-

2093 3457 2193 3522 pus
2223 3456 2337 3515 est;
2369 3455 2574 3519 partem
2603 3461 2722 3501 cum
2753 3445 3188 3517 intelligibilibus,
3213 3448 3267 3500 in
3285 3456 3542 3527 quantum
3573 3443 3690 3504 uni»

2093 3553 2184 3594 ma
2205 3553 2225 3593 :
2259 3536 2480 3609 ideoque
2511 3536 2809 3590 universam
2840 3545 3140 3590 creaturam
3167 3536 3221 3590 in
3258 3552 3312 3591 se
3337 3537 3585 3592 continet.
3622 3535 3691 3592 Et

2095 3629 2258 3704 paulo
2277 3638 2436 3702 post:
2469 3627 2646 3700 Hujus
2680 3629 2754 3684 rei
2785 3629 2956 3699 gratia
2989 3624 3298 3684 novissimus
3335 3629 3692 3683 introducitur

2097 3724 2151 3778 in
2201 3723 2304 3788 his,
2333 3736 2470 3794 quae
2499 3730 2640 3785 sunt,
2671 3720 2848 3785 homo,
2889 3720 3050 3776 veluti
3092 3721 3390 3790 conjunctio
3428 3721 3688 3792 quaedam

2096 3814 2358 3871 naturalis
2387 3812 2756 3869 unicersaliter
2781 3827 2876 3882 per
2888 3812 3133 3884 proprias
3154 3821 3330 3882 partes
3357 3807 3686 3866 medietatem

2095 3904 2295 3976 faciens
2323 3901 2756 3967 extremitatibus,
2802 3911 2850 3956 et
2883 3900 2952 3956 in‘
2973 3916 3135 3956 unum
3163 3899 3358 3956 ducens
3389 3901 3444 3954 in
3493 3901 3688 3976 seipse,

2094 3995 2259 4050 multo
2283 3985 2572 4049 secundum
2594 4003 2842 4046 naturam
2863 4007 2900 4046 tt
2919 3989 3193 4046 seinuic’cm
3220 3989 3473 4045 distantia
3495 3992 3684 4053 spatio.

2093 4087 2490 4144 Extremitates
2537 4085 2628 4140 hic
2676 4094 2838 4139 vocat
2893 4079 3214 4137 invisibilem
3269 4081 3690 4152 sensibiletnqne

2095 4191 2422 4243 creaturam,
2443 4163 2586 4248 quae
2611 4190 2643 4231 a
2669 4191 2729 4232 se
2747 4165 2980 4231 invicem
3003 4170 3166 4228 veluti
3189 4171 3500 4243 longissimo
3513 4175 3690 4243 spatio

2095 4272 2326 4331 naturali
2377 4269 2681 4328 differentia
2732 4268 3063 4342 discrepant.
3108 4265 3248 4324 Sunt
3277 4267 3422 4322 enim
3465 4279 3688 4326 παίω-ειη
3753 4255 3762 4264 ’

2097 4381 2216 4421 rum
2243 4363 2587 4421 conditarum
2615 4361 2726 4416 duo
2757 4359 2986 4416 extremi
3026 4346 3240 4414 termini
3274 4347 3492 4415 sibimet
3519 4375 3686 4432 oppoo

2090 4459 2204 4524 siti,
2253 4459 2350 4514 sed
2393 4455 2630 4513 humana
2663 4461 2861 4508 natura
2911 4449 3258 4508 medietatem
3300 4453 3380 4507 eis
3409 4463 3680 4524 praestat;

2091 4551 2147 4608 in
2183 4565 2248 4605 ea
2293 4548 2438 4604 enim
2469 4547 2572 4604 sibi
2616 4546 2848 4602 invicem
2894 4543 3240 4618 copulantur.
3282 4554 3338 4600 et
3381 4546 3449 4602 dc
3500 4548 3685 4604 multis

2089 4657 2256 4698 unum
2285 4639 2440 4694 ﬁunt.

2159 4731 2214 4788 4.
2249 4732 2418 4789 Nulla
2455 4731 2592 4786 enim
2621 4715 2864 4787 creatura
2885 4736 2980 4792 est,
3015 4746 3046 4783 α
3089 4744 3296 4784 summo
3329 4739 3490 4800 usque
3526 4728 3680 4785 deor-

388 4827 539 4875 strae
580 4821 914 4890 quaestionis
944 4823 1153 4890 tertiac,
1183 4837 1342 4896 prout
1377 4829 1519 4885 Deus
1547 4832 1774 4898 dederit,
1808 4850 1988 4891 rescr.
2087 4843 2225 4888 sum,
2257 4842 2391 4896 quae
2417 4824 2471 4878 in
2501 4823 2707 4878 nomine
2736 4839 2840 4876 non
2872 4821 3179 4892 reperiatur.
3205 4818 3434 4894 Ideoque
3460 4821 3677 4891 ofﬁcina

302 4973 315 4980 η,
389 4909 658 4966 vabimus.
697 4908 998 4968 Tricesimo
1040 4927 1098 4970 et
1133 4913 1366 4986 septimo
1413 4921 1649 4992 capitulo
1697 4923 1764 4978 de
1801 4925 1989 4981 Ambi-
2083 4918 2320 4975 outnium
2367 4917 2494 4987 jure
2549 4915 2890 4977 nominatur:
2954 4914 3009 4967 in
3053 4928 3116 4967 ϐα
3173 4912 3428 4984 siquidem
3496 4916 3677 4970 omnia

387 5001 556 5072 suis:
599 5000 806 5068 Sancti,
859 5004 1052 5075 inquit,
1097 5009 1187 5076 qui
1238 5010 1404 5062 multo
1450 4992 1746 5069 divinorum
1795 5025 1988 5085 myste—
2087 5010 2378 5083 conﬂuunt,
2405 5025 2540 5082 quae
2567 5025 2600 5061 a
2624 5007 2729 5062 Deo
2753 5005 2960 5060 conditu
2991 5015 3141 5070 sunt,
3171 5007 3431 5077 unumque
3459 5005 3675 5060 harmo-

389 5095 595 5154 riorum
613 5109 680 5148 ea:
703 5095 807 5159 Itis,
831 5098 919 5166 qui
943 5097 1210 5169 pedisequi
1238 5112 1282 5152 et
1312 5103 1534 5154 ministri
1562 5112 1771 5172 [unum
1815 5103 1992 5172 Verbi,
2090 5103 2232 5158 niam
2261 5119 2324 5156 ea:
2351 5100 2570 5156 diversis
2609 5097 2834 5161 ttnttttis,
2871 5097 3029 5150 veluti
3071 5096 3382 5168 quibusdam
3425 5096 3676 5150 distanti-

387 5197 439 5243 et
483 5187 606 5243 inde
637 5185 678 5220 "
712 5188 1012 5244 immediate
1045 5206 1248 5256 eorum,
1275 5207 1408 5263 quae
1439 5207 1586 5261 sunt,
1613 5197 1806 5250 eruditi
1829 5199 2006 5252 scien-
2094 5195 2189 5249 bus
2220 5194 2383 5257 souis,
2409 5201 2748 5264 componunt.
2777 5188 2844 5244 L’t
2869 5190 2954 5264 ad.
2986 5187 3178 5251 Deum,
3207 5199 3380 5256 tapete
3409 5189 3672 5246 canalem

1645 5337 1732 5391 VA
1742 5337 1901 5394 ΙὶΙΑΕ
1939 5333 2339 5394 LECTIONES.

466 5445 484 5479 ¹
517 5442 614 5500 Sic
641 5443 772 5510 CD;
808 5445 848 5499 Α
879 5443 1012 5499 loco.
1087 5446 1109 5477 ¹
1141 5447 1213 5501 ita
1243 5465 1352 5502 om.
1383 5451 1448 5504 Δ.
1531 5449 1550 5481 ³
1579 5449 1669 5506 Sic
1696 5451 1766 5512 C;
1801 5462 1974 5507 autem
2001 5421 2132 5506 πὀιιι.
2165 5451 2278 5506 ΑΙ).
2353 5450 2375 5480 ⁵
2421 5447 2510 5503 Sic
2533 5447 2656 5505 CD:
2688 5445 2726 5499 Α
2755 5459 2925 5498 τρι-ιω
2958 5445 3210 5500 omnium.
3300 5445 3320 5479 "
3347 5447 3438 5502 Sic
3477 5447 3595 5509 CD;
3631 5448 3669 5501 Α

391 5515 768 5592 immutabilem
823 5514 866 5592 ,ξ
1151 5521 1192 5592 Α
1221 5537 1518 5588 progressu.
1578 5523 1597 5552 τ
1650 5522 1741 5575 Sir
1760 5523 1882 5588 Cl);
1916 5525 1958 5575 si
1985 5522 2251 5592 Iibiplucet
2277 5537 2386 5573 om.
2405 5520 2466 5570 Α.
2540 5520 2570 5592 ξ
2583 5517 2800 5592 δίφρος
2829 5515 3094 5581 pmrdictu
3120 5532 3228 5592 om.
3375 5515 3668 5592 _’__Sit'_('li;

389 5585 437 5641 Δ
466 5586 740 5656 quoniam.
820 5585 863 5618 ⁸ο
889 5586 980 5640 8ζρ
1001 5585 1127 5649 CD;
1154 5590 1195 5641 Α
1222 5585 1378 5644 unde.
1496 5594 1532 5626 "
1574 5593 1662 5648 Sic
1689 5593 1814 5660 (Il);
1868 5585 1914 5647 et
1969 5585 2098 5649 om:
2137 5596 2206 5646 Α.
2285 5592 2325 5624 ⁸⁸
2373 5591 2628 5657 sunt);
2663 5591 2702 5643 Α
2740 5590 2790 5638 in
2825 5595 3084 5639 creatam.
3177 5588 3216 5616 ’³
3248 5587 3337 5641 Sic
3364 5587 3486 5652 (ID;
3524 5589 3564 5642 Α
3597 5591 3677 5644 (ιε’

369 5656 606 5710 -tuditur.
697 5655 738 5688 "
765 5654 854 5712 Sic
901 5655 990 5712 CD
1021 5673 1036 5712 :
1070 5659 1108 5710 Α
1135 5668 1202 5712 et.
