4230 6068
474 182 668 241 ,ςη

1916 182 2205 243 JOANNlS
2240 171 2507 244 scort'
2680 243 2685 246 ,
3495 211 3508 216 ~
3659 214 3663 219 τ
3745 195 3858 254 572

568 295 827 369 vitalique
857 307 1025 363 motu,
1056 310 1245 362 sensu,
1285 304 1341 351 et
1391 284 1599 353 ratione
1641 309 1894 355 constare
1922 301 2154 365 videtur,
2186 306 2232 383 Α
2260 300 2521 365 arbitror,
2552 282 2674 357 non
2716 311 2777 357 ιιι
2803 312 2860 358 et
2903 301 3034 361 illud
3065 305 3468 376 su‘peradditum
3510 322 3719 381 pereat,
3754 311 3856 367 sed

566 399 620 445 et
660 389 967 455 intellectu;
1022 389 1115 444 sed
1148 389 1214 444 de
1258 405 1321 443 ea
1367 387 1706 471 solummodo
1748 400 1923 461 parte,
1966 390 2020 445 in
2050 406 2158 463 qua
2240 400 2320 445 .ut
2360 391 2414 445 in
2452 389 2604 457 illud,
2649 394 2796 463 quod
2821 393 2998 464 primo
3048 407 3137 452 est
3185 397 3484 465 conditum,
3510 408 3767 471 transeat,
3796 412 3856 458 et

467 486 472 492 '
566 485 747 555 imago
773 491 829 537 et
865 480 1162 538 similitudo
1187 481 1484 536 conditoris
1528 466 1880 552 perspicitur,
1914 482 2016 536 hoc
2051 488 2157 545 est,

566 573 928 650 deintellectu
956 581 1012 629 et
1034 573 1245 628 ratione
1267 580 1322 628 et
1356 586 1522 627 sensu
1549 571 1823 647 interiori,
1856 571 1961 638 vel,
1996 582 2052 626 ut
2084 571 2157 627 ita

564 652 767 729 dicam,
797 664 1059 730 essentia,
1090 663 1310 727 virtute,
1331 663 1651 735 operatione
1695 663 1735 718 ⁸.
1766 664 1823 718 ln
1870 665 1975 722 hoc
2011 665 2159 722 enim

567 756 809 811 ternario
856 769 1103 810 summae
1135 768 1203 810 ac
1226 761 1451 814 sanctae
1470 755 1491 787 ³
1518 753 1808 810 Trinitatis
1839 753 2017 827 imago
2063 771 2160 815 cx-

546 866 763 925 ~pressa
793 849 1154 922 cognoscitur.
1189 847 1324 904 Nam
1362 848 1430 906 de
1451 848 1599 905 vitali
1636 859 1808 913 motu,
1833 864 1943 920 quo
1975 850 2154 904 anima

565 959 768 1015 corpus
792 952 844 998 et
874 943 1067 1007 nutrit,
1095 950 1152 998 et
1178 941 1233 999 in
1266 958 1434 997 unum
1476 941 1701 1013 colligit,
1732 952 1789 997 et
1815 941 2071 999 viviticat.
2102 951 2158 997 et

459 1033 466 1040 ’
562 1036 1059 1108 tuinistrttt,eiqne
1086 1042 1486 1093 incrementum
1519 1036 1635 1101 dat,
1667 1038 1842 1107 deque
1888 1036 2005 1107 ipso
2030 1053 2154 1095 cer-

561 1147 722 1204 pore,
740 1130 886 1202 quod
935 1131 1099 1187 totius
1145 1140 1430 1189 creaturae
1471 1139 1783 1185 extremum
1830 1131 2038 1187 obtinet
2076 1128 2155 1183 lo-

559 1239 708 1286 cum.
745 1220 886 1277 alius
914 1220 1218 1278 disserendi
1254 1221 1577 1296 lucus'crit,
1610 1223 1737 1275 dum
1784 1220 1836 1275 in
1864 1232 2061 1297 quarto
2091 1221 2161 1275 li-<

558 1315 660 1375 bro
701 1314 725 1345 ⁸
752 1314 820 1369 de
852 1314 1079 1369 naturis
1107 1311 1476 1377 sensiltilibus,
1531 1313 1641 1368 Deo
1664 1310 1830 1376 duce.
1856 1313 2156 1385 diSputabio

560 1408 668 1458 tur.
697 1401 849 1471 Quae
882 1418 1035 1474 pars,
1066 1402 1323 1474 quoniam
1350 1412 1507 1457 extra
1534 1403 1920 1474 proprietatem
1949 1403 2151 1476 intelli-

557 1492 739 1562 gibilis
786 1503 1009 1548 nostrae
1055 1492 1368 1558 essentiae,
1424 1509 1531 1563 qua
1584 1494 1655 1548 ad
1711 1493 2001 1566 imaginem
2059 1495 2150 1550 Dei

556 1582 762 1637 conditi
787 1596 996 1648 smnus,
1025 1581 1388 1654 dignoscitur,
1416 1594 1705 1658 propterea
1750 1601 1781 1638 a
1814 1586 1972 1641 nobis
1994 1602 2153 1657 prae-

2260 497 2426 549 unum
2453 497 2576 537 cum
2609 481 2700 538 illo
2722 482 2838 550 liat,
2862 502 2966 541 non
2994 489 3149 559 quasi
3179 489 3308 557 duo,
3339 491 3436 548 sed
3465 506 3633 549 unum
3673 493 3857 552 incor—

2262 573 2515 645 ruptibile
2559 583 2615 630 et
2658 574 2942 647 spirituale
2987 595 3085 649 per
3135 580 3366 652 gratiatu
3405 582 3502 638 Dei
3534 581 3717 652 Verbi,
3756 586 3854 658 qui

2257 679 2367 719 non
2395 665 2568 722 solum
2600 665 2656 721 in
2692 677 2877 723 nostra
2918 668 3210 737 naturalia,
3242 687 3433 729 verum
3465 674 3633 731 etiam
3675 676 3730 732 in
3761 692 3851 734 su-

2257 754 2540 825 peraddita
2589 755 2747 812 nobis
2794 756 3174 825 descenderat,
3223 770 3284 817 ut
3334 764 3525 819 omnia
3555 770 3741 822 nostra
3796 767 3854 823 in

2258 846 2440 917 scipso
2482 856 2834 921 restauraret,
2879 857 2933 904 et
2981 844 3503 922 desupcr’adjectis-
3529 856 3854 914 naturaliter

2267 937 2426 992 insita
2490 936 2760 1005 laceret“
2790 939 2907 1010 qui
2951 938 3105 997 fecit
3140 953 3375 1016 utraque
3434 963 3624 1005 unum.
3698 941 3849 1009 Dtsc.

2256 1024 2422 1081 Plane
2494 1043 2601 1082 non
2676 1028 3095 1097 incongruum";
3144 1033 3262 1088 sed
3340 1043 3490 1097 ratae
3560 1036 3855 1109 subtilique

2258 1118 2660 1191 investigationi
2733 1130 2793 1176 et
2848 1122 3147 1187 inventioni
3217 1126 3562 1201 rationabilis
3621 1140 3852 1188 naturae

2254 1210 2846 1268 convenientissimum.
2896 1212 3165 1281 Quorsum
3219 1233 3345 1272 vero
3394 1220 3547 1286 haec,
3608 1223 3852 1281 nondum

2257 1301 2434 1360 video.
2615 1359 2618 1361 λ
2972 1371 2978 1377 _
3040 1324 3043 1327 ν
3238 1321 3240 1324 ’
3280 1301 3284 1304 ’
3813 1372 3817 1376 ,

2325 1392 2466 1450 hinc.
2507 1384 2727 1453 Patiens
2773 1406 2911 1454 esto.
2944 1397 3063 1454 Non
3094 1400 3240 1456 enim
3270 1417 3359 1457 res
3383 1394 3545 1473 parva
3577 1405 3721 1461 inter
3749 1422 3851 1464 nos

2264 1485 2569 1555 quaeritur,
2600 1500 2703 1542 nec
2747 1486 2851 1543 nisi
2892 1488 3080 1543 multis
3119 1490 3854 1561 diligentissimeratiocina-

2257 1573 2418 1628 tionis
2446 1576 2763 1645 ambagibus
2790 1588 2845 1633 et
2877 1579 3190 1652 investigari
3216 1590 3272 1637 et
3300 1583 3529 1639 invenlri
3571 1595 3771 1656 potest,
3799 1588 3848 1644 si

553 1671 860 1739 sentialiter
904 1671 1217 1729 intermissa
1268 1682 1374 1739 est,
1400 1675 1529 1753 dum
1576 1675 1651 1730 sit
1704 1685 1884 1731 motus
1923 1676 2145 1747 quidam

2256 1671 2434 1719 tamen
2460 1666 2527 1719 ad
2550 1680 2744 1737 purum
2776 1666 3009 1724 inveniri
3036 1680 3233 1746 potest.
3280 1669 3601 1742 Nullienitn
3631 1670 3849 1734 mortali
3878 1681 3891 1688 '

553 1772 711 1819 extra
762 1757 1016 1823 naturam
1079 1763 1507 1835 primordialitcr
1551 1765 1851 1831 conditam,
1902 1768 2151 1823 substan-

557 1852 675 1910 tiali
731 1863 953 1910 nostrae
996 1850 1332 1925 operationi,
1367 1871 1509 1926 quae
1543 1873 1735 1913 sensus
1792 1858 2039 1925 interior,
2089 1870 2150 1914 ut

553 1946 815 2010 diximus,
861 1946 1154 2013 vocitatur,
1202 1946 1507 2017 subjectus,
1536 1948 1699 2019 inque
1742 1965 1972 2020 poenant
2015 1960 2155 2022 pec-‘

553 2036 666 2104 cati
696 2035 948 2102 additus;
983 2052 1094 2108 quo
1121 2037 1371 2093 videlicet
1398 2048 1549 2094 motu
1574 2042 1667 2101 ea,
1694 2056 1835 2110 quae
1859 2049 1988 2113 post
2017 2028 2148 2111 pec-

552 2136 739 2185 catum
785 2129 1057 2185 humanae
1100 2140 1330 2187 naturae
1351 2131 1847 2203 superaddita'sant
1873 2177 1885 2199 ,
1913 2133 2151 2189 admini-

552 2230 694 2277 strat
719 2238 732 2274 :
758 2235 956 2292 corpus
996 2222 1102 2279 hoc
1138 2225 1493 2294 corruptibile
1515 2224 1658 2291 dico,
1702 2235 1868 2296 atque
1899 2229 2148 2297 mortale,

462 2348 465 2349 ν
550 2311 690 2373 Ιοοὶε
734 2314 1176 2385 temporibusque
1226 2317 1457 2383 varium,
1498 2317 1734 2386 partium
1783 2334 2007 2374 suarum
2044 2306 2149 2374 tnt-

551 2392 706 2463 mero
767 2405 1107 2471 discretum,
1172 2408 1365 2478 spatiis
1408 2406 1741 2472 distentum,
1801 2411 2150 2469 incrementis

552 2494 1029 2565 dccrcmentisque
1073 2497 1385 2562 subditum,
1439 2498 1793 2568 qualitatibus
1834 2490 2151 2572 quantitati-

549 2583 763 2655 busque
800 2584 1033 2641 diversis
1069 2586 1396 2656 subjectum,
1433 2588 1502 2641 ad
1527 2603 1719 2644 omnes
1750 2589 2150 2648 irrationabiles

550 2682 732 2730 motus
757 2678 1014 2745 pronum,
1037 2676 1277 2732 carnalis
1318 2676 1496 2736 adhuc
1523 2678 1754 2743 animae,
1795 2665 2000 2757 merito
2019 2696 2153 2759 suae

550 2766 951 2822 inobedientiae
1012 2768 1413 2838 superbiaeque
1462 2768 1712 2825 diversis‘
1744 2765 2148 2826 calamitatibus

550 2856 825 2914 involutae
884 2858 1197 2930 hospitium,
1251 2852 1567 2932 ceteraque,
1615 2877 1756 2931 quae
1801 2864 1870 2918 de
1912 2862 2146 2919 infelici—

551 2955 664 3004 tate
707 2947 760 3003 in
813 2948 952 3005 hanc
986 2950 1148 3004 vitatu
1195 2952 1468 3006 humanae
1512 2960 1837 3027 naturaeex
1886 2954 2146 3012 felicitate

2255 1756 2465 1833 sensui,
2497 1757 2747 1827 quamvis
2778 1759 3026 1815 videatur
3051 1758 3212 1817 acute
3252 1761 3557 1833 inquirere,
3590 1766 3716 1823 licet
3745 1769 3853 1824 hoc

2251 1827 2592 1920 promittere,
2640 1865 2710 1906 ne
2754 1852 3003 1909 incautus
3032 1837 3456 1927 Iredarguamr.‘
3486 1858 3641 1923 esse,
3702 1862 3851 1932 quod

2253 1954 2385 2003 suas
2410 1940 2562 1997 vi'res‘
2578 1950 2801 2012 superat
2823 1943 3070 2000 invenire
3098 1953 3204 2015 per
3218 1960 3279 2001 se
3292 1944 3477 2016 ipsum
3494 1950 3846 2019 promittens.

2212 2083 2216 2088 .
2260 2030 2396 2088 Nam
2442 2027 2488 2089 si
2517 2028 2814 2103 invenitur,
2856 2051 2964 2092 non
2996 2037 3153 2109 ipse,"
3183 2038 3539 2109 quisqnaerit,
3587 2042 3847 2120 sedipse,
3891 2040 3895 2044 ’

2250 2125 2345 2194 (ιυί
2392 2123 2707 2203 quaeritur,
2741 2137 2799 2183 et
2846 2123 3058 2199 quiest
3105 2124 3197 2189 lux
3242 2128 3776 2199 'meutium,invenit
3797 2136 3846 2192 ’.

2252 2209 2576 2284 Quaerimus
2622 2217 2887 2291 namque,
2920 2222 2978 2289 ni
3023 2221 3202 2289 fallor,
3242 2220 3631 2295 quomodoex
3685 2220 3861 2300 argu.

2251 2318 2437 2366 mento
2485 2311 2860 2370 substantialis
2932 2314 3215 2392 trinitatis
3243 2326 3467 2373 nostrae
3512 2329 3743 2375 naturae
3777 2321 3850 2378 ad

2253 2400 2544 2473 imaginem
2574 2403 2672 2460 Dei
2701 2404 2745 2435 ’θ
2770 2412 3006 2471 creatae,
3033 2392 3300 2462 summam
3323 2405 3470 2463 illaut
3499 2406 3844 2479 Trinitatem,

2252 2508 2394 2564 quae
2438 2493 2584 2551 Deus
2624 2503 2730 2562 est,
2778 2494 3004 2567 ejusque
3056 2496 3220 2553 veluti
3249 2497 3519 2571 proprias-
3546 2500 3601 2579 in
3646 2510 3845 2572 natura

2253 2586 2474 2642 condita
2533 2589 2881 2658 operationes
2930 2590 3160 2661 singulis
3221 2583 3477 2662 personis
3527 2594 3848 2659 distributas

2251 2693 2542 2749 possumus
2590 2677 2934 2753 investigare.
2970 2680 3118 2740 DISC.
3147 2681 3204 2740 ld
3248 2684 3426 2765 ipsum
3466 2701 3612 2746 nunc
3636 2688 3847 2756 ",‘non

2234 2768 2403 2850 aliud
2432 2771 2771 2842 quaerimus.
2803 2772 2873 2829 Et
2896 2775 3032 2830 ordo
3063 2786 3244 2832 rerum
3266 2776 3478 2850 'exigit.
3503 2778 3669 2836 utsic
3703 2779 3847 2847 veri—
3910 2816 3918 2823 -

2253 2852 2423 2918 tatem
2468 2876 2830 2934 quaeramus;
2887 2874 3212 2937 argumento
3266 2857 3539 2951 siquidem
3593 2864 3847 2943 imaginis

2254 2950 2369 3022 ipsa
2393 2953 2615 3020 veritas,
2655 2951 2822 3023 .cnin‘s
2850 2954 3028 3027 imago
3070 2964 3174 3024 est,
3223 2958 3541 3039 quaerenda
3564 2970 3674 3028 est,
3702 2970 3847 3032 quae

553 3038 788 3110 paradisi
816 3039 1085 3110 expulsae
1132 3049 1190 3094 et
1219 3040 1325 3096 dici
1372 3050 1426 3098 et
1478 3043 1852 3114 experimento
1889 3048 2141 3118 cognosci
2172 3027 2225 3089 Ci
2251 3032 2456 3111 quanto
2506 3035 2804 3100 studiosius
2846 3037 3643 3132 laboriosiusque'inquiritur,
3695 3027 3847 3112 ὼω

552 3138 801 3200 possunt.
840 3128 1016 3184 Motus
1044 3129 1228 3201 itaque
1268 3132 1539 3189 humanae
1567 3138 1902 3193 naturae‘ad
1937 3153 2000 3194 ea
2050 3140 2145 3197 ad-

552 3218 937 3286 ministranda,
966 3236 1107 3291 quae
1153 3221 1256 3300 sibi
1293 3223 1362 3281 ad
1393 3223 1689 3281 vindictam
1717 3230 2145 3297 praevaricatio-

551 3311 641 3367 nis
667 3311 833 3368 divini
874 3312 1145 3384 praecepti
1194 3314 1451 3388 adjuncta
1496 3327 1662 3385 sunt;
1703 3319 2000 3391 vindictam
2046 3338 2151 3378 au—t

551 3412 661 3457 tem
692 3403 837 3471 dico,
874 3420 981 3459 non
1036 3406 1328 3475 irascentis
1374 3406 1475 3464 Dei
1516 3410 1796 3479 ultionem,
1835 3416 1930 3471 sed
1977 3416 2141 3472 mise-

552 3493 727 3549 rcntis
781 3495 1262 3561 exercitationem;
1322 3515 1429 3554 non
1487 3500 2141 3567 irrationabiliterextra

556 3585 817 3641 terminos
863 3587 1169 3645 essentialis
1216 3600 1439 3646 nostrae
1490 3591 1751 3650 trinitatis
1793 3596 2141 3668 relinquitur.

554 3676 623 3731 Et
650 3691 718 3732 ne
752 3679 1030 3746 aestimes,
1060 3698 1158 3735 nos
1196 3681 1281 3739 his
1310 3684 1493 3739 verbis
1521 3686 1717 3743 docere
1737 3688 1892 3755 velle,
1930 3691 2144 3761 praedi-

548 3778 694 3823 ctam
727 3767 997 3826 humanae
1022 3781 1254 3827 naturae
1281 3773 1581 3831 trinitatem
1621 3775 1690 3830 ad
1722 3776 2015 3851 imaginem
2047 3781 2143 3837 Dei

549 3868 609 3924 in
644 3870 902 3940 paradiso
926 3872 1222 3935 conditura,
1249 3874 1565 3947 priusquam
1608 3889 1879 3947 peccaret,
1919 3882 2144 3939 omnino

549 3974 779 4031 corpore
828 3962 1074 4021 caruisse
1120 3964 1343 4030 :absit,
1401 3965 1540 4021 absit
1573 3966 1593 3998 δ
1619 3986 1649 4022 a
1711 3969 1867 4025 nobis
1907 3962 2009 4027 hoc
2054 3973 2140 4028 di-

553 4066 681 4106 cere
710 4052 769 4117 ⁵,
820 4052 915 4107 aut
957 4055 1357 4124 quodammodo
1404 4068 1625 4126 putare;
1673 4059 1843 4114 semel
1899 4061 2045 4117 enim
2086 4073 2144 4119 et

548 4142 711 4198 simul
738 4143 950 4227 animus
981 4157 1192 4214 nostras
1220 4157 1276 4202 ct
1313 4163 1542 4219 corpora
1586 4151 1639 4205 in
1663 4151 1917 4221 paradiso
1944 4154 2141 4210 condi-

552 4245 639 4291 tor
660 4238 884 4301 ereavit,
914 4254 1142 4308 corpora
1183 4241 1305 4295 dico
1336 4243 1614 4307 caelestia,
1659 4231 1981 4314 spiritualia,
2007 4262 2143 4317 qna-

550 4327 623 4380 lia
647 4338 767 4397 post
790 4330 1241 4385 resurrectionem
1270 4328 1450 4386 futura
1482 4342 1630 4388 sunt.
1656 4333 1885 4391 Tumida
1909 4351 2142 4407 namque

2250 3133 2532 3191 ardentius
2565 3135 2830 3205 diligitur,
2857 3145 2914 3193 et
2935 3138 3180 3209 apertius
3206 3133 3674 3219 inveniture'Quid
3695 3142 3843 3218 enim

2250 3225 2472 3297 prodest
2516 3225 2607 3281 illa
2636 3225 2926 3294 velocitas,
2966 3244 3127 3299 quam
3157 3245 3295 3300 pura
3323 3224 3574 3289 veritatis
3596 3228 3843 3290 contenti

2250 3316 2419 3389 platio
2463 3316 2673 3390 effugit,
2734 3329 2846 3375 aut
2880 3320 3035 3394 quid.
3069 3331 3230 3379 nocet
3276 3322 3394 3401 ipsa
3437 3324 3705 3393 tarditas,
3755 3324 3849 3384 cui

2252 3407 2565 3465 desiderata
2583 3408 2755 3466 facies
2776 3410 3061 3467 occurrit?
3523 3477 3530 3484 _

2321 3499 2468 3557 Mtte.
2508 3500 2699 3572 itaque
2758 3496 3188 3559 ratiocinationis
3219 3504 3436 3560 nostrae
3464 3504 3748 3574 exordium
3774 3519 3847 3561 ex
3921 3557 3924 3561 .

2253 3591 2440 3666 verbis
2492 3590 2824 3649 venerabilis
2871 3590 3092 3648 Maximi
3143 3588 3445 3659 sumamus,
3492 3593 3602 3648 non
3639 3593 3847 3649 eisdem

2251 3685 2596 3740 sermonibus
2644 3683 2958 3749 connexim,
3002 3683 3097 3739 sed
3145 3683 3338 3740 eodem
3373 3679 3554 3741 sensu
3608 3691 3843 3738 utentes.

2251 3776 2401 3832 Disc.
2455 3769 2789 3847 ingredere,
2835 3790 3053 3848 quoquo
3103 3774 3265 3831 modo
3310 3774 3432 3839 vis,
3483 3772 3846 3831 ratiocinandi

2249 3869 2417 3924 viam.
2457 3868 2601 3927 MAG.
2635 3868 2773 3927 Tres
2822 3868 3158 3925 universales
3198 3878 3380 3924 metus
3443 3867 3658 3923 animae
3695 3877 3843 3923 sunt.

2249 3960 2492 4028 Quarum
2543 3960 2753 4032 primus
2790 3970 2877 4016 est
2918 3958 3217 4016 secundum
3262 3957 3527 4024 animum,
3558 3955 3847 4013 secundus

2250 4054 2550 4110 secundum
2579 4053 2869 4119 rationem,
2903 4051 3095 4108 tertius
3119 4049 3415 4108 secundum
3446 4063 3689 4105 sensum.
3718 4047 3847 4105 lit“
3893 4090 3903 4105 η

2248 4144 2458 4218 primus
2484 4146 2703 4217 quidem
2749 4145 2978 4216 simplex
3002 4142 3178 4209 “est,
3224 4153 3281 4198 et
3334 4155 3498 4212 supra
3530 4141 3702 4212 ipsius
3726 4140 3848 4195 aui-

2251 4251 2374 4292 mae
2428 4246 2704 4301 naturam,
2749 4246 2807 4291 et
2859 4225 3308 4306 interpretatione
3352 4241 3524 4298 caret,
3578 4232 3685 4289 hoc
3737 4241 3842 4294 est,

2251 4324 2559 4396 cognitione
2612 4323 2781 4396 ipsius
2826 4322 2974 4379 circa
3023 4323 3169 4395 quod
3212 4332 3491 4387 movetur;
3539 4335 3641 4392 per
3681 4316 3845 4391 quem

476 4460 479 4461 ν
551 4394 804 4487 corpora,
836 4418 1108 4485 nmrtalia,
1137 4421 1535 4491 corruptibilis,
1568 4424 1765 4493 quibus
1795 4441 1939 4491 nunc
1963 4429 2144 4498 oppri-

2252 4394 2399 4474 circa
2444 4394 2997 4489 Deum-incognitum
3029 4423 3195 4480 mota,
3241 4414 3388 4469 nullo
3441 4414 3603 4469 modo
3632 4429 3701 4469 ex
3734 4414 3848 4468 ullo

551 4511 776 4572 utimur,
820 4524 944 4578 non.
967 4524 1033 4566 ex
1066 4521 1283 4576 natura,
1318 4514 1413 4569 sed
1452 4531 1521 4569 ex
1566 4517 1764 4571 delicto
1797 4515 2165 4575 occasionem.

471 4648 478 4653 .
551 4604 753 4655 ducere
778 4616 885 4655 non
931 4613 1010 4656 est
1054 4603 1431 4659 dubitandum.
1465 4604 1621 4674 Quod
1662 4623 1793 4679 ergo
1822 4620 2047 4665 naturae
2076 4627 2142 4666 ex

553 4702 778 4765 peccato
800 4693 1055 4758 adolevit,
1081 4710 1146 4747 co
1178 4696 1420 4771 profecta
1451 4709 1707 4753 renovata
1745 4701 1796 4754 in
1824 4701 2063 4763 Christo,
2087 4713 2142 4758 et

554 4783 608 4836 in
654 4783 938 4853 pristinum
994 4794 1192 4839 statum
1240 4788 1495 4858 restituta
1544 4791 1773 4845 carebit.
1831 4790 1947 4847 Non
1993 4793 2138 4847 enim

556 4886 732 4944 potest
769 4887 997 4931 naturae
1040 4888 1161 4931 esse
1208 4888 1577 4943 coaetcrnum,
1624 4882 1768 4952 quod
1799 4882 1849 4936 ei
1888 4883 2147 4939 adhaeret

558 4977 779 5037 propter
817 4978 1131 5037 peccatum;
1176 4978 1233 5023 et
1279 4969 1421 5025 intra
1449 4973 1834 5029 substantiales
1857 4973 1975 5044 ejus
2019 4992 2147 5031 con-

555 5058 864 5113 stitutiont-s
914 5076 1020 5115 non
1067 5060 1439 5131 romputari‘,
1468 5078 1574 5117 non
1608 5063 1981 5136 iucOngrnum,
2025 5077 2083 5121 ut
2121 5068 2140 5100 ⁷

2246 4524 2455 4574 eorum,
2501 4521 2641 4580 quae
2685 4516 2835 4571 sunt,
2866 4507 3045 4579 ipsum
3081 4517 3305 4578 propter
3332 4506 3415 4562 sui
3465 4506 3844 4562 excellentiam

2254 4601 2553 4674 cognoscit,
2582 4601 2876 4658 secundum
2919 4601 3065 4672 quod
3089 4600 3157 4665 “,
3185 4600 3316 4671 quid
3361 4599 3453 4664 sit,
3486 4601 3590 4656 hoc
3631 4609 3736 4667 est,
3786 4591 3849 4656 ἤι’

2244 4694 2388 4761 nulla
2433 4694 2671 4750 essentia
2724 4709 2820 4749 seu
2864 4692 3190 4756 substantia,
3240 4692 3324 4747 vel
3365 4692 3418 4746 in
3450 4692 3660 4763 aliquo,
3695 4692 3853 4761 quod.
3910 4764 3913 4767 _

2244 4787 2351 4843 dici
2416 4787 2500 4842 vel
2552 4785 2775 4859 intelligi
2834 4786 3051 4850 valeat,
3102 4802 3228 4840 eum
3278 4784 3519 4855 reperire
3564 4784 3609 4817 ¹⁸
3644 4792 3840 4856 potest.

2253 4882 2487 4954 Superat
2527 4882 2672 4944 enim
2705 4896 2889 4944 omne,
2924 4881 3067 4950 quod
3111 4882 3292 4935 est‘et
3321 4882 3464 4949 quod
3510 4886 3620 4934 non
3643 4887 3749 4945 est,
3788 4887 3845 4932 et
3876 4934 3879 4935 ν

2253 4974 2400 5029 nullo
2425 4974 2587 5028 modo
2617 4973 2831 5028 deliniri
2866 4983 3062 5042 poteSt,
3093 4971 3219 5042 quid
3250 4971 3343 5027 sit.
3748 5052 3753 5055 _

2324 5066 2607 5125 Secundus
2635 5083 2763 5123 vero
2791 5079 2970 5123 motus
3015 5079 3120 5131 est,
3162 5066 3272 5139 quo
3309 5064 3647 5139 incognitum
3672 5063 3861 5141 Deum

1816 5239 1819 5241 ’
1861 5260 2115 5319 vanus
2157 5264 2562 5322 LECTIUNES.

636 5420 648 5448 ³
674 5413 770 5488 Sic
798 5415 928 5488 εις)
956 5420 1083 5488 A‘et
1127 5419 1463 5488 (moratione.

559 5504 646 5541 uri
699 5487 763 5541 Α.
843 5487 863 5519 ⁸
883 5485 975 5545 Sic
1001 5482 1121 5551 Cl'i;
1153 5482 1198 5542 Ᾰ
1224 5490 1451 5543 credere.

559 5562 913 5627 redarguam.
986 5554 1123 5613 θεῆς
1171 5557 1289 5618 (SE;
1337 5560 1377 5612 Α
1417 5562 1694 5616 invenitur.

1542 5419 1561 5450 ³
1585 5418 1676 5474 Sic
1714 5418 1831 5486 illi;
1863 5426 1902 5473 Α
1929 5432 1977 5475 et
2008 5439 2210 5476 sacrae.

1530 5490 1549 5518 ⁶
1575 5489 1665 5544 Sic
1697 5493 1816 5553 CE;
1843 5498 1883 5544 Α
1927 5496 2315 5547 rounumemri.

1768 5564 1811 5596 ιη
1837 5562 1933 5616 Ιιεὶ
1983 5575 2097 5620 om.
2128 5559 2233 5618 CE.

2290 5424 2311 5456 ³
2336 5422 2425 5479 Sic
2465 5423 2664 5487 CE;'m
2712 5424 2900 5493 quarto
2940 5427 3073 5479 libro
3101 5440 3209 5478 om.
3238 5430 3303 5481 Α.

2390 5497 2408 5526 ⁷
2438 5493 2528 5548 Sir
2559 5495 2673 5549 illi:
2712 5507 2764 5550 ut
2804 5509 2917 5553 om.
2947 5494 3011 5549 Α.

2328 5568 2364 5598 "
2391 5563 2482 5621 Sir
2511 5566 2628 5621 CF:
2666 5582 2802 5620 nunc
2832 5583 2944 5625 om.
2993 5568 3059 5619 Λ.

3382 5425 3403 5457 ³
3425 5426 3517 5479 Sic
3563 5427 3683 5493 CB;
3707 5428 3841 5482 αὐτη

3090 5503 3109 5527 ³
3132 5494 3225 5555 Sic
3248 5497 3366 5551 Ali;
3397 5498 3438 5552 Ω
3477 5516 3570 5553 uer
3594 5504 3842 5554 incautus

3139 5570 3181 5599 ³³
3212 5566 3303 5625 Sic
3350 5565 3463 5623 CF.“
3515 5568 3583 5623 Ιπί
3635 5574 3832 5625 υιιισΛ.

562 5628 604 5659 ’⁸
626 5624 868 5692 ειξεεε
898 5633 941 5684 Α
965 5632 1181 5700 quidem
1225 5638 1396 5683 motus
1434 5631 1688 5696 simplex.
1774 5631 1815 5663 ³³
1837 5631 1927 5686 5n:
1956 5634 2041 5690 AC.
2074 5649 2085 5698 ;
2122 5632 2160 5688 E
2193 5637 2486 5699 secundum
2528 5639 2596 5689 id.
2678 5633 2721 5666 "
2740 5633 2826 5691 σε
2848 5624 3089 5703 reperiri.
