4230 6068
395 295 462 352 77
1165 307 1248 364 DF.
1291 309 1635 369 Dl\'lSlONE
1673 307 2030 374 NATURAE.
2059 349 2128 363 υ·-
2171 319 2375 380 LIBER
2415 325 2793 391 SECUNDUS.
3515 340 3629 400 57!
3683 354 3690 360 '

361 412 731 483 tbeopbamaI,
763 428 794 468 ιι
827 413 1038 496 Latinis
1089 417 1287 476 dit-inre
1335 421 1703 491 apparitione:
1752 425 1928 480 solent
1957 437 2004 494 Α
2035 428 2200 485 tionis
2233 435 2454 490 nomine
2481 439 2830 510 appellatum,
2861 443 2914 498 in
2945 445 3192 516 proprias
3224 449 3464 510 rationes
3500 449 3624 509 sin-

357 503 640 573 appellari,
667 506 770 562 sibi
801 505 910 578 ipsi
937 508 1130 580 infigit.
1160 521 1210 566 et
1241 525 1338 580 per
1371 512 1518 583 ipsas
1558 516 1830 583 quaedam
1861 517 1930 570 de

354 594 470 652 Dee
508 583 752 652 notitiam
783 602 1042 670 percipit;
1071 618 1166 670 per
1195 605 1401 674 primas
1429 623 1620 664 causa:
1645 610 1793 676 dico,
1821 625 1930 666 nou

309 695 312 698 λ
354 699 415 742 ιιι
441 687 1328 755 intelligat,quidsubstautialiter
1350 708 1513 762 sunt;
1545 699 1646 752 hoc
1668 700 1808 754 enim
1835 717 1928 756 su—

349 790 507 850 perat
537 795 752 837 omnem
784 784 980 840 anitua:
1012 798 1254 855 motum;
1305 793 1402 844 sed
1433 801 1492 844 ut
1543 792 1922 850 universaliter

305 867 641 922 -tognoscut,
673 857 797 924 quia
853 869 997 924 sunt,
1031 862 1196 930 inque
1229 878 1358 921 suos
1400 870 1623 926 ctl'ectus
1657 875 1924 932 ineffabili-

327 946 674 1014 processione
707 949 1095 1019 proﬂuuntrEt
1123 957 1211 1012 bic
1237 970 1322 1014 est
1343 973 1540 1030 motus,
1565 967 1656 1034 qui
1683 983 1712 1021 a
1741 968 1912 1026 Grae-

325 1037 404 1092 cis
432 1036 576 1109 λὸγος
608 1039 692 1095 vel
739 1043 976 1112 δύναμις,
1011 1061 1038 1098 a
1069 1050 1276 1110 nostris
1301 1066 1430 1106 vero
1455 1056 1592 1111 ratio
1611 1073 1704 1113 seu
1741 1062 1914 1118 virtus

327 1136 574 1192 vocatur,
603 1140 658 1184 et
703 1146 770 1186 ex
803 1134 980 1204 primo
1013 1151 1163 1193 motu
1215 1144 1476 1211 nascitur,
1526 1147 1618 1218 qui
1647 1159 1730 1206 est
1757 1151 1915 1210 intel-

324 1217 512 1275 lectus.
547 1220 703 1278 Sicut
751 1227 896 1280 enim
947 1229 1171 1298 quidam
1218 1235 1435 1305 sapiens
1481 1241 1681 1298 artifex
1737 1253 1910 1302 artem

319 1321 478 1367 suam
498 1313 566 1368 de
599 1317 780 1390 seipse
809 1319 861 1373 in
885 1319 1066 1391 seipse
1089 1322 1272 1392 cllicit,
1298 1336 1354 1382 et
1383 1329 1436 1384 in
1469 1331 1604 1402 ipsa,
1635 1351 1780 1406 quae
1807 1339 1908 1395 sibi

317 1399 568 1458 facienda
618 1415 764 1474 sunt,
801 1415 1110 1478 praenoscit
1145 1415 1185 1481 ⁸,
1215 1421 1512 1490 eorumque
1547 1439 1744 1482 causas
1771 1428 1824 1483 vi
1853 1439 1908 1486 et

317 1501 606 1563 potestate,
635 1500 950 1572 priusquam
980 1519 1279 1576 appareant
1313 1514 1441 1569 ac'lu
1477 1525 1542 1578 ,ει
1561 1531 1746 1588 Opere,
1788 1525 1908 1579 uni-

312 1585 604 1642 versaliter
638 1599 802 1660 atque
841 1595 1135 1652 causaliter
1161 1611 1342 1668 creat;
1374 1602 1456 1660 sic
1487 1605 1802 1674 intellectus
1835 1616 1905 1670 de

312 1689 374 1730 se
419 1685 482 1730 et
527 1677 582 1732 in
620 1693 684 1774 se
733 1697 887 1737 suam
933 1687 1200 1744 rationem
1229 1693 1437 1762 genuit,
1471 1697 1526 1754 in
1558 1713 1664 1772 qua
1692 1704 1899 1774 omnia,

2040 523 2290 604 gularum
2337 544 2544 594 rerum,
2572 548 2694 599 quae
2730 537 3158 602 primordialiter
3186 541 3244 599 in
3275 539 3458 602 causis
3489 547 3616 604 Imi-

2024 603 2423 677 versaliterque
2449 617 2666 664 creatae
2707 621 2852 678 sunt,
2877 616 3086 676 dividit.
3127 621 3370 680 Cunctae
3395 603 3614 698 quidem

2023 688 2296 752 essentiae
2319 697 2375 752 in
2405 701 2616 758 ratione
2645 719 2810 760 unum
2831 719 2976 770 sunt,
3005 727 3168 768 sensu
3197 731 3328 772 vero
3353 717 3406 773 in
3430 733 3615 776 essen-

2022 784 2128 842 tias
2154 787 2469 848 dili'erentes
2504 794 2910 854 discernuntur.
2945 801 3197 860 Omnium
3229 809 3410 880 itaque
3431 827 3616 870 essen-

2023 876 2217 934 tiarum
2245 895 2310 936 ex
2361 897 2583 940 suorum
2634 889 3026 960 principiorum
3067 897 3619 968 simplicissimauni-

2020 973 2131 1024 tate
2149 984 2249 1038 per
2271 970 2605 1031 intellectum
2639 979 3059 1040 descendentem
3105 987 3562 1059 simplicissimum
3585 994 3612 1026 ⁸

2017 1059 2380 1129 cognitionem
2416 1064 2556 1122 ratio
2585 1071 2844 1142 percipit;
2869 1075 2962 1131 sed
2984 1091 3177 1134 sensus
3197 1080 3373 1151 ipsam
3401 1083 3612 1156 simpli:

2015 1152 2236 1209 citatem
2277 1171 2379 1227 per
2430 1158 2764 1220 diﬂicrentias
2805 1179 3072 1240 segregat.
3130 1169 3394 1229 Similiter
3421 1189 3608 1234 rerum

2014 1254 2215 1309 genera
2252 1246 2600 1306 uniformiter
2621 1263 2676 1308 et
2699 1241 3024 1327 simpliciter
3051 1263 3106 1318 in
3139 1263 3252 1320 suis
3283 1267 3612 1325 universalia

2013 1331 2116 1388 bus
2133 1336 2332 1404 causis,
2359 1348 2414 1394 et
2440 1339 2462 1370 ⁹
2497 1341 2550 1396 in
2589 1344 2782 1416 scipsis
2823 1363 2920 1418 per
2963 1352 3294 1410 intellectum
3323 1358 3462 1414 ratio
3511 1376 3610 1418 ωδ

2011 1426 2240 1492 gnoscit,
2263 1427 2408 1484 illaut
2427 1447 2556 1489 vero
2567 1438 3028 1506 generalissimam
3043 1437 3464 1518 simplicitatem,
3491 1454 3546 1509 in
3567 1456 3588 1488 ι

2008 1528 2069 1570 se
2109 1514 2224 1587 ipsa
2249 1519 2900 1602 individuam-nullisque,
2933 1514 3254 1597 differentiis
3281 1514 3603 1614 obnoxiam,

2007 1606 2173 1665 nullis
2197 1612 2570 1674 accidentibus
2609 1622 2930 1692 subiectam,
2963 1629 3127 1686 nullis
3168 1635 3356 1703 spatiis
3396 1606 3604 1696 distau;

2007 1705 2138 1764 tem,
2170 1701 2332 1760 nullis
2381 1708 2628 1776 partibus
2672 1718 3064 1786 compositam,
3113 1701 3262 1779 nullo
3299 1725 3456 1784 locali
3513 1730 3602 1788 vel

1229 1749 1261 1761 "
1421 1749 1437 1762 ’
1472 1749 1526 1754 “’
1561 1749 1664 1772 Ὶ“’“
1696 1749 1899 1774 ‘.""""’
2012 1749 2138 1764 ""V
2170 1749 2332 1760 """"’
2381 1749 2628 1776 l"'“""“”
2672 1749 3064 1786 ννιξιιιυῦιιιιυι,
3115 1749 3262 1779 ιιυιω
3299 1749 3456 1784 local]
3513 1749 3602 1788 γει

310 1779 452 1835 quae
481 1769 595 1823 vult
611 1749 822 1856 fulgere,
848 1781 1280 1850 praecegnoscit,
1316 1787 1716 1864 causaliterqne
1743 1808 1900 1866 prae-
1929 1786 1977 1848 Β
2009 1791 2292 1876 temporali
2321 1793 2362 1828 “
2395 1807 2542 1854 metu
2585 1801 2814 1870 variam,
2861 1807 2913 1862 in
2940 1809 3155 1868 diversa
3189 1830 3390 1884 genera
3446 1820 3614 1879 difl'e-'

310 1867 456 1884 ιιι-Α...
531 1857 660 1884 ΝΑ-..
709 1878 811 1884 ---
869 1865 934 1884 ,ιε
962 1867 1010 1884 ηι
1082 1867 1124 1884 νιο
1165 1871 1176 1882 ι
1518 1879 1536 1884 -

307 1867 482 1914 creat.
529 1857 664 1915 Nam
709 1878 818 1918 non
865 1865 1013 1920 aliud
1069 1867 1304 1930 dicimus
1344 1888 1468 1934 esse
1517 1879 1540 1912 ³
1589 1884 1898 1952 consilium,

305 1959 524 2021 praeter
575 1953 908 2011 artificiosae
947 1961 1146 2016 mentis
1201 1978 1546 2038 conceptum.
1619 1971 1902 2035 Secundus

303 2042 494 2113 itaque
521 2053 704 2102 metus
729 2050 948 2107 animae
991 2063 1076 2109 est
1105 2057 1265 2123 ratio,
1297 2074 1442 2132 quae
1479 2063 1644 2122 veluti
1675 2069 1898 2139 quidam

299 2133 528 2190 obtutus
555 2137 936 2198 substantialis.
959 2144 1014 2199 in
1046 2147 1231 2204 animo
1266 2151 1608 2226 intelligitur,
1637 2133 1710 2216 ac
1731 2163 1896 2218 veluti

300 2238 394 2278 ars
411 2227 482 2280 ab
506 2227 623 2299 ipso
667 2230 735 2286 de
762 2232 939 2302 seipse
968 2235 990 2268 ³
1038 2237 1093 2292 in
1137 2241 1316 2313 seipse
1347 2247 1547 2318 genita,
1593 2251 1647 2306 in
1677 2267 1782 2323 qua
1810 2271 1893 2322 ea,

299 2328 444 2384 quae
467 2317 593 2372 vult-
619 2319 826 2389 facere,
878 2331 1188 2395 praenoscit
1213 2333 1234 2364 ³
1263 2344 1320 2390 et
1361 2317 1710 2410 ipraecondit:
1745 2345 1896 2404 ldee-

298 2419 406 2474 que
433 2424 541 2464 non
569 2410 844 2472 immerito
887 2416 1058 2476 forma
1090 2423 1207 2494 ejus
1237 2429 1585 2502 nominatur;
1621 2436 1892 2508 siquidem

295 2494 416 2568 ipse
453 2515 550 2572 per
573 2519 633 2560 se
661 2499 838 2577 ipsum
865 2510 1177 2582 incognitus
1202 2527 1308 2586 est,
1342 2523 1438 2577 sed
1485 2524 1540 2580 in
1567 2543 1663 2584 sua
1690 2529 1887 2600 forma,

294 2603 438 2659 quae
461 2602 546 2648 est
587 2597 751 2661 ratio,
792 2609 848 2656 et
878 2603 984 2660 sibi
1013 2605 1113 2677 ipsi
1138 2615 1194 2664 et
1222 2610 1342 2666 aliis
1385 2629 1650 2686 apparere
1679 2597 1887 2693 incipit.

293 2677 430 2736 Nam
451 2689 1094 2776 quemadmodum-causa
1118 2701 1362 2758 omnium
1389 2721 1488 2777 per
1507 2709 1764 2782 seipsam,
1787 2730 1890 2772 nec

289 2785 324 2829 ι
345 2771 546 2844 seipse,
571 2793 674 2834 nee
703 2782 774 2836 ab
797 2773 980 2854 aliquo
1018 2787 1248 2874 inveniri
1287 2771 1488 2864 potest,
1515 2771 1644 2873 quid
1674 2804 1785 2874 sit;
1831 2808 1886 2863 in

289 2864 406 2921 suis
421 2881 558 2923 vero
585 2871 928 2945 Ibeopbaniis
961 2865 1361 2950 quodammodo
1390 2895 1740 2962 cognoscitur
1769 2917 1782 2953 :
1809 2899 1885 2957 ita

288 2959 620 3032 intellectus,
646 2970 740 3039 qui
789 2987 1005 3044 semper
1049 2979 1198 3035 circa
1243 2997 1370 3038 eum
1419 2987 1674 3057 volvitur,
1729 3001 1784 3048 et
1814 2996 1884 3050 ad

287 3049 409 3121 ejus
432 3053 726 3126 imaginem
763 3063 988 3120 omnino
1029 3069 1263 3127 similem
1295 3077 1550 3136 conditus
1583 3091 1686 3148 est,
1723 3099 1824 3140 nec
1847 3101 1877 3141 a

287 3157 348 3198 se
377 3144 516 3215 ipso,
559 3153 758 3208 necab
803 3153 988 3227 aliquo
1015 3159 1242 3232 intelligi
1285 3177 1485 3236 potest,
1540 3144 1794 3244 quidsit,
1819 3179 1876 3234 in

287 3235 500 3293 ratione
531 3249 737 3308 autem,
781 3259 922 3314 otiae
951 3251 1032 3304 'de
1077 3257 1196 3320 ipso
1222 3253 1244 3286 ³
1265 3235 1532 3326 nascitur,
1559 3235 1750 3336 incipit
1785 3283 1876 3340 ap-

283 3338 499 3396 parere.
527 3325 684 3398 Quod
725 3348 855 3389 vero
887 3337 1022 3404 dixi,
1049 3356 1270 3400 causam
1323 3351 1566 3408 omnium
1591 3366 1647 3410 et
1675 3357 1883 3416 intelle-

286 3425 436 3474 ctutu
477 3434 508 3473 a
539 3423 734 3493 seipsis
765 3429 1146 3503 noniutelligi,
1189 3438 1318 3507 quid
1367 3441 1498 3511 sint,
1525 3461 1632 3516 qua
1660 3452 1877 3512 ratione

283 3520 465 3578 potest
485 3526 628 3581 esse,
661 3517 834 3588 paulo.
865 3531 987 3591 post
1039 3529 1496 3592 considerabitur.
1537 3538 1616 3594 De
1640 3549 1878 3604 secundo

283 3612 456 3674 metu,
480 3607 608 3676 quid
638 3609 740 3676 sit,
761 3615 818 3666 et
858 3615 1002 3673 unde
1045 3620 1310 3692 originem
1349 3629 1512 3687 ducat
1542 3631 1584 3699 ‘,
1635 3639 1771 3694 satis
1801 3642 1879 3698 di~

279 3702 453 3764 ctum,
477 3708 538 3754 ut
560 3697 772 3772 opinor.
803 3705 952 3765 Drsc.
983 3711 1079 3768 Sat
1116 3715 1294 3786 plane.

351 3785 494 3846 llas.
525 3789 746 3851 Tertius
767 3798 954 3870 itaque
991 3797 1378 3880 restatmotus,
1404 3818 1496 3887 qui
1523 3820 1667 3878 circa
1689 3826 1874 3898 singu-

1367 3873 1378 3880 .
1419 3873 1438 3887 .
1530 3873 1667 3878 -m—
1689 3873 1845 3898 --ηυυ-

277 3873 360 3938 las
386 3881 770 3954 singularum"
810 3906 998 3950 rerum
1043 3899 1302 3970 rationes,
1347 3922 1490 3976 quae
1529 3913 1867 3986 simpliciter,

275 3969 385 4027 hoc
415 3983 518 4041 est,
564 3979 952 4040 univcrsaliter
974 3989 1027 4042 in
1053 3991 1494 4060 primordialibus
1517 4007 1702 4082 causis
1733 4025 1866 4066 con-

273 4063 420 4122 ditae
445 4079 589 4135 sunt,
618 4083 892 4144 versatur,
933 4087 1008 4147 et,
1047 4095 1172 4140 cum
1209 4103 1276 4144 ex
1303 4093 1642 4154 sensibilium
1687 4119 1870 4161 rerum

267 4153 579 4226 pbuutasiis
599 4178 694 4232 per
717 4171 1054 4229 exteriOrem
1066 4189 1286 4234 sensum
1317 4183 1420 4241 sibi
1445 4189 1718 4249 nunciatis
1749 4195 1866 4254 rne-

273 4253 362 4304 tus
385 4250 472 4305 sui
495 4253 869 4316 substantialis
890 4275 1069 4322 sumat
1089 4271 1396 4342 exordium,
1425 4279 1493 4335 ad
1512 4286 1868 4354 purissimam

267 4353 462 4398 rerum
511 4346 756 4404 oumiur‘n
800 4351 1185 4416 discretionem
1217 4379 1318 4436 per
1345 4346 1586 4430 rationes
1615 4383 1866 4453 proprias

265 4431 324 4486 in
353 4436 620 4494 essentiss
653 4445 1116 4519 generalissimas,
1147 4454 1312 4527 inque
1329 4475 1528 4530 genera
1555 4431 1863 4539 generis-ilio-

266 4539 352 4592 ra,
384 4527 580 4586 deinde
605 4531 660 4588 in
689 4532 896 4594 formas
925 4545 1245 4618 speciesque
1273 4527 1718 4629 specialissitnas,
1755 4567 1859 4626 hoc

261 4625 372 4685 est,
402 4618 462 4674 in
479 4637 739 4681 numeros
755 4627 1186 4695 innumerabiles
1209 4642 1582 4721 inﬁnitasque;
1608 4654 1864 4716 immuta-

259 4707 467 4768 hilibus
479 4721 660 4770 tamen
684 4729 916 4796 naturae
935 4741 1069 4784 suae
1089 4733 1354 4808 analogiis
1373 4707 1856 4818 ﬁniiosipervcnit.

259 4800 334 4858 Et
367 4803 459 4860 ille
487 4817 667 4866 motus
688 4822 796 4880 est,
822 4818 912 4886 qui
934 4834 1130 4890 graece
1151 4800 1350 4889 διάᾷια
1387 4835 1469 4892 vel
1495 4800 1742 4918 lvipyua,
1777 4847 1859 4904 la-

1643 4892 1742 4912 -...,
1777 4892 1826 4904 ...

261 4892 380 4948 tino
401 4909 534 4952 vero
581 4914 777 4959 sensus
804 4907 888 4961 vel
931 4915 1182 4980 operatio
1231 4933 1486 4995 vocatur;
1521 4892 1698 5002 ipsum
1736 4939 1858 4996 dico

259 4997 506 5054 sensum,
531 4991 622 5059 qui
651 4993 1032 5063 substantialis
1062 5018 1166 5074 est,
1186 5017 1241 5066 et
1269 4991 1518 5086 interior,
1541 4991 1638 5094 qui
1664 5027 1855 5086 simili-

261 5085 348 5132 ter
375 5079 445 5134 ab
475 5079 749 5141 intellectu
773 5095 1016 5161 procedit
1045 5114 1141 5169 per
1163 5106 1450 5166 rationem.
1479 5079 1654 5176 Ouine
1678 5122 1854 5196 siqui-

261 5164 382 5196 ΑΔ...
438 5173 580 5196 .......ι
623 5175 770 5196 :_._u
843 5191 854 5196 -
1148 5194 1156 5196 _

257 5164 406 5234 dem,
435 5173 582 5240 quod
621 5175 928 5240 intellectus
964 5164 1510 5260 ex-primordiaJium
1563 5164 1850 5272 cattsa‘t‘um

209 5272 216 5278 '
256 5261 512 5332 gnostico
529 5271 778 5326 contuitu
799 5275 904 5332 arti
926 5293 1078 5350 suae,
1103 5286 1210 5343 hoc
1227 5299 1333 5356 est,
1357 5297 1558 5356 rationi
1589 5302 1854 5376 imprimit

254 5363 588 5423 persensqu
613 5376 859 5422 euumex
891 5384 948 5426 se
971 5379 1380 5454 procedentem,
1405 5390 1635 5464 ejusque
1656 5363 1852 5469 opera;

2007 1882 2321 1954 rentinsque
2357 1890 2682 1956 praedictas,
2715 1894 2956 1968 aliasque
2984 1902 3128 1960 mille
3159 1906 3233 1968 ",
3263 1921 3456 1964 sensus
3476 1927 3598 1982 par-
3679 1935 3684 1940 ·

2005 1969 2156 2025 titur.
2189 1972 2247 2028 Id
2295 1975 2474 2046 ipsum
2521 1991 2605 2038 est
2655 1985 2710 2039 in
2758 1986 3137 2050 diﬂ'erentibns
3183 1995 3395 2066 formis,
3454 1969 3602 2073 quae

2002 2064 2247 2119 consulta
2273 2069 2484 2125 ratione
2509 2072 2556 2106 ⁸³
2577 2073 2632 2130 in
2661 2079 2952 2147 generibus
2971 2085 3084 2140 suis
3107 2103 3272 2144 unum
3293 2102 3437 2160 sunt,
3465 2112 3592 2154 scu-

2001 2168 2066 2208 su
2095 2163 2278 2213 tamen
2311 2172 2572 2230 operante
2608 2183 2708 2237 per
2743 2173 3036 2234 rationales
3064 2179 3442 2244 distinctiones
3472 2205 3501 2242 ιι
3531 2205 3594 2246 se

1999 2247 2231 2305 invicem
2263 2253 2646 2315 discernuntur
2685 2278 2699 2316 :
2729 2265 2833 2322 hoc
2861 2279 2964 2336 est,
2993 2287 3104 2342 quo
3136 2279 3294 2333 modo
3334 2283 3592 2340 naturali-

1997 2339 2103 2394 bus
2118 2343 2380 2411 motibus,
2401 2346 2582 2406 divina
2601 2357 2940 2424 providentia
2967 2339 3210 2434 regente,
3225 2367 3474 2440 iubente,
3499 2377 3590 2433 ad-

1996 2429 2360 2504 ministrante,
2395 2439 2450 2495 in
2481 2441 2746 2502 discretas
2789 2466 2972 2508 rerum
3003 2457 3468 2524 multiformitatcs
3505 2469 3590 2525 di~

1997 2521 2347 2596 videntur“,
2392 2533 2508 2604 ipse
2536 2537 2843 2600 intellectus
2894 2551 3168 2608 mediante
3219 2559 3431 2616 ratione
3488 2578 3591 2634 per

1993 2618 2512 2700 consubstantialem
2583 2631 2688 2689 sibi
2739 2651 2956 2698 sensum
3013 2644 3130 2699 sine
3184 2663 3374 2708 errore
3427 2654 3582 2714 inve~

1993 2712 2158 2786 stigat
2187 2726 2244 2772 et
2277 2725 2647 2796 persequitur,
2691 2734 2967 2807 certisque
3004 2743 3204 2813 regulis
3233 2754 3588 2826 cetnpreheu-

1995 2803 2068 2826 λε,
2142 2805 2280 2826 At.
2338 2813 2368 2826 ..
2559 2819 2574 2826 -
2641 2821 2652 2826 -
2710 2824 2718 2826 ς

1991 2803 2090 2860 dit.
2140 2805 2283 2879 Quid
2315 2813 2494 2873 dicam
2540 2819 2608 2874 de
2638 2803 3176 2906 infinitis—numeris,
3227 2803 3586 2914 qui,rquanto

1989 2896 2264 2960 interioris
2291 2921 2484 2966 sensus
2507 2915 2726 2974 actione
2749 2921 2864 2977 sive
2887 2923 2940 2978 in
2957 2929 3159 2999 seipse,
3183 2933 3297 2989 sive
3323 2937 3375 2991 in
3401 2955 3582 3007 rerum

1987 3001 2180 3049 natura
2227 2999 2555 3073 multiplices
2599 3008 2749 3076 fiunt,
2796 3022 2947 3074 tanto
2977 3023 3191 3080 ratione
3235 3032 3580 3090 considerata

1987 3082 2042 3138 in
2080 3089 2192 3143 suis
2261 3091 2455 3153 formis
2521 3103 2904 3174 universalitcr
2943 3122 2996 3168 et
3047 3117 3367 3188 simpliciter
3413 3143 3582 3186 unum

1989 3180 2152 3236 sunt?
2191 3181 2262 3239 Et
2285 3201 2346 3242 ut
2375 3189 2612 3250 breviter
2632 3197 2973 3271 colligamus,
3013 3180 3370 3286 quodcunque
3399 3222 3581 3279 anima

1981 3284 2082 3338 per
2115 3273 2348 3342 primum
2374 3295 2770 3357 suummotum,
2793 3295 2886 3364 qui
2909 3307 2994 3354 est
3014 3273 3339 3374 intellectus,
3375 3312 3442 3366 de
3469 3314 3582 3372 Dee

1979 3369 2036 3416 et
2059 3363 2106 3398 ⁸³
2126 3367 2566 3437 primordialibus
2601 3383 2782 3439 causis
2832 3387 3175 3450 uuiferntiter
3208 3409 3262 3453 et
3299 3403 3580 3464 universa—

1979 3452 2106 3510 liter
2127 3465 2429 3531 coguoscit,
2458 3473 2698 3529 secundo
2719 3489 2820 3532 suo
2845 3481 3043 3550 metui,
3068 3486 3160 3556 qui
3186 3497 3269 3544 est
3294 3495 3454 3561 ratio,
3480 3503 3577 3554 ee-

1979 3547 2102 3604 dem
2115 3557 2280 3610 modo
2300 3559 2644 3621 uniformiter
2671 3547 3161 3652 universaliterqne
3196 3547 3579 3660 infigitaéued

1976 3643 2162 3706 autem
2181 3667 2214 3708 a
2237 3657 2613 3726 superioribus
2635 3681 2736 3736 per
2765 3667 3102 3733 intellectum
3132 3680 3186 3736 in
3223 3686 3436 3744 ratione
3466 3689 3575 3746 for-

1975 3751 2185 3800 matum
2234 3749 2462 3822 accipit,
2495 3752 2600 3811 hoc
2647 3767 2819 3818 totum
2872 3765 2925 3820 in
2971 3767 3236 3829 discretas
3281 3783 3575 3850 essentias,

1979 3831 2031 3886 in
2055 3833 2290 3893 discreta
2315 3853 2542 3912 genera,
2569 3845 2623 3902 in
2647 3849 2893 3911 diversas
2911 3855 3136 3926 formas,
3163 3863 3218 3918 in
3243 3869 3572 3942 multiplices

1977 3929 2233 3985 iiumeres
2263 3945 2362 3999 per
2401 3950 2629 3996 sensum
2671 3939 3025 4006 inferioribus
3053 3951 3338 4016 effectibus
3380 3929 3572 4023 distrid

1972 4019 2114 4074 buit.
2142 4019 2211 4076 Et
2241 4033 2303 4078 ut
2333 4027 2575 4098 apertius
2615 4033 2816 4101 dicam,
2850 4043 3212 4116 quodcunque
3255 4053 3438 4110 anima
3468 4019 3571 4114 bu-

1971 4127 2132 4169 mana
2159 4131 2261 4188 per
2309 4119 2645 4181 intellectum
2685 4143 2845 4186 suum
2875 4133 2932 4188 in
2981 4138 3195 4196 ratione
3237 4159 3334 4201 sua
3361 4149 3432 4205 de
3458 4149 3572 4208 Deo

1973 4195 2151 4277 deque
2177 4223 2360 4265 rerum
2388 4213 2672 4286 principiis
2721 4221 3069 4284 uniformiter
3101 4237 3396 4306 cognoscit,
3427 4253 3574 4299 sem-

1969 4309 2070 4367 per
2094 4299 2445 4360 uniformiter
2487 4310 2752 4378 custodit;
2785 4317 3150 4392 quodcunque
3170 4299 3328 4384 vvere
3367 4299 3464 4402 per
3490 4351 3572 4396 ra-

1971 4390 2174 4448 tionem
2223 4394 2276 4450 in
2321 4399 2504 4456 causis
2538 4413 2705 4460 unum
2757 4417 2814 4464 et
2865 4390 3211 4474 uniformiter
3269 4390 3572 4485 subsistere

1889 4532 1941 4594 υ
1964 4487 2223 4558 perspicit
2253 4489 2296 4520 “
2313 4529 2332 4553 ,
2353 4489 2456 4548 boc
2483 4501 2656 4552 totum
2683 4513 2782 4568 per
2797 4516 3016 4560 sensum
3042 4507 3098 4563 in
3123 4525 3410 4572 causarum
3435 4519 3570 4578 effe-

1965 4586 2144 4644 ctibus
2189 4583 2562 4654 multipliciter
2584 4585 2626 4620 ⁸⁷
2651 4597 2712 4647 et
2737 4592 3086 4654 uniformiter
3107 4602 3153 4635 ¹⁸
3182 4604 3462 4682 intelligit;
3509 4625 3571 4670 et

1962 4681 2163 4736 iterum
2183 4685 2380 4744 totum,
2409 4677 2558 4754 quod
2601 4696 2704 4754 per
2747 4699 2970 4744 sensum
3000 4677 3382 4767 multipliciter
3403 4677 3560 4776 spar—

1963 4787 2088 4828 sum
2129 4771 2184 4826 in
2213 4769 2502 4827 effectibus
2546 4771 2818 4849 intelligit,
2849 4793 2950 4850 per
2989 4785 3260 4846 rationem
3294 4791 3349 4848 in
3381 4769 3564 4852 causis

1965 4877 2132 4918 unum
2161 4860 2514 4939 uniftirmiter
2541 4866 2846 4926 subsistere
2893 4877 3174 4946 perSpicit.
3211 4879 3405 4940 Omnia
3433 4901 3564 4946 vero

1964 4970 2032 5010 ex
2057 4969 2164 5009 una
2192 4953 2434 5010 omnium
2459 4955 2626 5026 causa
2648 4969 2704 5028 et
2725 4962 3197 5036 multiplicationis
3225 4989 3563 5042 momentum

1965 5045 2232 5120 incipere,
2263 5053 2320 5103 et
2342 5049 2570 5106 unitatis
2614 5052 3044 5126 simplicitatem,
3075 5071 3182 5132 qua
3213 5067 3268 5121 in
3296 5085 3361 5123 ea
3386 5081 3566 5128 aeter.

1965 5136 2163 5194 naliter
2191 5145 2248 5192 et
2301 5138 2824 5210 incommutabiliter
2849 5151 3170 5222 subsistunt,
3219 5159 3370 5218 nullo
3395 5167 3562 5230 modo

1961 5226 2255 5295 deserere,
2289 5231 2564 5304 totiusque
2602 5237 2688 5292 s'ui
2725 5249 2908 5298 motus
2961 5246 3124 5306 tinem
3153 5251 3210 5307 in
3247 5265 3368 5309 eam
3399 5265 3456 5314 et
3500 5259 3556 5316 in

1959 5335 2022 5378 ea
2059 5322 2380 5390 terminare,
2424 5341 2525 5396 per
2557 5328 2891 5390 intellectum
2928 5341 3222 5408 purissimo
3255 5349 3556 5418 cognoscit.

1963 5411 2036 5466 De
2087 5415 2260 5470 tribus
2299 5418 2517 5475 animae
2555 5425 2814 5494 motibus,
2863 5429 2971 5486 hoc
3000 5442 3106 5500 est,
3135 5435 3204 5492 de
3250 5436 3549 5510 intellectu,

1568 5483 1828 5550 VARIAE
1865 5496 2255 5561 LECTIONES

325 5538 723 5637 3.921653%
783 5551 956 5637 ,Ἕω
979 5558 1204 5637 δίςὶιῐιιιε
1223 5583 1335 5625 me
1357 5569 1398 5627 C
1421 5585 1521 5630 eu.
1595 5538 1680 5637 iii

251 5609 765 5718 ﬂexa-meb
782 5609 1656 5718 :3'risiﬁiiéigﬁﬁn‘ézinam:

253 5681 1752 5799 ﬁ‘ﬂsf'fstiiicil’etéﬁt“75375$3353"""‘iam

269 5755 300 5784 -'
317 5769 528 5826 semper
552 5755 1139 5880 ἰιέῖβιτηὶιεν
1147 5755 1486 5856 iniiinii
1493 5758 1626 5848 .om.
1651 5755 1752 5852 IK.“
1765 5755 1924 5860 "si;

629 5845 829 5880 “nam,
935 5877 942 5880 Α

573 5825 830 5896 rma;
896 5825 1156 5913 CXX“.
