4230 6068
239 290 243 293 ~
268 255 388 331 ‘38]

1664 114 1696 123 -δ

1115 250 1207 313 ne
1241 246 1586 315 omsmue
1636 246 1990 324 Naronae.
2026 235 2099 321 4;-
2131 247 2338 308 LIBER
2375 248 2760 310 SECUNDUS.

3476 252 3583 311 sse
3608 230 3611 235 λ

253 426 266 432 ,
289 364 462 422 tusin
494 361 813 435 corporibus
856 359 1526 443 ttatur'alibustsecundus
1562 378 1618 431 tn
1656 361 1883 442 cavita,
1913 368 1965 429 Α
1988 365 2248 429 continet,
2268 366 2530 436 quantum
2554 366 2798 430 mortalis
2813 363 3078 438 fragilitas
3101 366 3271 438 ipsius
3286 369 3580 439 permittit.

288 471 396 528 qua
426 455 571 525 ligna
601 455 906 529 herbaeque
928 456 944 486 ⁸
972 464 1043 524 et
1066 456 1342 529 vivuntet
1369 462 1654 533 crescunt;
1690 453 1887 526 tertius

280 551 349 606 in
381 550 405 582 ³
447 550 912 616 irrationabilibus
959 550 1355 627 animantibus;
1407 558 1636 621 quartus
1664 548 1888 619 proprie

282 643 347 697 in
380 642 660 717 humana;
691 643 914 718 quintus
961 643 1015 699 in
1055 642 1364 719 {angelica
1407 644 1740 714 conspicitur
1768 659 1888 701 .na-

262 743 437 787 νιιιτιι.
454 732 519 788 Et
540 732 562 764 ⁸
582 732 669 789 his
693 734 933 805 quinque
953 734 1211 806 gradibus
1233 734 1287 789 in
1318 735 1611 804 condendis
1630 735 1699 805 de
1720 734 1889 800 nihilo

258 818 267 825 ’
295 826 457 880 rebus
486 840 731 881 summae
762 840 828 880 ac
866 834 1088 889 sanctae
1114 823 1396 899 Trinitatis
1438 825 1653 881 bonitas
1680 824 1890 903 perspi-

291 918 438 972 citur
481 918 536 984 ',
590 918 981 991 inclﬁtbilisque
1030 918 1292 988 .operatio
1338 917 1779 987 manifestatur...
1811 918 1890 973 Ea

295 1023 427 1065 vero
455 1010 693 1075 trinitas,
739 1024 883 1085 quae
922 1010 975 1064 in
1006 1018 1194 1083 nostra
1239 1018 1433 1080 natura
1474 1010 1565 1066 ad.
1595 1009 1890 1085 imaginem

282 1096 572 1156 Creatoris
599 1101 817 1157 condita
839 1100 898 1167 ‘,
926 1101 1061 1156 nihil
1087 1104 1235 1159 creat
1265 1100 1333 1156 de
1362 1099 1554 1169 nihilo.
1578 1100 1719 1171 illud
1741 1102 1890 1157 enim

293 1189 464 1247 solius
493 1190 585 1246 Dei
615 1200 806 1255 est,.et
830 1191 1030 1255 nullius
1054 1200 1360 1263 creaturae.
1386 1191 1598 1264 Duplex
1619 1207 1748 1251 vero
1772 1192 1892 1265 ejus

292 1284 444 1339 actio
481 1283 740 1339 videtur:
793 1293 890 1339 aut
936 1283 1082 1339 enim
1134 1299 1215 1347 ea,
1243 1299 1386 1355 quae
1431 1284 1501 1341 de
1545 1284 1718 1349 nihilo
1761 1299 1919 1339 suus.

293 1371 526 1429 Creator
559 1373 819 1438 condidit,
874 1373 1288 1430 rationabilibus
1330 1373 1893 1444 intellectualibusque

290 1463 408 1519 suis
435 1464 675 1520 motibus
723 1463 1033 1537 investigat,
1070 1452 1322 1539 etquae
1353 1466 1410 1521 in
1460 1476 1659 1535 natura
1706 1481 1892 1536 rerum

289 1577 429 1634 puro
465 1558 856 1638 intelligentiae
879 1558 1125 1615 contuitu
1154 1559 1454 1632 cognoscit,
1487 1559 1543 1619 in
1575 1559 1789 1619 intimis
1803 1575 1893 1615 ra-

291 1653 459 1710 tionis
505 1668 639 1711 suae
687 1648 908 1713 sedibus
964 1649 1257 1721 disponit,
1284 1652 1640 1724 omniumque
1674 1667 1886 1719 rerum,

2060 454 2152 511 25.
2194 456 2303 510 Sed
2333 456 2471 518 vide,
2505 472 2575 512 ne
2593 472 2660 512 ex
2688 458 2731 489 “
2762 458 2850 513 bis
2878 458 3178 515 rationibus
3201 460 3428 531 incipias
3455 475 3587 515 con~

1985 547 2175 617 jicere,
2207 549 2421 603 animae
2451 551 2495 580 "
2529 552 2855 606 creationem
2890 551 3169 621 temporali
3194 544 3582 623 quodantspa-

1993 640 2067 693 tio
2093 639 2456 695 conditionem
2477 642 2720 711 corporis
2739 642 3034 713 Spiritualis
3057 652 3184 700 ante
3206 651 3484 715 peccatum
3514 644 3588 708 t',

1992 734 2336 804 praecedere.
2380 733 2503 788 Sola
2539 735 2804 805 siquidem
2845 734 3107 807 dignitate
3149 734 3585 808 excellentiaque

1992 833 2222 879 naturae
2249 827 2525 894 praecedit
2546 827 2726 880 anima
2754 842 2974 897 corpus,
3003 842 3109 885 non
3138 837 3318 884 autem
3346 828 3469 883 loco
3501 828 3587 882 vel

1995 924 2269 1019 amputa;
2298 916 2456 969 simul
2482 916 2628 972 enim
2674 932 2739 971 ac
2779 918 2949 973 semel
2980 917 3044 979 itt‘
3084 918 3174 973 illo
3201 934 3309 977 uno
3348 921 3587 987 homine.

1994 1006 2087 1075 qui
2113 1006 2180 1060 ad
2214 1004 2515 1078 imaginem
2558 1006 2650 1063 Dei
2693 1008 2869 1065 factus
2890 1017 2995 1074 est,
3020 1011 3262 1073 omnium
3302 1004 3592 1071 hominum

1994 1097 2232 1152 rationes
2254 1100 2548 1154 secundum
2571 1115 2770 1169 corpus
2788 1108 2843 1156 et
2870 1100 2916 1133 ⁸³
2937 1102 3172 1157 animam
3199 1112 3421 1159 creatae
3441 1115 3590 1168 sunt.

1992 1189 2150 1247 Nullo
2177 1190 2325 1247 enim
2358 1192 2401 1224 "
2432 1194 2591 1256 modo
2630 1192 2784 1262 juxta
2814 1208 2994 1255 moras
3024 1203 3325 1266 temporum
3353 1196 3595 1256 essentia

1994 1282 2211 1338 animae
2245 1284 2491 1354 corporis
2518 1286 2848 1349 essentiam,
2895 1287 3037 1341 sicut
3080 1302 3182 1341 nec
3222 1288 3472 1357 corporis
3503 1301 3592 1344 es.

1993 1373 2172 1448 sentin
2205 1374 2420 1435 animae
2437 1376 2727 1439 essentiam
2758 1377 3054 1449 praecedit.
3089 1378 3156 1433 Et
3185 1395 3255 1434 ne
3293 1394 3380 1436 me
3407 1380 3599 1437 existi-

1995 1480 2114 1520 mes
2155 1465 2221 1531 “,
2251 1466 2483 1537 primum
2532 1465 2661 1537 illud
2689 1467 2977 1534 essentiale
3007 1485 3206 1540 corpus
3250 1468 3305 1525 in
3343 1470 3598 1543 paradiso

1995 1554 2274 1613 conditum
2300 1598 2315 1621 ,
2350 1558 2463 1612 sola
2498 1567 2676 1621 tamen
2718 1546 2927 1615 ratione
2957 1560 3133 1615 adhuc
3178 1558 3381 1617 factum
3408 1601 3422 1625 ,
3453 1561 3597 1617 sicut

1998 1651 2055 1700 et
2084 1646 2199 1717 ipsa
2227 1647 2409 1702 anima
2435 1648 2571 1704 -—-iu
2602 1648 2719 1719 ipso
2739 1650 2937 1723 quippe
2962 1652 3199 1722 generali
3224 1662 3279 1707 et
3305 1651 3596 1709 universali

288 1758 428 1815 quas
467 1753 647 1814 potest
700 1760 1068 1816 cognoscere,
1110 1740 1450 1819 cognitiones
1489 1751 1587 1798 aut
1630 1742 1686 1798 in
1729 1758 1895 1799 unum
1929 1725 1973 1785 Β
2000 1735 2222 1793 homine
2248 1738 2319 1794 ad
2349 1737 2643 1810 imaginem
2686 1741 2776 1796 Dei
2828 1739 2975 1800 laeto
3005 1758 3197 1800 onmes
3238 1730 3486 1801 homines
3511 1759 3599 1801 se-

287 1833 518 1906 colligit,
537 1834 685 1891 verbi
706 1836 878 1909 gratia
892 1851 1092 1907 genera
1117 1838 1173 1893 in
1197 1832 1462 1906 essentia,
1492 1831 1698 1900 fortnas
1722 1832 1777 1888 in
1805 1832 1898 1905 ge-

290 1940 445 1990 nere,
474 1941 733 1982 numeros
763 1927 1166 1985 individuorum
1194 1930 1250 1985 in
1286 1928 1461 1986 forma
1483 1930 1766 1999 scientiae,
1790 1947 1883 1995 aut

289 2034 460 2075 mnnu
490 2018 641 2086 facit,
666 2028 763 2074 aut
794 2021 1169 2092 multipliciter
1189 2022 1402 2087 dividit,
1436 2024 1682 2098 singulas
1704 2027 1892 2099 cogni-

291 2111 471 2169 tiones
514 2098 742 2193 singulis
791 2114 993 2181 rebus,
1040 2130 1273 2186 quarum
1343 2118 1683 2189 cognitiones
1734 2098 1891 2185 sunt,

288 2206 644 2271 distribuens,
674 2206 790 2265 hoc
836 2215 940 2272 est,
994 2216 1055 2263 ut
1103 2208 1296 2265 eodem
1362 2210 1609 2282 exemplo
1652 2220 1892 2276 utamur,

289 2298 589 2354 essentiam
629 2300 686 2354 in
723 2315 924 2371 genera
949 2341 964 2365 ,
993 2315 1166 2371 genus
1212 2301 1267 2358 in
1298 2302 1522 2370 formas,
1566 2302 1798 2360 formam
1840 2305 1896 2361 in

289 2373 571 2447 individua
604 2380 849 2462 gnostica
884 2394 1201 2463 operatione
1246 2384 1568 2452 discernens
1593 2398 1636 2453 ⁷.
1664 2397 1731 2453 Et
1762 2400 1897 2455 haec

288 2490 378 2538 est
424 2481 744 2553 principalis
773 2497 1096 2555 summaque
1127 2486 1410 2552 rationalis
1449 2496 1675 2544 naturae
1702 2504 1898 2559 opera-

290 2575 390 2630 tio.
417 2572 668 2631 Secunda
700 2589 831 2631 vero
856 2583 959 2647 est,
983 2592 1145 2649 quae,
1168 2587 1227 2634 ut
1246 2577 1504 2646 diximus,
1537 2583 1594 2636 in
1620 2582 1897 2640 creatione

287 2665 376 2721 sui
420 2664 667 2738 corporis
711 2666 1087 2741 cognoscitur,
1114 2669 1280 2741 inque
1317 2670 1438 2742 ejus
1483 2672 1718 2729 sollicito
1748 2675 1896 2746 regi-

292 2756 445 2813 mine
488 2757 754 2828 aperitur.
794 2759 983 2829 Primo
1021 2760 1289 2831 siquidem
1337 2765 1624 2821 materiam
1669 2766 1790 2837 ejus
1826 2782 1895 2823 ex

290 2850 652 2921 qualitatibus
689 2867 879 2908 rerum
919 2853 1259 2923 sensibilium
1298 2857 1519 2928 accipit,
1550 2858 1712 2931 eique
1748 2859 1896 2915 nullo

291 2944 580 3015 temporali
606 2944 786 3017 spatio
818 2944 1140 3016 interposito
1167 2947 1402 3025 formam
1430 2948 1752 3021 vitalemque
1779 2967 1900 3011 mo-

291 3044 411 3092 tum
429 3036 455 3070 ⁸
472 3038 887 3105 accommodat,
916 3052 1027 3110 quo
1052 3039 1232 3111 ipsam
1267 3042 1552 3117 materiam
1575 3028 1630 3100 et
1655 3044 1895 3102 vivilicat

286 3136 349 3185 et
374 3128 565 3193 nutrit,
585 3127 751 3200 inque
774 3099 1064 3202 augmenta
1077 3099 1368 3201 perfectae
1394 3099 1636 3191 staturae
1658 3099 1757 3207 per
1920 3099 1966 3161 Ο

289 3217 740 3275 meroslocorum
773 3230 830 3274 et
852 3228 1155 3291 temporum
1185 3222 1471 3293 provehit,
1504 3239 1727 3293 sensum
1755 3241 1893 3297 quo-

288 3330 403 3388 que
439 3316 771 3372 exteriorem
818 3315 867 3371 ei
904 3326 1170 3389 praestat,
1197 3332 1296 3388 per
1325 3333 1487 3390 quem
1515 3320 1760 3377 omnium
1791 3335 1892 3378 .re-

292 3424 442 3476 rum,
470 3424 608 3481 quas
628 3408 966 3465 extrinsecus
987 3408 1223 3481 attingit,
1252 3411 1571 3483 phantasias
1594 3412 1805 3485 recipit,
1837 3422 1895 3470 et

292 3510 509 3569 cetera,
556 3516 698 3573 quae
724 3502 793 3557 de
833 3499 1198 3557 sollicitudine
1241 3502 1459 3560 assidua
1487 3503 1895 3576 continentique

292 3597 514 3654 actione
547 3594 763 3650 animae
782 3593 927 3650 circa
946 3609 1147 3665 corpus
1171 3609 1329 3650 suum
1362 3610 1558 3668 resque
1578 3611 1893 3668 corporeas,

290 3686 410 3744 sive
442 3684 693 3743 sensibus
719 3698 979 3756 praesens
1004 3684 1306 3756 vigilando,
1336 3686 1452 3742 sive
1479 3687 1551 3744 ab
1575 3686 1657 3744 eis
1685 3698 1898 3753 remota

210 3800 217 3805 η
290 3775 653 3841 dormiendo,
703 3774 1076 3847 imaginesque
1121 3791 1342 3843 rerum,
1382 3793 1518 3851 quas
1554 3794 1654 3850 per
1704 3794 1896 3835 sensus

293 3869 577 3935 hauserat,
603 3882 790 3925 secum
816 3868 1119 3924 tractando.
1151 3878 1248 3925 aut
1292 3870 1557 3943 imagines
1598 3868 1892 3943 imaginum

291 3961 575 4038 tingendo,
602 3969 700 4019 aut
734 3959 990 4015 alimenta
1021 3962 1346 4032 corporalia,
1384 3978 1527 4035 quae
1556 3965 1895 4021 extrinsecus

232 4082 235 4085 -
292 4055 354 4113 in
377 4054 688 4113 aedilicium
714 4049 961 4125 corporis
980 4055 1211 4127 accipit,
1237 4070 1333 4127 per
1358 4054 1605 4112 occultos
1632 4070 1893 4113 venarum

291 4159 698 4216 nervorumque
734 4155 962 4213 meatus,
991 4162 1127 4218 quos
1150 4144 1346 4202 Graeci
1372 4159 1537 4216 poros
1558 4144 1639 4200 vel
1662 4144 1893 4201 arterias

292 4234 588 4310 appellant,
617 4236 1026 4299 distribuendo.
1062 4244 1119 4292 et
1152 4236 1379 4307 cogitari
1410 4246 1467 4291 et
1493 4236 1721 4306 intelligi
1762 4250 1890 4308 pos-

292 4337 442 4386 sunt.
475 4324 551 4384 Ut
586 4328 733 4385 enim
770 4343 985 4387 summa
1012 4328 1257 4386 Trinitas
1285 4327 1693 4385 universitatem
1723 4329 1891 4383 totius

292 4428 612 4483 creaturae,
656 4434 822 4490 quam
879 4420 947 4476 de
982 4420 1156 4478 nihilo
1192 4405 1465 4484 condidit,
1512 4418 1888 4491 providentiae

293 4518 428 4569 suae
453 4511 654 4583 regulis
692 4520 910 4579 movet,
956 4511 1111 4583 regit,
1140 4510 1380 4574 ordinat,
1409 4520 1466 4567 et
1506 4509 1643 4567 nihil
1667 4510 1847 4582 perire
1869 4551 1883 4577 ,

290 4601 399 4661 hoc
444 4610 567 4671 est,
602 4602 824 4674 penitus
873 4602 942 4659 ad
980 4601 1211 4659 nihilum
1242 4601 1454 4666 redire,
1491 4614 1556 4656 ex
1597 4600 1715 4667 his,
1745 4615 1889 4673 quae

290 4692 556 4759 condidit,
586 4693 747 4761 sinit;
773 4692 848 4749 ita
868 4692 890 4725 ’
913 4704 1133 4750 nostrae
1155 4700 1383 4749 naturae
1419 4689 1651 4757 trinitas
1666 4692 1888 4749 univer-

294 4784 445 4844 sitati
475 4785 721 4856 corporis
744 4784 827 4841 sui
847 4786 1201 4858 omniumque
1231 4797 1488 4840 sensuum
1520 4779 1638 4853 ejus
1676 4782 1888 4840 incolu-

1914 4464 1970 4529 Ι)

2004 1826 2243 1886 cundum
2282 1844 2481 1902 corpus
2508 1841 2563 1886 et
2603 1833 2843 1905 animam
2890 1836 3053 1901 simul
3086 1844 3141 1892 et
3177 1837 3359 1892 semel
3385 1838 3437 1895 in
3481 1837 3601 1909 sola

2000 1921 2359 1993 possibilitate
2402 1924 2621 1980 condita
2678 1935 2805 1995 sunt
2830 1927 2894 1994 ",
2926 1936 2980 1984 et
3014 1926 3070 1983 in
3105 1929 3222 2000 ipso
3250 1946 3438 1987 omnes
3465 1947 3596 2005 pec-
3651 1950 3656 1955 ’

1999 2024 2283 2081 caverunt,
2309 2017 2623 2089 priusquam
2645 2019 2695 2075 in
2717 2021 2966 2092 proprias
2990 2023 3325 2092 substantias
3344 2025 3599 2097 spiritus.

1997 2114 2144 2182 liter,
2162 2111 2522 2187 sicutattgeli,
2544 2112 2857 2183 prodirent,
2876 2115 2978 2170 hoc
2998 2127 3102 2179 est,
3117 2127 3410 2187 antequam
3432 2134 3599 2176 unus-

1998 2206 2229 2278 quisque
2252 2207 2549 2280 secundum
2580 2203 2882 2282 angelicam
2905 2206 3404 2278 multiplicationem
3421 2208 3473 2261 in
3495 2221 3601 2265 sua

1998 2297 2237 2354 discreta
2284 2296 2592 2364 dili'erentia
2633 2300 2688 2355 in
2726 2300 2906 2361 anima
2944 2296 3198 2357 rationali
3239 2306 3293 2353 et
3328 2297 3597 2369 spirituali

1999 2407 2230 2463 corpore
2278 2402 2569 2465 appareret
2606 2410 2621 2461 ;
2670 2396 2815 2467 quod
2860 2396 3112 2454 videlicet
3153 2409 3353 2470 corpus
3417 2392 3604 2450 incor-

1999 2484 2254 2555 rupnbile
2276 2486 2627 2542 aeterna'iter
2644 2495 2701 2542 et
2723 2488 3374 2561 coaeternaliteranimae
3394 2490 3594 2546 adhae-

2002 2585 2169 2640 reret,
2197 2575 2243 2633 si
2269 2593 2375 2632 non
2401 2589 2673 2648 peccaret,
2700 2577 2755 2633 in
2779 2574 2888 2650 quo
2915 2594 3106 2636 omnes
3136 2580 3385 2636 homines
3411 2594 3597 2641 resur-

2002 2666 2205 2722 recturi
2262 2676 2391 2722 sunt
2414 2699 2485 2708 —
2522 2669 2593 2725 ab
2622 2670 2804 2725 anima
2841 2670 3026 2735 creari.
3042 2670 3263 2727 dixisse.
3293 2669 3424 2725 illud
3448 2657 3597 2728 enim

2002 2759 2071 2812 ab
2093 2773 2202 2813 uno
2223 2758 2464 2814 omnium
2478 2758 2739 2831 Creatore
2765 2759 3076 2816 immediate
3097 2761 3257 2816 simul
3283 2776 3407 2825 cum
3432 2760 3601 2820 ratio«

2000 2852 2108 2907 nali
2130 2853 2311 2908 anima
2331 2852 2385 2908 in
2406 2852 2628 2919 caelesti
2651 2853 3007 2920 beatitudine,
3032 2854 3199 2911 immo
3217 2856 3286 2915 ad
3306 2855 3598 2919 caelestem

1999 2944 2386 3003 beatitudinem
2414 2945 3159 3011 substantialiterconditum
3188 2956 3308 3015 est;
3338 2949 3603 3027 subsuta-

2003 3036 2203 3092 tialiter
2223 3046 2405 3092 autem
2450 3038 2608 3105 dico,
2651 3038 2780 3110 quia
2826 3039 3256 3120 uniuscujusque
3310 3036 3600 3100 creaturae

1998 3142 2127 3183 vera
2170 3136 2256 3183 est
2302 3129 2607 3185 substantia
2665 3145 2764 3195 sua
2811 3128 2868 3186 in
2924 3131 3367 3201 primordiahbns
3418 3128 3601 3193 causis
3698 3152 3713 3165 κ

1997 3221 2371 3294 praecognita,
2422 3218 2888 3292 praeconditaque
2917 3221 2961 3256 “
2989 3222 3148 3286 ratio,
3176 3238 3283 3293 qua
3328 3224 3471 3281 Deus
3498 3224 3599 3281 de-

1996 3310 2189 3378 ﬁnivit,
2216 3312 2297 3367 sic
2327 3321 2382 3367 et
2409 3328 2516 3369 non
2544 3311 2703 3367 aliter
2729 3312 2853 3369 erit.
2876 3312 2958 3369 Ad
2981 3314 3272 3377 caelestem
3299 3312 3600 3377 "beatitu-

1997 3394 2179 3460 dinem
2205 3419 2422 3475 quoque
2451 3403 2603 3471 dixit;
2638 3418 2745 3460 non
2770 3405 2914 3467 enim
2946 3405 3122 3471 video,
3149 3421 3310 3477 quem
3327 3407 3416 3464 )do
3434 3407 3601 3467 homo

1998 3495 2387 3553 beatitudinem
2411 3495 2686 3567 perderet,
2713 3494 2758 3552 si
2782 3511 2904 3562 eam
2930 3512 2989 3551 re
3016 3498 3133 3574 ipsa
3153 3498 3310 3575 plene
3332 3488 3601 3571 perfecte-

1999 3601 2105 3658 que
2130 3597 2390 3661 gustaret.
2417 3586 2578 3644 Prius
2601 3589 2769 3663 enim,
2798 3598 2860 3655 ut
2887 3591 3157 3671 arbitror,
3184 3593 3254 3649 ad
3287 3608 3350 3650 se
3391 3582 3593 3671 ipsum.

2000 3694 2165 3750 quam
2188 3682 2256 3737 ad
2282 3672 2451 3740 Deum
2476 3696 2773 3738 conversus
2800 3692 2914 3750 est,
2947 3692 3111 3755 atque
3136 3685 3182 3717 ὀ
3225 3686 3347 3743 ideo
3387 3670 3593 3758 lapsus.

1999 3768 2116 3831 Hoc
2142 3785 2271 3826 vero
2295 3784 2493 3853 corpus
2510 3770 2865 3844 corruptibile
2911 3787 2977 3829 ac
3009 3775 3291 3837 materiale
3313 3818 3329 3842 ,
3360 3772 3506 3848 quod
3524 3792 3596 3834 ex

1977 3862 2131 3933 limo
2161 3873 2339 3935 terrae
2366 3872 2706 3936 assumptum
2744 3872 2846 3929 est,
2878 3871 2939 3920 ut
2973 3867 3224 3938 superius
3253 3867 3493 3927 diximus
3551 3871 3596 3935 ⁸.

2000 3962 2124 4026 post
2176 3962 2458 4025 peccatum
2488 3953 2686 4009 merito
2726 3945 2935 4026 peccati
2978 3955 3046 4018 ad
3087 3957 3499 4017 exercitandam
3535 3956 3591 4015 in

1999 4063 2068 4104 eo
2114 4048 2474 4123 negligentem
2523 4046 2762 4105 animam
2811 4061 2941 4119 erga
2984 4051 3362 4106 mandatorum
3404 4061 3593 4109 custo-

1996 4139 2173 4209 diam,
2233 4154 2469 4210 suasque
2531 4138 2777 4197 occultas
2828 4128 3175 4213 opet'atlones
3231 4144 3593 4213 rcvelandas,

1997 4233 2165 4289 veluti
2239 4232 2471 4304 quadam
2546 4232 2763 4304 propria
2839 4218 3056 4291 actione
3125 4235 3171 4267 "
3253 4237 3467 4295 animae
3535 4250 3597 4296 et

1996 4332 2242 4379 creatum
2293 4321 2461 4378 fuisse
2506 4312 2571 4377 et
2612 4322 2855 4405 quotidie
2903 4325 3101 4389 creari,
3154 4325 3427 4384 allirmare
3477 4344 3588 4385 non

1997 4413 2225 4470 haesito.
2267 4411 2423 4482 Quod
2464 4412 2609 4468 enim
2661 4402 2945 4484 Scriptura
2996 4432 3154 4474 sacra
3194 4419 3365 4475 Deum
3416 4412 3599 4479 lutunt
3700 4402 3705 4409 V

1992 4505 2061 4562 de
2102 4516 2247 4561 terra
2290 4505 2630 4578 sumpsisse,
2676 4505 2854 4580 deque
2888 4495 3190 4581 eo'corpus
3228 4510 3436 4571 homini
3473 4510 3590 4571 lor-

1992 4614 2172 4657 masse
2224 4598 2531 4671 perhibent,
2580 4615 2689 4677 non
2752 4608 2805 4655 te
2857 4602 3077 4658 movere
3121 4603 3299 4663 debet.
3344 4602 3483 4663 Nam
3532 4598 3594 4660 ct

1991 4691 2139 4749 actio
2183 4701 2469 4747 creaturae
2500 4691 2568 4747 ad
2594 4705 2718 4749 eum
2747 4731 2762 4757 .
2810 4707 3044 4771 extquo
3097 4695 3276 4749 omnis
3325 4696 3589 4753 naturalis
3676 4736 3685 4745 ρ

1961 4784 2137 4852 ,αειίο
2194 4781 2424 4856 incipit,
2486 4799 2594 4851 non
2653 4783 2928 4863 immerito
2990 4786 3244 4842 relertur.
3307 4786 3587 4863 Siquidem

234 4927 239 4931 .
294 4875 471 4934 mitati
502 4875 548 4909 ι’
574 4876 846 4950 providet,
895 4877 1177 4951 ipsumque
1205 4874 1444 4932 viviﬁcat
1500 4883 1557 4932 et
1600 4882 1803 4943 movet.
1833 4885 1892 4934 et
1995 4887 2054 4934 et
2084 4878 2140 4933 in
2165 4876 2492 4934 caelestibus
2527 4868 2781 4957 essentiis
2809 4876 3033 4965 aprit‘uo
3058 4880 3270 4946 ordine,
3303 4882 3396 4954 qui
3421 4880 3588 4945 “im~

1591 5052 1847 5109 vanus
1890 5034 2296 5111 Lacrimas.
2952 5062 2983 5105 ι
3078 5064 3085 5072 ·

278 5162 287 5167 ﬁ
360 5195 371 5227 '
411 5192 755 5266 Claninque.
828 5188 852 5222 ⁵
882 5189 937 5243 in
962 5201 1072 5266 om.
1104 5187 1165 5243 C.
1245 5186 1266 5219 ³
1290 5186 1574 5266 C_quintus
1599 5187 1775 5266 adhuc
1797 5186 1872 5243 in.
1950 5187 1973 5219 ‘
2002 5188 2046 5243 A
2077 5187 2180 5266 Er.
2237 5189 2280 5266 ‘_'
2312 5188 2356 5242 Α
2378 5188 2652 5266 aspicitur.
2731 5189 2758 5266 ‘_
2780 5189 3174 5266 Acsecottdita.
3252 5193 3273 5222 '
3296 5191 3336 5266 Α
3364 5192 3587 5266 colligit,

293 5268 389 5323 hoc
418 5273 494 5321 est
521 5275 576 5316 ut
606 5258 786 5317 eodem
806 5258 1303 5333 “amplectentur,
1328 5259 1608 5333 essentiam
1625 5260 1683 5333 in
1718 5275 1929 5333 genera,
1956 5275 2119 5333 genus
2146 5260 2199 5313 in
2224 5258 2449 5333 (brutus,
2473 5260 2697 5329 formam
2740 5261 2797 5315 in
2828 5261 3098 5317 indiuidua
3133 5264 3370 5331 gnostica
3401 5258 3590 5333 operai-

293 5337 436 5392 tione
467 5334 802 5404 discernens,
837 5339 928 5404 aut
958 5326 1315 5404 multipliciter
1344 5329 1551 5404 dividit,
1577 5326 1826 5404 singulas
1861 5326 2181 5399 cognitiones
2201 5326 2429 5404 singulis
2459 5326 2630 5404 rebus,
2667 5345 2893 5404 quorum
2936 5326 3251 5404 cognitiones
3279 5326 3443 5398 sunt,
3469 5336 3586 5391 dis-

294 5406 551 5469 tribuens,
603 5400 744 5456 uerbi
767 5397 1177 5471 gralic,_genera
1200 5397 1256 5471 in
1288 5400 1533 5471 essentia,
1563 5397 1765 5471 formas
1798 5400 1854 5454 in
1894 5397 2100 5471 genere,
2138 5397 2382 5471 numeros
2415 5397 2809 5471 individuorum
2854 5402 2912 5467 in
2952 5397 3124 5470 {arma
3168 5397 3423 5458 scientiae
3462 5417 3584 5460 arm

294 5491 459 5534 unum
491 5468 642 5545 (erit.
741 5468 1071 5545 [Aconteus
1099 5468 1311 5545 modum
1347 5468 1597 5539 (formant
1627 5470 1787 5543 non).
1864 5468 2024 5545 ’Pro
2050 5470 2126 5545 ita
2157 5468 2198 5527 C
2226 5473 2324 5526 hoc
2348 5481 2445 5545 est.
2538 5470 2585 5545 ξς
2626 5472 2667 5526 C
2700 5468 3082 5545 incolumitate.
3150 5473 3209 5545 ξι
3250 5489 3317 5528 ex
3353 5487 3465 5528 om.
3512 5481 3579 5530 Δ.

299 5539 516 5604 "And
543 5542 779 5598 animae.
854 5539 898 5571 ι’
930 5540 1222 5608 spiritualis
1272 5550 1393 5595 ante
1440 5542 1711 5609 peccatum
1748 5539 1869 5595 om.
1902 5540 1969 5594 Α.
2071 5539 2116 5572 ⁸⁸
2142 5552 2190 5595 et
2220 5556 2329 5597 om.
2374 5540 2435 5596 C.
2493 5540 2582 5576 λι
2626 5543 2783 5597 enim,
2840 5558 2949 5598 οιη,
3004 5542 3063 5597 (ς.
3145 5542 3188 5573 μ
3226 5544 3269 5597 Α
3312 5545 3580 5601 “mm”.

320 5614 589 5673 "condita
616 5620 738 5685 sunt
772 5612 969 5685 omit;
1051 5610 1094 5641 ιο
1118 5611 1182 5685 ΔΑ
1221 5612 1554 5683 conditaque.
1633 5611 1676 5643 η
1706 5611 1912 5667 caeleste

2007 5611 2253 5677 om._A.‘
2292 5612 2343 5681 ²⁹η
2386 5613 2431 5667 Δ
2470 5628 2556 5667 ac.
2634 5613 2676 5655 ἰ
2723 5622 2776 5667 ut
2824 5613 3064 5685 superius
3106 5614 3339 5670 diximus
3367 5620 3477 5671 om.
3510 5616 3580 5671 Α.

308 5696 352 5728 ιι
376 5696 417 5748 Α
453 5683 774 5756 operatione.
848 5679 894 5712 “
920 5681 961 5734 Α
990 5681 1148 5750 quod.

376 5906 407 5917 κ
