4230 6068
593 309 701 367 587

1952 307 2240 372 JOANNIS
2277 308 2478 370 ὃς.οΠ

3779 288 3894 356 588

587 427 714 499 giae
746 423 1048 499 disciplinis
1083 425 1102 459 ί
1129 426 1376 484 eruditus
1423 425 1761 498 interrogare
1792 434 2106 499 praesumat
2129 425 2198 482 de
2221 421 2278 491 Α
2300 421 2356 481 id
2390 432 2488 489 est,
2531 419 2798 479 raritatem
2835 419 2920 491 pie
2954 435 3021 473 ac
3061 415 3294 474 studiose
3335 395 3704 488 quaerentibus
3739 410 3890 467 inte-

591 515 775 578 divina
789 514 1115 581 substantia,
1131 516 1260 587 quid
1277 516 1498 582 sit,cum
1508 516 1805 587 purissime
1821 514 2105 584 intelligat,
2123 515 2190 572 de

595 603 713 674 ipsa
746 620 849 660 nec
876 603 1092 659 deliniri
1116 619 1296 675 posse,
1328 619 1426 661 nec
1454 604 1623 661 ullum
1653 620 1865 674 eorum,
1883 620 2024 679 quae
2039 612 2184 668 sunt,

592 708 746 760 esse,
798 694 1111 765 omniaque,
1166 713 1307 766 quae
1358 697 1571 753 deliniri
1602 705 1854 768 possunt,
1888 697 2187 769 superare?

591 785 735 842 Audi
762 784 1163 862 Nazianzcnum
1194 806 1207 841 :
1245 788 1304 843 Si
1330 788 1461 844 nihil
1492 787 1703 844 omnino
1725 797 1822 853 est,
1850 771 2186 859 inquinari?

586 878 839 933 alentium
873 880 1159 934 secimdum
1187 882 1355 950 ipsum
1386 897 1496 961 esse
1542 880 1657 952 ipso
1689 880 2002 945 cumulatio,
2055 895 2189 951 quae

592 976 670 1043 ω
696 975 742 1031 ³,
768 979 818 1021 et
849 967 1046 1022 dicitur
1085 985 1286 1033 eorum,
1315 986 1450 1041 quae
1469 987 1501 1024 a
1529 967 1676 1024 nobis
1701 971 1842 1025 circa
1865 970 2020 1034 illud,
2048 968 2189 1043 quod

589 1057 885 1128 quaeritur,
934 1070 981 1111 et
1026 1058 1393 1131 intelliguntur
1433 1070 1485 1116 et
1526 1061 1799 1128 dicuntur,
1826 1062 1915 1117 sed
1961 1063 2190 1119 alterum

590 1148 719 1220 quid
745 1158 955 1219 praeter
1002 1150 1165 1212 illud,
1216 1152 1357 1207 circa
1402 1153 1542 1225 quod
1584 1153 1714 1208 haec
1755 1165 1877 1210 sunt
1901 1172 1920 1222 ;
1961 1155 2190 1210 continet

593 1254 819 1309 namque
844 1255 931 1304 ea,
955 1238 1126 1309 ipsum
1149 1257 1271 1296 vero
1298 1241 1363 1295 ab
1389 1243 1471 1297 his
1499 1241 1646 1297 nullo
1675 1245 1830 1299 modo
1858 1245 2190 1311 continetur;

591 1330 832 1400 quiescat
879 1332 1049 1385 omnis
1088 1332 1267 1387 animo
1297 1334 1362 1387 ab
1404 1334 1550 1388 omni
1595 1335 1800 1391 ratione
1820 1352 2032 1406 eorum.
2056 1353 2191 1409 quae

592 1423 738 1478 rirca
766 1422 937 1478 Deum
958 1435 1103 1489 sunt,
1134 1436 1328 1479 temere
1357 1427 1411 1481 in
1438 1418 1803 1497 deﬁnitionem
1823 1428 1940 1500 ejus
1964 1429 2189 1494 iusilire,

479 1516 499 1526 '
590 1514 686 1570 sed
709 1513 918 1570 silentio
949 1517 1087 1571 colat
1114 1516 1136 1548 ⁸
1163 1527 1369 1572 tantum
1412 1519 1733 1589 ine/fabium
1760 1529 1809 1575 et
1851 1537 2010 1593 super
2033 1521 2194 1577 inicio

592 1605 806 1672 lectum,
837 1607 1108 1680 omnisque
1128 1625 1391 1664 summum
1414 1610 1682 1675 scientiae,
1710 1612 1921 1669 diuinae
1938 1614 2193 1669 esseutiae

596 1699 888 1757 ceritatem.
940 1699 996 1756 Si
1047 1715 1180 1773 ergo
1229 1716 1389 1758 nemo
1436 1702 1967 1772 sapientissimorum
2015 1715 2194 1776 potest

2293 516 2474 572 uirtuti
2504 498 2735 585 facultas
2767 512 2922 569 desit.
2954 511 3103 568 Disc.
3128 506 3262 572 .Non
3297 506 3616 579 perturbor,
3651 502 3747 561 sed
3771 517 3896 559 mae

2289 606 2377 679 gis
2400 615 2454 661 et
2486 604 2685 664 merito
2727 603 2796 659 de
2838 600 3172 660 obscuritate
3212 595 3520 672 praesentis
3548 591 3897 667 quaestionis

2293 710 2536 759 moveor,
2558 693 2784 766 ejusque
2808 691 3136 750 solutionem
3159 688 3371 749 facilem
3395 686 3513 745 lleri
3536 701 3643 742 non
3665 682 3892 756 opinor.

2291 786 2433 844 Hac.
2465 785 2777 855 Redeamus
2816 783 3001 856 itaque
3036 781 3109 839 ad
3151 797 3240 849 ea,
3278 794 3426 852 quae
3464 777 3715 850 in'priori
3746 775 3895 833 libro

2292 877 2435 934 inter
2464 891 2565 932 nus
2594 876 2949 942 discussa,-et
2976 864 3067 931 had
3101 888 3319 946 purum,
3362 870 3418 926 ni
3452 868 3631 935 fallor,
3656 866 3891 924 deducta

2292 980 2442 1026 sunt.
2482 970 2627 1026 Disc.
2658 966 2811 1036 Quae
2832 975 2960 1022 sunt
2988 965 3101 1032 illa,
3142 965 3461 1025 admoneas.
3492 966 3716 1032 quaeso.
3737 955 3889 1016 “ac.

2294 1062 2723 1126 liccordarisnc,
2781 1061 2926 1116 inter
2965 1074 3067 1119 nos
3109 1059 3180 1115 ad
3228 1048 3499 1129 liquidum
3550 1051 3890 1117 consedisse.

2294 1154 2494 1212 nullam
2542 1150 2937 1226 categoriarnm
2966 1138 3192 1207 denario
3231 1162 3459 1205 numero
3503 1144 3888 1202 conclusarum

2294 1244 2363 1300 de
2383 1243 2566 1300 divina
2594 1253 2789 1298 natura
2814 1241 2922 1296 ullo
2946 1242 3106 1297 modo
3126 1240 3346 1311 proprie
3366 1235 3671 1308 praedicari
3695 1230 3893 1305 posse?

2294 1337 2444 1393 Dtsc.
2471 1335 2603 1391 illud
2635 1335 2960 1391 inconcusse
3004 1341 3060 1389 et
3104 1345 3424 1389 concessum
3466 1335 3553 1383 est
3588 1336 3647 1382 et
3685 1322 3896 1382 stabili~

2296 1435 2409 1485 tum
2457 1426 2521 1480 ⁸⁸.
2570 1424 2712 1481 Mss.
2740 1423 2860 1480 Non
2902 1424 3069 1496 igitur
3115 1432 3223 1477 tam
3276 1418 3584 1484 laboriose,
3619 1425 3681 1472 ut
3726 1412 3896 1472 aesti~

2296 1537 2413 1577 mes
2442 1511 2517 1593 ¹¹ζΔ
2536 1520 2591 1574 in
2618 1517 2779 1590 hujus
2804 1515 3143 1590 quaesuouis
3169 1510 3485 1570 difﬁcultate
3517 1507 3772 1566 solvenda
3798 1520 3892 1561 su-

2296 1612 2576 1675 dabimus,
2627 1611 2673 1667 si
2714 1609 2914 1682 prioris
2960 1606 3088 1664 libri
3134 1613 3283 1661 ratas
3326 1600 3705 1659 conclusiones
3732 1604 3892 1654 acute

2295 1706 2712 1781 perspiciamus.
2742 1703 2960 1760 Illarum
2988 1699 3253 1772 siquidem
3283 1696 3497 1755 subtilis
3518 1710 3583 1750 ac
3602 1692 3891 1767 perspicax

594 1805 927 1865 cognoscere
957 1791 1308 1850 existentium
1337 1794 1676 1850 substantiae
1710 1796 1977 1864 rationes,
2000 1812 2194 1854 secun-

2301 1800 2511 1857 utilitas
2540 1800 2592 1854 in
2625 1798 2730 1855 ltoc
2756 1797 2876 1854 loco
2908 1794 3339 1868 pulcherrimum
3384 1789 3625 1846 fructum
3663 1785 3896 1842 utilissi-

597 1881 726 1935 dum
758 1894 895 1952 quas
919 1880 1172 1938 fundatae
1195 1890 1345 1949 sunt,
1369 1884 1492 1957 quis
1522 1884 1718 1941 audeat
1741 1884 1913 1944 Deum
1936 1886 1989 1943 in
2013 1886 2195 1959 aliquo

595 1975 867 2032 delinire?
916 1976 1062 2033 Disc.
1107 1976 1221 2035 Nec
1260 1968 1365 2035 lioc
1391 1992 1661 2051 quaerere
1700 1979 2195 2051 praesumpserim,

597 2083 933 2142 cognoscens
948 2069 1119 2142 ipsam
1131 2069 1354 2127 omnino
1370 2069 1637 2143 inﬁnitam
1655 2085 1778 2128 esse
1789 2067 1831 2124 ⁸.
1845 2068 1990 2127 MAG.
2010 2069 2198 2142 Itaque

596 2158 645 2215 si
678 2158 823 2216 Deus
850 2161 1131 2232 cognoscit
1156 2161 1413 2230 seipsum,
1437 2159 1567 2233 quid
1598 2151 1689 2223 sit.
1721 2175 1903 2217 nonne
1927 2175 1986 2217 se
2021 2159 2198 2234 ipsum

603 2250 833 2307 delituit?
865 2250 1039 2309 Omne
1069 2253 1358 2323 siquidem,
1383 2253 1525 2324 quod
1550 2252 1885 2326 intelligitur,
1932 2253 2062 2325 quid
2104 2253 2194 2321 sit,

598 2339 818 2399 deﬁniri
845 2358 876 2400 a
907 2331 983 2399 se
1009 2342 1130 2414 ipso
1155 2343 1241 2400 vel
1271 2344 1341 2400 ab
1382 2344 1489 2401 alio
1528 2345 1780 2417 potest‘.
1822 2345 1905 2402 Ac
1950 2359 2047 2417 per
2094 2345 2200 2403 hoc

602 2426 715 2487 non
756 2432 1139 2491 universaliter
1182 2433 1427 2491 infinitus
1471 2444 1577 2500 est,
1628 2435 1725 2491 sed
1771 2434 2192 2506 particulariter,

601 2520 649 2579 ei
690 2537 758 2578 ex
788 2532 1039 2581 creatura
1078 2524 1417 2583 solummodo
1453 2525 1666 2582 deliniri
1699 2543 1805 2583 non
1846 2536 2044 2599 potest,
2073 2543 2103 2582 a
2138 2542 2200 2583 se

592 2604 737 2668 vero
762 2612 881 2686 ipso
904 2621 1103 2685 potest.
1142 2614 1238 2670 Vel
1263 2624 1320 2670 ut
1342 2616 1417 2670 ita
1444 2615 1645 2680 dicam,
1673 2616 1775 2672 sibi
1800 2616 1820 2648 ⁸
1866 2616 1967 2687 ipsi
1991 2616 2196 2683 (initus,

601 2712 892 2760 crmtturae
918 2703 1160 2761 inﬁnitus
1185 2704 1452 2761 subsistit.
1483 2704 1550 2761 Et
1581 2707 1625 2761 si
1670 2708 1774 2762 boc
1798 2708 1982 2763 datum
2011 2707 2199 2776 fuerit,

600 2794 917 2849 necessario
945 2804 1226 2865 sequetur,
1266 2803 1325 2849 ιιι
1355 2804 1449 2851 aut
1490 2806 1597 2851 non
1628 2795 2012 2852 universaliter
2055 2795 2199 2853 Deus

603 2883 852 2941 inﬁnitus
881 2886 970 2951 sit,
998 2886 1042 2942 si
1075 2902 1103 2940 a
1135 2886 1249 2942 sola
1272 2898 1549 2953 creatura,
1590 2903 1697 2942 non
1730 2897 1913 2943 autem
1938 2902 1971 2944 a
1995 2888 2194 2959 seipse,

604 2991 717 3031 non
742 2977 934 3047 recipit
966 2976 1210 3042 deliniri;
1243 2986 1336 3034 aut
1363 2978 1588 3034 omnino
1611 2992 1713 3035 nec
1740 2994 1773 3033 a
1800 2976 2073 3048 creatura,
2096 2996 2198 3036 nec

606 3084 640 3124 ε
678 3069 880 3153 seipse,
930 3078 989 3125 ut
1015 3070 1034 3100 ⁷
1081 3069 1460 3126 universaliter
1485 3070 1726 3127 inlinitus
1764 3070 1855 3137 sit,
1886 3070 1995 3128 ullo
2036 3073 2196 3129 modo

2297 1909 2387 1948 mn
2397 1906 2556 1963 mque
2577 1891 2723 1946 ferre
2744 1886 3202 1945 manifestabitur.
3228 1882 3371 1939 DISC.
3402 1880 3572 1936 Valde
3591 1878 3697 1933 erit
3725 1875 3772 1909 ¹¹
3793 1887 3891 1932 ne-

2258 2036 2263 2045 ,
2297 1982 2615 2046 cessarium,
2642 1981 2689 2036 si
2717 1980 2797 2036 sic
2831 1978 3014 2035 fuerit.
3050 1975 3191 2033 hinc.
3224 1974 3340 2030 Erit
3373 1971 3551 2044 plane.
3600 1969 3750 2042 ipsas
3790 1965 3898 2027 ita-

2298 2089 2405 2145 que
2430 2073 2736 2144 categorias
2756 2070 2995 2128 breviter
3019 2069 3072 2125 in
3099 2066 3421 2143 memoriam
3448 2078 3705 2121 revocare
3728 2060 3899 2148 ratio—

2299 2167 2590 2225 cinationis
2610 2166 2781 2223 series
2806 2164 3018 2222 videtur
3043 2174 3362 2235 exposcere.
3388 2158 3536 2216 Dtsc.
3565 2153 3896 2223 Alia‘inqui-

2297 2256 2514 2317 sitionis
2536 2274 2642 2316 non
2668 2257 2874 2313 arridet
2899 2256 2980 2311 via
3006 2254 3072 2309 ³³.
3105 2254 3358 2310 Attamen
3392 2246 3777 2329 interrogative
3796 2260 3895 2303 eas

2299 2350 2627 2421 recapitules
2661 2348 2845 2404 velim.
2876 2346 3017 2403 Man.
3061 2345 3305 2401 intentus
3348 2343 3532 2412 itaque
3557 2341 3703 2421 hunc
3724 2339 3897 2394 inter-

2300 2441 2524 2515 rogandi
2560 2430 2805 2496 ordiuem
2847 2438 3098 2494 intuere:
3143 2434 3319 2503 Quid?
3355 2422 3656 2505 quantum?
3698 2428 3894 2501 quale?

2299 2535 2367 2587 ad
2394 2530 2565 2602 quid?
2587 2544 2697 2601 quo
2723 2527 2871 2585 situ?
2896 2543 3015 2599 quo
3027 2526 3215 2583 habitu
3231 2525 3257 2579 ἲ
3281 2522 3495 2580 locine?
3527 2518 3895 2592 temporisnc?

2299 2624 2479 2694 agitne
2501 2622 2546 2653 “
2566 2622 2591 2675 ἲ
2612 2637 2681 2675 an
2697 2619 2941 2692 patitur?
2969 2617 3100 2673 item
3128 2616 3174 2672 si
3201 2616 3283 2670 vis
3305 2627 3498 2693 graece
3523 2631 3538 2669 :
3571 2610 3667 2687 Ti;
3691 2611 3885 2676 πόσους

2297 2722 2465 2777 stoica;
2489 2713 2619 2789 πρὸς
2636 2713 2715 2777 τίς
2743 2711 2938 2767 κεῖσθαι
2954 2723 2967 2775 ;
2992 2703 3096 2786 ἆρα
3111 2704 3326 2780 ἔχεσθαι
3350 2706 3424 2770 ¹⁵ς
3448 2697 3553 2780 ἆρα
3573 2710 3669 2761 ποῖ
3680 2720 3696 2770 ;
3718 2703 3847 2760 πότε
3866 2718 3882 2767 ;

2298 2808 2349 2860 τί
2373 2806 2619 2881 πράττεις
2662 2801 2763 2877 ἄρα
2793 2801 2824 2862 ἣ
2857 2803 3091 2872 πάσχιις
3134 2797 3339 2854 ﬂorum
3367 2798 3555 2867 itaque
3581 2793 3788 2869 nullum
3825 2791 3896 2849 de
3974 2858 3980 2862 ί

2300 2895 2412 2951 Deo
2437 2894 2479 2927 “
2504 2894 2723 2967 proprie
2761 2893 3148 2961 interrogatur,
3194 2889 3321 2961 quia
3365 2886 3575 2944 nullum
3612 2886 3807 2963 borum
3840 2884 3891 2939 in

2301 2985 2437 3057 ipso.
2468 3000 2568 3043 nec
2610 3001 2641 3039 a
2684 2999 2744 3041 se
2786 2984 2933 3055 ipso,
2977 2998 3079 3039 nec
3107 2981 3182 3037 ab
3225 2979 3335 3035 alio
3375 2977 3720 3051 intelligitur.
3748 2975 3895 3033 Haec

2302 3078 2501 3135 ctenim
2541 3078 2594 3134 in
2625 3077 2732 3142 bis,
2765 3091 2905 3148 quae
2930 3074 3029 3131 sub
3062 3071 3393 3130 intellectum
3430 3086 3525 3127 seu
3552 3084 3774 3127 sensum
3803 3084 3896 3124 ca-

605 3150 978 3217 dellnitionem
1009 3160 1258 3233 percipit.
1294 3162 1442 3219 Disc.
1484 3160 1798 3219 Praesentis
1835 3162 1993 3235 bnjus
2028 3161 2195 3222 r'atio-
2226 3150 2271 3212 ίΖ
2305 3171 2434 3226 dere
2477 3168 2806 3240 probantur,
2836 3165 3057 3237 proprie
3095 3162 3430 3221 considerari
3476 3168 3724 3231 possunt.
3755 3157 3897 3226 Quid

605 3250 900 3309 cinationis
947 3252 1232 3324 caliginem
1281 3254 1708 3309 inaccessibilem
1752 3269 1877 3311 esse
1923 3255 2197 3312 aestimo:

602 3353 664 3400 et
691 3341 796 3400 nisi
836 3344 973 3415 ipse,
1009 3346 1103 3416 qui
1128 3345 1435 3415 quaeritur,
1462 3346 1716 3403 dextram
1749 3364 1903 3404 suam
1933 3363 2201 3421 quaeren-

608 3434 755 3491 tibus
775 3437 1214 3507 se’praetendat.
1252 3438 1458 3493 nullum
1494 3439 1549 3494 in
1571 3455 1692 3495 eam
1725 3440 2003 3496 introitum
2040 3441 2201 3499 facile

607 3526 957 3583 crediderim.
992 3527 1047 3583 Si
1078 3528 1225 3584 enim
1253 3528 1397 3585 Deus
1438 3532 1677 3602 seipsum
1722 3548 1830 3588 non
1862 3532 2070 3597 deﬁnit,
2107 3542 2202 3589 aut

606 3629 671 3674 se
692 3616 921 3673 delinire
946 3633 1052 3675 non
1081 3620 1269 3690 possit,
1298 3620 1424 3691 quis
1454 3621 1816 3691 ignorantiam
1843 3634 1899 3679 et
1924 3625 2196 3696 impOten-

562 3719 570 3724 “
606 3708 745 3769 tiam
775 3710 830 3767 in
872 3727 997 3768 cum
1043 3715 1238 3775 cadere
1281 3715 1529 3787 negarit?
1566 3716 1931 3789 ignorantiam
1971 3717 2198 3783 scilicet,

609 3803 658 3859 si
687 3817 749 3859 se
773 3801 796 3836 ⁸
821 3816 931 3859 non
961 3794 1230 3877 intelligit,
1260 3806 1390 3878 quid
1418 3806 1521 3869 sit;
1554 3807 1928 3879 impotentiam
1966 3823 2125 3872 vero,
2155 3809 2199 3865 si

612 3911 720 3953 non
744 3904 925 3967 potest
949 3895 1201 3961 delinire,
1225 3899 1352 3970 quid
1378 3900 1644 3956 subsistit.
1671 3901 1945 3973 Impotens
1956 3901 2100 3957 enim
2124 3903 2197 3958 vi-

611 3987 828 4044 debitur
862 4002 1009 4054 esse,
1049 3990 1267 4059 quando
1295 3992 1532 4062 seipsum
1566 3992 1620 4047 in
1662 3987 1850 4065 aliquo
1868 4008 1979 4049 non
2026 4002 2202 4065 potest

613 4078 958 4137 delinire.-Si
994 4094 1124 4137 vero
1148 4089 1203 4137 et
1235 4080 1486 4154 intelligit
1513 4072 1935 4156 etdelinit,quid
1966 4085 2082 4157 ipso
2109 4084 2199 4150 sit,

615 4185 727 4227 non
753 4171 977 4231 omnino
1018 4172 1259 4229 inﬁnitus
1302 4186 1423 4229 esse
1466 4173 1815 4246 probabitur,
1846 4176 1980 4231 dum
2026 4191 2057 4231 a
2089 4174 2202 4230 sola
2240 4206 2243 4207 ν

616 4272 871 4321 creatura
900 4265 1113 4321 deliniri
1141 4280 1247 4324 non
1282 4274 1483 4339 potest,
1510 4270 1638 4339 quia
1673 4268 1822 4324 nullo
1855 4267 2112 4324 modoab
2139 4283 2228 4330 ea.

623 4356 970 4429 intelligitur,
1000 4374 1029 4413 a
1059 4373 1117 4415 se
1147 4376 1275 4417 vero
1313 4361 1431 4433 ipso
1461 4368 1517 4417 et
1544 4360 1799 4416 delinitur
1830 4369 1887 4416 et
1921 4361 2202 4431 cognosci-

620 4460 731 4515 tur,
753 4451 881 4521 quid
908 4452 998 4506 sit.
1025 4450 1167 4509 Mac.
1185 4452 1265 4508 Ne
1286 4452 1529 4518 turbere,
1552 4452 1646 4508 sed
1671 4453 1843 4524 magis
1868 4453 2009 4508 bono
2022 4452 2204 4508 animo

621 4548 759 4595 usto.
794 4539 938 4595 llaec
958 4541 1103 4595 enim
1130 4542 1493 4597 consideratio
1522 4556 1621 4595 nos
1651 4542 1718 4595 ad
1748 4557 1848 4597 nos
1871 4541 2016 4611 ipsos
2051 4540 2207 4595 intel-

619 4629 864 4699 ligendos
886 4630 1144 4693 attrahit,
1177 4641 1234 4684 et
1268 4630 1337 4685 ad
1366 4645 1452 4696 ea,
1478 4645 1617 4701 quae
1642 4631 1731 4701 pie
1762 4631 1831 4686 de
1868 4630 2206 4687 Deo‘nostro

621 4722 906 4794 cogitanda
938 4730 987 4777 et
1020 4722 1359 4797 intelligenda
1391 4732 1443 4778 et
1474 4723 1880 4793 pronuncianda
1919 4732 2061 4791 sunt,
2088 4723 2208 4795 ipso

621 4821 919 4884 praeeunte
950 4812 1211 4885 perducit.
1245 4812 1458 4882 Quanto
1498 4828 1731 4884 namque
1771 4813 1826 4868 in
1868 4814 2091 4868 introitu
2126 4813 2211 4868 iri-

624 4903 934 4973 quisitionis
972 4904 1264 4975 caliginosa
1305 4914 1363 4959 et
1400 4904 1671 4961 laboriosa
1708 4904 2006 4977 potabitur,
2059 4913 2209 4960 tanto

623 4996 910 5068 perspicua
959 5006 1011 5051 et
1062 4995 1336 5053 fructuosa
1384 4996 1704 5067 reperietur.
1747 4993 1898 5050 Fieri
1925 4996 2061 5049 enim
2104 5010 2209 5049 non

625 5097 818 5157 potest,
841 5099 900 5143 ut
920 5089 997 5143 ait
1026 5097 1246 5145 sanctus
1273 5089 1867 5160 Angustinus,qnadam
1890 5088 2070 5143 dit-ina
2088 5104 2210 5157 pro-

627 5176 855 5233 videntia
882 5179 925 5241 ’,
956 5190 1009 5232 ut
1037 5180 1289 5251 religiosis
1329 5180 1519 5234 animis
1547 5180 1741 5251 seipsos
1765 5188 1812 5232 et
1844 5177 2008 5232 Deum
2032 5192 2209 5239 suum,

2239 4501 2289 4563 D

2303 3261 2489 3317 enim?
2515 3260 2572 3317 Si
2618 3258 3040 3330 interrogaveris
3086 3256 3169 3313 de
3196 3255 3350 3321 Deo,
3401 3253 3532 3324 quid
3574 3251 3668 3316 sit,
3716 3264 3898 3306 nonne

2304 3355 2575 3427 quandam
2597 3353 2873 3425 propriam
2894 3348 3256 3407 substantiam
3270 3345 3546 3401 definitam
3563 3356 3796 3415 quaeres
3819 3340 3896 3396 "i

2306 3449 2441 3505 Etsi
2468 3449 2590 3520 quis
2635 3444 2997 3517 responderit,
3026 3442 3130 3497 hoc
3166 3439 3251 3497 vel
3290 3438 3444 3502 illud,
3470 3449 3650 3493 nonne
3687 3444 3893 3490 certam

2305 3532 2575 3617 Quandam
2605 3539 3181 3608 circumscriptamque
3207 3533 3484 3589 videbitur
3512 3528 3743 3587 delinire
3767 3529 3896 3584 sub.

2305 3632 2607 3691 stantiam?
2636 3628 2794 3698 Quod
2814 3628 2859 3686 si
2886 3628 3009 3698 quis
3031 3624 3304 3680 veraciter
3335 3623 3400 3677 de
3424 3620 3541 3691 ipso
3568 3617 3897 3690 pronuncia-

2304 3724 2467 3789 verit,
2499 3721 2583 3777 vel
2609 3722 2724 3792 ipse
2754 3719 2821 3774 de
2847 3732 2906 3794 se
2938 3718 3056 3787 ipso
3096 3711 3367 3794 intelligit,
3409 3711 3644 3781 primum
3684 3717 3898 3780 catego-

2308 3816 2510 3870 riarnm
2536 3811 2715 3869 locum
2738 3806 2862 3877 iure
2886 3805 3157 3863 obtinebit
3175 3845 3192 3871 ,
3224 3802 3316 3874 qui
3360 3801 3527 3883 certis
3553 3796 3901 3869 deiinitisque

2307 3906 2561 3962 tribuitur
2605 3901 2893 3974 subjectis,
2942 3900 2998 3954 in
3034 3897 3253 3970 quibus,
3281 3903 3339 3951 et
3362 3892 3510 3950 circa
3547 3907 3688 3964 quae
3712 3886 3900 3948 omnia

2303 4005 2595 4054 versantur
2621 4002 2677 4050 et
2701 3992 3047 4049 continentur
3073 3987 3396 4044 accidentia.
3418 3974 3504 4040 'Ac
3538 3999 3636 4054 per
3664 3983 3771 4038 hoc
3792 3996 3920 4047 non,

2306 4081 2658 4153 translative'.
2701 4089 2796 4144 sed
2824 4086 3039 4158 proprie
3069 4082 3242 4155 prima
3287 4080 3354 4136 de
3377 4094 3445 4134 eo
3491 4075 3902 4151 praedicabitur

2306 4182 2598 4255 categoria.
2622 4180 2749 4237 Sive
2772 4179 2917 4235 enim
2940 4178 3007 4234 ab
3024 4172 3366 4232 intellectuali
3381 4180 3652 4233 creatura,
3669 4168 3829 4223 sivea
3850 4165 3896 4197 "

2305 4276 2482 4347 s'eipsa
2521 4276 2576 4330 in
2616 4273 2795 4344 aliqua
2852 4270 3073 4328 delinita
3101 4265 3333 4324 essentia
3366 4263 3697 4334 intelligatur
3717 4256 3899 4315 divina

2308 4346 2647 4431 natura,non
2660 4364 2879 4421 omnino
2899 4372 2982 4418 est
3013 4360 3221 4418 inﬁnita
3251 4367 3307 4414 et
3329 4353 3800 4422 incircumscripta
3831 4350 3898 4417 ",
3976 4346 3983 4351 ’

2313 4459 2569 4529 omnique
2596 4454 2860 4513 accidenti
2885 4467 3098 4510 carens.
3140 4451 3375 4518 Ideoque
3407 4462 3515 4502 non
3545 4443 3687 4498 ultra
3713 4456 3897 4504 omne,

2313 4553 2459 4625 quod
2507 4551 2705 4613 dicitur
2746 4559 2802 4602 et
2831 4545 3170 4615 intelligitur,
3218 4540 3492 4598 veraciter
3528 4546 3737 4595 remota
3778 4547 3902 4591 esse

2309 4643 2569 4706 creditur,
2601 4640 2858 4711 quoniam
2890 4638 3029 4692 intra
3056 4634 3322 4705 quosdam
3350 4630 3610 4686 terminos
3647 4626 3902 4685 deﬁnitae

2308 4745 2538 4791 naturae
2570 4716 3103 4800 intelligitur..0mne
3128 4724 3294 4789 enim,
3318 4723 3387 4778 de
3411 4737 3520 4791 quo
3545 4728 3724 4789 potest
3751 4729 3901 4790 prae-

2310 4815 2476 4883 dicari
2534 4822 2616 4879 vcl
2660 4819 2915 4891 intelligi,
2958 4813 3235 4895 quidsit,
3279 4826 3500 4874 eorum,
3554 4822 3695 4879 quae
3743 4814 3900 4869 sunt,’

2314 4912 2599 4973 numerum
2652 4927 2758 4967 non
2813 4918 2993 4982 potest
3048 4906 3344 4969 excedere,
3402 4900 3496 4958 sed
3554 4899 3718 4956 veluti
3775 4913 3903 4970 pars

2316 5004 2572 5068 iu‘toto,
2623 5002 2715 5057 vel
2765 5010 2936 5057 totum
2982 4999 3054 5054 'in
3114 4990 3404 5068 partibus,
3467 4992 3550 5046 vel
3615 4988 3786 5045 forma
3847 4988 3900 5042 in

2318 5111 2552 5169 genere,
2606 5093 2697 5148 vel.
2744 5096 2914 5165 genus
2955 5090 3011 5144 in
3072 5087 3305 5153 formis,
3357 5084 3440 5154 vel
3489 5082 3751 5139 individui
3805 5096 3905 5135 nu-

2319 5190 2454 5247 meri
2495 5189 2550 5245 in
2589 5187 2813 5260 specie,‘
2834 5185 2920 5240 rei
2951 5181 3159 5255 species
3187 5179 3238 5233 in
3270 5175 3589 5241 individuis,
3623 5172 3706 5255 εει
3742 5177 3901 5243 prae:

1910 5345 2164 5401 VARIAE
2197 5342 2604 5401 LECTIONES.

608 5463 612 5467 “
703 5469 718 5497 ³
761 5466 806 5522 Α
838 5464 1143 5536 discipulus.
1218 5465 1237 5494 ²
1260 5464 1424 5534 Cipsa
1454 5460 1769 5516 cumulatior
1787 5474 1848 5513 ea
1872 5472 2006 5527 quae
2026 5465 2123 5511 est.
2200 5454 2219 5487 ‘
2302 5452 2478 5536 celet.“
2531 5450 2727 5531 ‘SicC;
2745 5449 2967 5536 verba‘D
2992 5446 3132 5536 eisi".
3152 5442 3704 5536 irritos—infinitum
3722 5441 3905 5536 (:5:le

634 5513 806 5606 sum-af
1205 5513 2312 5606 quaeldeliitiripossnnt,superareposuit.
2373 5523 2421 5606 ,³,
2439 5521 2481 5578 G
2509 5539 2540 5602 tt
2565 5522 2733 5606 “ipso
2765 5520 2841 5574 rei
2862 5518 3070 5606 utilitlio
3095 5515 3303 5606 (lict/iniri
3328 5532 3360 5568 α
3387 5513 3670 5606 δρὶρξίολνεί
3801 5514 3906 5606 alio

895 5606 916 5636 "
952 5607 990 5659 Α
1017 5605 1186 5659 sicuti.
1218 5604 1225 5605 ί
1260 5606 1281 5638 ²
1322 5615 1375 5658 ιιι
1421 5618 1530 5657 οιιι.
1558 5604 1618 5655 (ἶ.

968 5676 1010 5708 ⁸³
1040 5679 1080 5729 Λ
1124 5678 1204 5729 ria
1243 5692 1345 5730 non
1380 5674 1599 5728 arridet.

729 5772 753 5800 ..-
797 5766 900 5802 (ml.
934 5748 995 5799 (ἶ.
1077 5748 1116 5782 ⁸³
1145 5748 1183 5801 t1
1217 5744 1610 5814 circumscripta

632 5618 796 5678 ρωιςιςι
808 5650 817 5660 .

640 5679 681 5709 ’ί
720 5676 759 5729 (ἶ
794 5688 889 5731 t'Sl.

642 5747 683 5779 te

1677 5671 1721 5707 "‘
1744 5672 1786 5726 Α
1825 5670 1952 5742 agit.

1694 5602 1716 5633 "
1737 5591 1923 5658 scum:
1949 5598 2014 5653 Δ.
2089 5591 2132 5626 ⁸⁷
2162 5595 2203 5649 Α
2241 5591 2564 5659 prouidentia
2593 5591 2789 5644 dirina.

2031 5667 2077 5700 ”
2114 5663 2212 5720 Dei
2242 5663 2457 5735 ἔχεσθαι
2496 5676 2604 5717 om.
2634 5661 2716 5734 (3.,

3489 5584 3530 5614 ³¹
3553 5583 3597 5636 Α
3637 5586 3903 5637 aestimas.

3534 5654 3575 5685 "’
3609 5654 3653 5709 Δ
3675 5668 3906 5724 quaeris.

2873 5590 2914 5620 ¹⁰
2937 5589 2976 5642 ll
3016 5586 3381 5640 stabilitotmu.

2792 5660 2834 5693 “
2864 5660 2906 5713 Λ
2958 5660 3023 5714 tle
3060 5655 3168 5711 Deo
3207 5655 3429 5709 nullum.

3316 5787 3341 5797 ,-
