4174 6194
385 293 490 349 εει)

1197 286 1290 346 DE
1327 283 1672 346 DIVISIONE
1709 282 2060 344 NATURAE.
2099 314 2172 326 -
2209 282 2412 350 ιωειι
2451 281 2838 342 SECUNDUS.

3548 297 3654 357 590

384 410 652 466 dictarunt
697 406 935 462 omnium
986 406 1250 474 quaedam
1295 406 1346 459 in
1371 405 1386 434 ’
1417 404 1688 473 quandam
1713 391 1976 457 unitatem
2007 404 2054 464 Α
2083 400 2173 455 nia
2202 415 2428 471 corpora
2461 399 2826 478 continentur,
2861 396 3086 454 inferius
3115 407 3338 453 naturae
3362 411 3492 454 suae
3516 412 3668 455 tuen-

384 518 452 558 ex
505 501 688 555 nniltis
734 499 978 554 collectio
1019 499 1143 569 jure
1196 497 1572 552 aestimabitur
1620 508 1760 550 esse.
1817 491 1974 562 Quod

386 594 543 665 longe
568 593 731 647 distat
771 607 839 646 ex
869 590 1083 645 divinae
1121 601 1349 646 naturae
1381 587 1612 658 simplici
1659 586 1976 657 inﬁnitaque

387 684 636 746 veritate,
656 698 794 754 quae
821 680 954 737 nibil
981 683 1195 746 hornur,
1221 695 1358 751 quae
1383 687 1530 744 sunt,
1557 678 1820 736 subsistit.
1856 676 1975 734 Non

384 773 532 832 enim
570 787 740 833 totum
775 783 894 840 est,
933 789 1108 844 neque
1136 787 1302 844 pars:
1339 780 1508 826 totum
1549 781 1727 827 tamen
1767 779 1822 826 et
1849 785 1976 840 pars

383 868 601 932 dicitur,
633 867 887 937 quoniam
927 867 996 923 ab
1033 880 1099 921 ea
1121 881 1283 924 omne
1311 873 1480 918 totmn
1520 871 1575 918 et
1616 862 1792 918 omnis
1826 878 1969 933 pars,

383 967 442 1014 ει
462 959 645 1014 omnia
681 969 788 1013 tota
817 967 872 1012 et
909 971 1102 1014 omnes
1128 955 1556 1034 parteseondita
1587 963 1733 1009 sunt.
1767 953 1971 1010 Simili-

388 1063 666 1121 terneque
692 1066 863 1123 genus
897 1058 1018 1111 est,
1065 1063 1242 1119 neque
1283 1048 1479 1114 forma,
1521 1062 1699 1118 neque
1740 1047 1971 1117 species,

383 1158 562 1215 neque
611 1157 903 1208 numerus,
951 1156 1128 1212 neque
1169 1143 1346 1204 οὐσία.
1383 1141 1500 1195 sive
1539 1140 1973 1212 generalissima,

383 1235 501 1293 sive
524 1226 912 1306 specialissima
942 1230 1218 1288 subsistit:
1243 1241 1298 1287 et
1323 1239 1505 1286 tamen
1532 1230 1668 1287 haec
1693 1230 1876 1286 omnia
1906 1231 1974 1287 de

382 1345 448 1386 ea
479 1329 884 1401 praedicantur,
919 1327 1178 1398 quoniam
1203 1326 1274 1382 ab
1297 1342 1360 1383 ea
1384 1327 1714 1384 subsistendi
1748 1325 1972 1384 faculta-

385 1433 495 1478 tem
517 1421 811 1492 accipiunt.
847 1418 960 1476 Nec
993 1435 1099 1476 non
1137 1420 1464 1478 universitas
1492 1421 1686 1476 borum
1726 1420 1971 1476 omnium

382 1513 598 1578 dicitur,
619 1511 748 1568 dum
772 1511 938 1568 totius
959 1520 1240 1567 creaturae
1267 1510 1674 1568 universitatem
1707 1509 1973 1568 inﬁnitate

381 1617 514 1659 suae
534 1602 888 1660 excellentiae
910 1610 1150 1673 superat,
1172 1592 1432 1672 quoniam
1457 1600 1528 1656 ab
1551 1616 1615 1656 ea
1647 1601 1971 1658 universalis

381 1691 716 1750 universitas
737 1702 920 1749 creata
945 1701 1047 1748 est.
1066 1691 1346 1761 Quomodo
1373 1691 1540 1762 igitur
1565 1690 1747 1746 divina
1775 1701 1969 1747 natura

2075 508 2260 548 suram
2294 508 2400 549 non
2444 502 2620 563 potest
2657 493 2968 554 extendere,
3001 490 3123 562 quia
3153 490 3284 546 nihil
3309 482 3537 548 inferius
3558 499 3666 556 est.

2077 597 2177 638 nec
2204 583 2456 652 superius
2493 591 2671 654 potest
2707 583 3022 638 ascendere.
3050 581 3267 637 Finitur
3295 581 3441 638 enim
3468 581 3522 638 in
3551 582 3673 654 ipsi:
3729 581 3732 583 λ

2077 671 2224 728 vitali
2273 683 2424 728 motu
2452 713 2470 738 ,
2507 688 2615 744 quo
2662 675 2901 729 nutritur
2943 682 2999 730 et
3043 683 3306 745 augetur,
3344 685 3507 743 atque
3544 672 3670 731 ideo

2075 765 2216 822 ultra
2245 765 2417 837 ipsam
2460 773 2566 824 non
2603 769 2943 841 provehitur.
2979 767 3037 822 Si
3068 782 3195 823 vero
3241 767 3293 822 in
3336 755 3670 824 sublimitate.

2075 856 2359 915 universae
2381 868 2668 916 creaturae
2691 848 2956 925 subsistit,
2977 871 3036 914 ιιι
3057 857 3440 916 intellectualis
3459 872 3664 932 cogito-

2075 935 2278 1016 scatur,
2312 951 2427 1008 suis
2456 951 2654 1008 finibus
2684 952 2922 1008 coartari
2949 965 3175 1008 necesse
3214 958 3321 1006 est.
3366 949 3484 1006 Non
3521 949 3686 1006 cnim'

2072 1053 2250 1116 potest
2299 1045 2595 1102 ascendere
2643 1045 2695 1100 iu
2747 1044 2998 1101 altiorem
3043 1059 3121 1100 se-
3157 1057 3484 1109 creaturam,
3539 1043 3668 1115 quia

2073 1137 2242 1192 altius
2264 1137 2356 1192 illo
2393 1129 2448 1192 iit
2499 1137 2660 1192 rebus
2693 1136 2896 1192 creatis
2922 1135 2997 1191 nil
3022 1149 3146 1192 esse
3174 1136 3406 1190 videtur.
3434 1132 3668 1191 Inferius

2076 1227 2204 1284 item
2232 1244 2338 1284 non
2369 1237 2550 1300 potest
2575 1227 3029 1300 remitti-propter
3061 1238 3350 1297 sequentes
3389 1242 3447 1282 se
3488 1226 3666 1282 sulisi-
3747 1243 3750 1247 ·

2074 1321 2324 1377 stentias.
2373 1320 2431 1376 Si
2475 1335 2602 1376 vero
2633 1319 2688 1377 iu
2715 1319 2892 1376 medio
2934 1318 3222 1376 libramine
3248 1319 3424 1375 locum
3453 1318 3666 1374 obtineo

2052 1418 2177 1475 ret,
2208 1425 2310 1466 nec
2330 1413 2398 1466 ad
2420 1410 2676 1466 inferiora
2705 1426 2764 1466 se
2786 1413 3058 1467 relaxaret
3082 1410 3131 1477 ⁷,·
3173 1425 3274 1466 nec
3295 1412 3363 1466 ad
3382 1410 3660 1484 superiora

2072 1516 2135 1556 se
2188 1501 2504 1556 extenderet
2547 1501 2593 1567 ⁸,
2639 1502 2736 1557 sed
2772 1501 3076 1559 naturalem
3120 1517 3276 1558 suum
3321 1503 3665 1574 mediumque

2073 1590 2342 1648 obtineret
2379 1601 2581 1647 statum
2621 1591 2669 1650 ’.
2701 1591 2782 1647 Ac
2825 1605 2926 1664 per
2963 1592 3067 1648 hoc
3111 1593 3255 1646 nulla
3280 1602 3532 1649 creatura
3555 1604 3662 1657 est,

2075 1682 2194 1737 sive
2216 1682 2448 1738 visibilis
2469 1682 2584 1739 sive
2613 1682 2915 1750 invisibilis,
2945 1699 3087 1754 quae
3109 1701 3215 1738 non
3247 1684 3387 1739 intra
3405 1685 3664 1742 terminus

378 1785 615 1860 seipsatn
647 1795 828 1858 potest
864 1769 1184 1857 intelligere,
1208 1784 1337 1858 quid
1381 1785 1472 1849 sit,
1501 1799 1626 1840 cunt
1671 1784 1806 1841 nihil
1857 1785 1971 1846 sit?
2003 1768 2047 1828 Β
2076 1777 2327 1847 propriae
2345 1785 2571 1831 naturae
2596 1775 2653 1842 in
2679 1774 2860 1845 aliquo
2878 1783 3153 1832 coartetur
3181 1776 3223 1808 ⁸⁸
3253 1775 3310 1831 in
3336 1791 3590 1833 mensura
3608 1791 3667 1834 et

382 1878 619 1950 Superat
647 1877 793 1933 enim
820 1891 1003 1944 omne,
1038 1874 1181 1948 quod
1221 1885 1300 1932 est
1321 1918 1334 1942 ,
1361 1876 1580 1946 quando
1615 1890 1716 1930 nec
1750 1876 1863 1948 ipsa
1887 1884 1972 1932 est

375 1981 523 2034 esse,
550 1967 644 2025 sed
671 1967 738 2022 ab
767 1967 883 2039 ipsa
911 1975 995 2023 est
1022 1982 1183 2038 omne
1202 1981 1347 2032 esse,
1373 1981 1515 2036 quae
1539 1980 1754 2021 onmem
1781 1981 1969 2022 essen-

381 2059 515 2118 tiam
544 2069 599 2115 et
623 2056 995 2130 substantiam:
1009 2057 1206 2114 virtute
1227 2072 1358 2114 suae
1392 2057 1746 2133 excellentiae
1779 2073 1970 2129 super-

375 2149 602 2210 eminet.
675 2151 786 2208 Aut
805 2151 1074 2224 quomodo
1096 2148 1364 2207 inﬁnitum
1396 2157 1574 2220 potest
1599 2147 1852 2222 inaliquo
1871 2151 1968 2206 de.

376 2245 524 2304 ﬁniri
553 2261 584 2300 a
607 2261 667 2301 se
689 2245 829 2316 ipso,
865 2245 952 2302 vel
974 2245 1028 2300 in
1049 2243 1230 2316 aliquo
1255 2243 1502 2314 intelligi,
1542 2258 1664 2299 cum
1689 2258 1750 2299 se
1768 2257 1971 2317 cogno-

379 2349 498 2399 scat
521 2355 686 2412 super
709 2354 870 2396 omne
899 2339 1111 2395 (initum
1139 2347 1197 2393 et
1224 2335 1514 2401 inﬁnitum,
1541 2344 1598 2392 et
1622 2335 1886 2392 anitatem
1913 2344 1970 2392 et

378 2429 742 2488 inﬁnitatem?
761 2429 903 2486 Deus
929 2429 1108 2501 itaque
1122 2428 1296 2484 nescit
1321 2443 1402 2493 se,
1421 2426 1552 2498 quid
1573 2437 1682 2494 est,
1710 2421 1837 2500 quia
1858 2442 1968 2484 non

374 2533 464 2582 est
506 2523 673 2593 quid;
718 2520 1282 2593 incomprehensibilis
1326 2521 1527 2590 quippe
1567 2519 1624 2575 in
1674 2518 1858 2592 aliquo
1911 2527 1969 2577 et

373 2598 482 2670 sibi
519 2611 621 2683 ipsi
655 2620 710 2668 et
735 2611 883 2668 ornni
935 2609 1250 2668 intellectui.
1295 2609 1362 2666 Et
1403 2624 1527 2666 eum
1559 2610 1580 2642 ³
1615 2609 1734 2684 ipsa
1761 2610 1968 2668 veritas

375 2701 699 2776 lntelligibili
735 2717 870 2759 voce
907 2701 961 2758 in
994 2701 1146 2774 puris
1189 2699 1549 2757 intellectibus
1587 2700 1724 2757 haec
1757 2700 1824 2757 de
1855 2700 1969 2758 Deo

376 2795 666 2856 verissime
683 2795 706 2829 ³
740 2795 849 2854 dici
870 2795 1192 2868 proclamat,
1215 2809 1374 2852 nemo
1393 2795 1481 2866 pie
1498 2795 1963 2869 cognoscentium,

375 2886 547 2959 inque
585 2887 770 2943 divina
817 2886 1076 2960 mysteria
1123 2887 1578 2948 introductorum.
1627 2886 1853 2943 audiens
1895 2887 1965 2943 de

376 2977 775 3050 Deo,seipsunt
817 2975 1119 3048 intelligere
1159 2991 1266 3033 non
1310 2990 1484 3046 posse,
1523 2974 1653 3046 quid
1686 2974 1776 3041 sit,
1817 2974 1964 3034 aliud

376 3069 536 3126 debet
554 3068 800 3134 existima
810 3083 888 3133 re,
917 3066 1022 3124 nisi
1045 3068 1220 3137 ipsum
1238 3068 1433 3133 Deum,
1453 3067 1549 3140 qui
1568 3082 1677 3124 non
1697 3075 1782 3124 est
1807 3069 1959 3140 quid,

374 3158 600 3217 omnino
627 3159 876 3231 ignorare
901 3156 955 3212 in
983 3172 1042 3214 se
1068 3156 1206 3228 ipso,
1235 3157 1378 3228 quod
1408 3159 1524 3229 ipse
1550 3166 1782 3223 nonest,
1812 3157 1958 3230 seip-

361 3264 500 3309 ‘Jnnt
523 3259 706 3308 autem
730 3265 838 3307 non
859 3251 1141 3323 cognoscit
1164 3249 1369 3321 aliquid
1395 3265 1535 3307 esse.
1565 3249 1746 3306 Nescit
1775 3249 1960 3322 igitur,

374 3341 505 3413 quid
537 3342 649 3412 ipse
675 3349 777 3406 est,
806 3342 910 3396 hoc
945 3348 1068 3407 est,
1093 3341 1272 3399 nescit
1301 3355 1361 3396 se
1388 3340 1518 3411 quid
1541 3355 1682 3416 esse,
1705 3342 1960 3412 quoniam

371 3433 684 3506 cognoscit,
712 3447 773 3488 se
813 3430 1020 3488 nullum
1053 3447 1241 3491 eorum
1266 3474 1281 3497 ,
1314 3448 1453 3503 quae
1478 3432 1536 3489 in
1565 3433 1745 3504 aliquo
1765 3449 1962 3507 cogno-

373 3535 622 3591 scuntur,
646 3527 797 3581 etde
837 3526 1035 3596 quibus
1071 3535 1251 3597 potest
1277 3525 1385 3584 dici
1421 3527 1504 3584 vel
1541 3528 1802 3601 intelligi,
1831 3529 1960 3601 quid

372 3629 524 3683 sunt,
547 3617 770 3674 omnino
791 3633 930 3673 esse.
966 3617 1102 3674 Nam
1127 3619 1172 3674 si
1204 3617 1258 3674 in
1285 3620 1470 3692 aliquo
1495 3621 1732 3692 seipsum
1761 3637 1961 3694 cogno-

371 3709 574 3776 sCet‘et,
605 3726 710 3766 non
739 3711 960 3766 omnino
988 3711 1258 3766 inﬁnitum
1283 3723 1339 3767 et
1359 3712 1958 3788 ilicompreltcnsibilettt

374 3800 930 3872 inuominabilemque
960 3801 1197 3873 seipsum
1223 3802 1506 3858 indicaret.
1546 3802 1614 3860 lit
1640 3805 1774 3876 quid
1793 3805 1962 3863 inter-

372 3898 569 3966 rogas;
602 3895 807 3968 inquit,
844 3911 1040 3953 nomen
1085 3897 1300 3955 meum?
1347 3897 1416 3954 Et
1452 3899 1554 3956 boc
1592 3909 1678 3956 est
1723 3917 1894 3973 genus
1937 3900 1963 3936 ⁸

373 3986 640 4043 mirabile.
668 3987 776 4043 Aut
817 4004 997 4046 nonne
1037 3989 1140 4046 boc
1166 4004 1295 4046 vere
1335 3999 1419 4046 est
1462 3991 1709 4045 mirabile
1739 4007 1956 4061 nomen,

369 4079 517 4152 quod
559 4089 646 4135 est
680 4095 846 4152 super
883 4097 1044 4139 omne
1086 4097 1307 4147 nomen,
1354 4084 1498 4152 quod
1537 4083 1957 4153 inuominabile,

369 4172 517 4244 quod
547 4174 695 4228 omni
725 4172 1144 4244 supercollatum
1187 4174 1393 4229 nomini
1425 4175 1733 4240 nominato,
1762 4175 1878 4232 sive
1902 4175 1959 4233 in

367 4264 557 4322 seculo
594 4265 717 4329 hoc,
752 4265 866 4321 sive
901 4265 955 4320 in
991 4263 1208 4321 futuro?
1246 4265 1303 4322 Si
1338 4280 1468 4337 ergo
1497 4266 1738 4339 increpat
1761 4282 1958 4324 nomen

368 4371 528 4413 suum
559 4371 844 4426 quaerere,
875 4357 1000 4428 quia
1031 4373 1194 4429 super
1229 4371 1392 4413 omne
1425 4373 1620 4413 nomen
1656 4366 1771 4423 est,
1800 4358 1963 4414 iuno.

2077 1885 2305 1927 rmmcro
2326 1881 2378 1928 ct
2397 1870 2652 1943 pondere.
2682 1872 2825 1928 Deus
2849 1880 3029 1926 autem
3055 1871 3106 1926 in
3123 1871 3270 1927 nullo
3283 1887 3468 1928 eorum
3501 1874 3659 1930 intel-

2075 1962 2192 2036 ligit
2224 1977 2286 2020 se
2305 1977 2448 2028 esse,
2481 1963 2575 2020 sed
2605 1965 2902 2036 cognoscit,
2922 1979 2982 2020 se
3011 1979 3176 2035 supra
3203 1979 3391 2020 omnes
3419 1981 3540 2023 esse
3561 1983 3660 2022 na-

2075 2045 2233 2109 turae
2249 2055 2471 2112 ordines
2491 2055 2535 2088 ¹¹
2557 2070 2686 2110 suae
2706 2054 3005 2125 sapientiae
3023 2055 3364 2122 excellentia,
3379 2069 3437 2112 et
3460 2057 3597 2113 infra
3616 2060 3660 2092 ³⁸

2072 2145 2253 2202 omnia
2294 2160 2427 2202 suae
2456 2145 2670 2202 virtutis
2695 2145 3008 2212 altitudine,
3049 2155 3105 2202 et
3141 2149 3283 2202 intra
3319 2151 3498 2204 omnia
3529 2165 3664 2205 suae

2071 2241 2440 2314 providentiae
2468 2240 2888 2314 ininvestigahili
2924 2240 3350 2314 dispensatione,
3387 2252 3439 2299 et
3475 2247 3661 2304 omnia

2072 2333 2302 2400 ambire,
2325 2335 2450 2407 quia
2482 2333 2534 2390 in
2565 2335 2682 2406 ipso
2696 2343 2821 2391 sunt
2847 2329 3290 2400 omnia,etexti‘a
3324 2337 3497 2408 ipsum
3524 2337 3661 2396 nihil

2070 2436 2178 2484 est.
2210 2426 2370 2484 Solus
2395 2427 2538 2483 enim
2567 2426 2682 2498 ipse
2704 2435 2789 2484 est
2815 2441 3068 2484 mensura
3098 2428 3218 2494 sine
3255 2444 3528 2497 mensura,
3563 2447 3660 2487 nu-

2071 2533 2256 2577 merus
2285 2519 2406 2576 sine
2431 2533 2676 2586 numero,
2699 2518 2911 2589 pondus
2935 2506 3054 2576 sine
3074 2520 3335 2591 pondere.
3357 2520 3421 2576 Et
3444 2523 3573 2579 meri
3583 2533 3656 2589 to,

2071 2612 2200 2683 quia
2241 2627 2273 2667 a
2311 2609 2491 2678 nullo,
2525 2626 2626 2668 nec
2658 2625 2690 2666 a
2719 2611 2899 2683 seipse
2928 2623 3292 2676 mensuratur,
3320 2622 3656 2676 numeratur,

2068 2703 2374 2769 ordinatur,
2409 2718 2510 2760 nec
2538 2704 2591 2760 in
2624 2703 2730 2759 ulla
2762 2717 3018 2761 mensura
3039 2745 3054 2772 ,
3081 2703 3138 2760 in
3165 2702 3274 2760 ullo
3311 2720 3568 2772 munero,
3600 2707 3656 2762 in

2069 2793 2181 2851 ullo
2207 2795 2400 2852 ordine
2423 2795 2672 2868 intelligit
2699 2810 2760 2853 se
2779 2811 2920 2864 esse,
2946 2796 3202 2868 quoniam
3226 2797 3278 2852 in
3299 2796 3448 2855 nullo
3466 2813 3657 2856 eorum

2069 2885 2503 2946 substantialiter
2529 2890 2860 2957 continetur,
2897 2905 3023 2946 cum
3055 2889 3208 2947 solus
3242 2905 3370 2948 vere
3397 2892 3462 2948 in.
3484 2886 3662 2950 omnii

2067 2981 2171 3040 bus
2196 2997 2358 3055 supra
2397 2983 2581 3040 omnia
2610 2983 2856 3041 infinitus
2883 2984 3103 3040 existat.
3139 2983 3208 3041 Et
3236 3001 3304 3042 ne
3327 2986 3460 3042 milii
3491 3002 3659 3059 oppo-

2068 3090 2189 3143 nas,
2212 3090 2382 3146 quare
2406 3075 2660 3142 dixerim,
2687 3077 2934 3133 ordinem
2960 3091 3246 3149 corporum
3279 3078 3331 3132 in
3354 3077 3570 3134 altiores
3597 3096 3657 3134 so

2063 3178 2289 3223 naturas
2317 3167 2536 3224 extendi
2572 3165 2616 3200 ¹⁸
2643 3181 2750 3224 non
2780 3167 2986 3230 valere,
3025 3183 3152 3224 cum
3189 3167 3494 3235 credamus,
3532 3186 3654 3226 out.

2061 3256 2152 3312 nia
2175 3272 2406 3328 corpora
2428 3256 2482 3312 in
2514 3258 2866 3330 incorporeas
2891 3257 3183 3329 qualitates
3211 3269 3374 3332 atque
3395 3247 3648 3317 substan—

2063 3346 2167 3402 tias
2189 3359 2313 3402 esse
2350 3345 2664 3403 transitura.
2692 3347 2920 3417 Quando
2941 3347 3092 3404 enim
3127 3350 3232 3406 hoc
3270 3351 3396 3414 erit,
3426 3365 3668 3423 corpora~

2059 3452 2184 3495 esse
2224 3433 2783 3496 cessabunt.'Adbuc
2822 3449 3004 3495 autem
3048 3439 3176 3495 dum
3230 3453 3455 3512 corpora
3502 3452 3654 3506 sunt,

2058 3547 2162 3589 nec
2182 3533 2226 3566 “
2258 3532 2486 3589 inferius
2507 3547 2683 3603 neque
2710 3534 2958 3604 superius
2984 3547 3114 3588 suae
3138 3532 3363 3589 daturae
3387 3535 3653 3593 terminos

2059 3631 2287 3694 possunt
2316 3620 2639 3693 transgredi.
2671 3621 2750 3678 De
2787 3638 2890 3692 qua
2921 3631 3077 3694 parte
3100 3621 3493 3695 philosophiae,
3521 3626 3648 3680 dum

2061 3714 2134 3771 de
2165 3715 2338 3771 reditu
2379 3729 2560 3770 rerum
2590 3715 2646 3770 in
2673 3729 2867 3770 causas
2903 3714 3391 3782 considerabimus,
3421 3717 3650 3790 diligen-

2061 3803 2170 3860 tius
2196 3804 2538 3862 tractabitur.
2559 3804 2714 3860 Nunc
2741 3813 2922 3861 autem
2949 3804 3014 3859 de
3039 3817 3126 3868 eo,
3161 3804 3304 3877 quod
3328 3808 3512 3873 instat,
3547 3809 3650 3866 hoc

2057 3907 2165 3964 est,
2197 3899 2342 3969 quod
2370 3898 2532 3963 Deus,
2575 3899 2705 3971 quid
2737 3897 2828 3966 sit,
2865 3915 2972 3954 non
3011 3897 3287 3970 intelligit,
3319 3899 3647 3956 intueamur.

2059 3990 2128 4046 Et
2154 3989 2200 4022 "
2225 3991 2292 4046 de
2317 3990 2420 4047 hoc
2459 3990 2604 4063 quod
2643 4005 2905 4047 conamur
2939 3990 3185 4054 suadere,
3217 3989 3343 4059 quid
3377 3988 3470 4045 tibi
3504 3989 3650 4046 vide-

2061 4093 2150 4139 tur
2189 4082 2253 4150 “,
2283 4097 2388 4138 non
2438 4092 2493 4138 te
2533 4084 2734 4154 pudeat
2773 4081 2954 4139 fateri.
2987 4083 3131 4137 Disc.
3174 4081 3250 4136 De
3279 4083 3381 4138 liae
3413 4083 3649 4139 mirabiii
3687 4115 3695 4122 ο

2059 4175 2239 4232 divina
2256 4175 2577 4247 ignorantia,
2609 4190 2716 4246 qua
2737 4173 2998 4231 Deusnou
3017 4173 3284 4245 intelligit,
3307 4173 3437 4245 quid
3467 4173 3510 4208 "’
3534 4175 3648 4247 ipse

2059 4270 2148 4329 sit,
2165 4284 2347 4341 quaea
2365 4279 2414 4323 te
2433 4267 2574 4323 dicta
2596 4265 2996 4338 snnt,quamvis
3007 4265 3320 4337 caliginosa,
3340 4282 3445 4320 non
3465 4275 3648 4322 tamen

2059 4359 2218 4426 falsa,
2242 4359 2336 4414 sed
2359 4374 2506 4421 vera,
2526 4342 2748 4429 verique
2765 4357 2962 4414 similia
2978 4356 3111 4412 mihi
3128 4358 3298 4412 videri
3320 4358 3511 4412 fateor.
3528 4357 3652 4414 Non

373 4448 649 4513 minabile,
689 4449 842 4520 quid,
888 4449 935 4504 si
973 4449 1096 4521 quis
1141 4459 1370 4520 quaerat
1408 4448 1526 4518 ejus
1569 4449 1954 4517 substantiam,
1985 4481 2038 4540 υ
2064 4453 2207 4508 enim
2232 4452 2447 4519 suades,
2465 4451 2634 4508 Deum
2651 4452 2888 4524 seipsum
2909 4451 3178 4521 ignorare,
3203 4450 3294 4505 sed
3310 4449 3656 4506 solummodo
3712 4452 3715 4453 ⁷

368 4553 534 4612 quae,
587 4539 631 4593 si
677 4538 731 4592 itt
776 4538 958 4608 aliquo
999 4538 1152 4595 linito
1195 4550 1361 4604 esset,
1410 4538 1564 4594 linito
1601 4539 1821 4596 nomine
1852 4554 1959 4596 non

375 4631 627 4689 careret?
666 4632 935 4698 Quoniam
983 4645 1115 4686 vero
1153 4629 1206 4685 in
1249 4631 1397 4688 nullo
1437 4631 1805 4696 substituitur,
1830 4633 1958 4704 quin

371 4720 614 4778 inﬁnitus
654 4722 801 4779 omni
843 4723 1212 4778 nominatione
1259 4731 1438 4785 caret,
1494 4723 1899 4780 inuominabilis
1935 4726 1957 4758 ³

368 4825 470 4870 est.
499 4813 673 4872 Omne
702 4813 989 4885 siquidem,
1028 4815 1170 4885 quod
1217 4816 1270 4870 in
1319 4815 1499 4886 aliquo
1525 4816 1956 4872 substantialiter

369 4903 702 4976 intcliigitnr,
737 4905 811 4960 ita
839 4916 896 4960 ut
925 4908 1144 4977 proprie
1166 4906 1232 4961 de
1253 4923 1318 4960 eo
1340 4908 1680 4976 praedicetur
1701 4909 1830 4979 quid
1859 4909 1947 4972 sit,

316 5024 323 5030 -
368 5011 545 5067 neque
592 4997 808 5052 modum
869 5014 1042 5068 neque
1090 5014 1398 5055 mensuram
1455 5001 1706 5056 excedit;
1766 5001 1948 5070 aliquo

367 5102 602 5161 namque
629 5092 809 5155 modo,
828 5105 946 5159 quo
974 5091 1176 5155 linitur,
1205 5091 1546 5147 concluditur
1564 5109 1577 5154 ;
1597 5093 1773 5164 aliqua
1799 5107 1946 5146 men-

367 5195 515 5249 sara,
544 5197 707 5252 quam
727 5198 984 5254 superare
1011 5200 1118 5238 non
1146 5194 1344 5254 potest,
1377 5186 1610 5240 lineatnr
1633 5185 1674 5239 °.
1717 5185 1773 5240 Si
1801 5184 1944 5240 enim

367 5270 612 5331 inﬁmum
638 5273 693 5331 in
718 5283 911 5329 natura
940 5289 1118 5330 rerum
1148 5275 1442 5332 obtinuerit
1474 5278 1670 5342 locum,
1699 5293 1805 5348 quo
1830 5293 1947 5331 om-

2063 4547 2338 4619 ignorare,
2375 4545 2506 4617 quid
2543 4546 2636 4602 sit.
2667 4544 2734 4602 Et
2764 4545 2959 4600 merito
2982 4585 2999 4610 ,
3045 4544 3173 4614 quia
3208 4559 3313 4598 non
3350 4551 3432 4599 est
3471 4541 3642 4614 quid;

2061 4636 2304 4692 infinitus
2371 4635 2571 4708 quippe
2634 4645 2720 4690 est
2773 4641 2830 4690 et
2879 4633 2981 4689 sibi
3045 4630 3182 4704 ipsi,
3248 4641 3302 4686 et
3351 4632 3641 4696 omnibus,

2056 4742 2195 4798 quae
2223 4728 2372 4783 abeo
2397 4735 2541 4782 sunt.
2572 4725 2651 4781 Ac
2676 4740 2774 4797 per
2810 4725 2915 4781 hoc
2947 4725 2999 4780 in
3030 4725 3130 4780 liae
3159 4723 3342 4794 specie
3383 4725 3646 4795 ignoran-

2059 4822 2165 4875 tiae
2190 4817 2530 4888 apcrtissime
2577 4817 3045 4887 pttlcbcrrimeque
3099 4833 3311 4872 summa
3345 4828 3399 4871 ct
3445 4807 3636 4872 incili.-

2055 4911 2180 4966 bilis
2203 4910 2409 4966 arridet
2441 4909 2727 4978 sapientia.
2775 4908 3020 4970 Stultum,
3039 4909 3182 4962 enim
3217 4909 3307 4962 Dei
3339 4909 3648 4978 sapientius-

2055 5012 2139 5058 est
2160 5002 2483 5058 hominibus.
2506 5000 2642 5055 MAG.
2665 5001 2805 5068 Quid
2823 5001 3024 5072 itaque?
3039 4999 3092 5056 Si
3110 5001 3228 5070 quis
3253 5001 3316 5055 de
3334 4999 3442 5055 Deo
3473 5007 3636 5056 inter.

2055 5073 2343 5168 rogaverit,
2367 5105 2604 5166 quantus
2628 5095 2706 5148 vel
2739 5095 2915 5164 qualis
2945 5096 3046 5176 sit.
3080 5112 3207 5148 nutu
3245 5095 3339 5148 tibi
3383 5105 3527 5149 recte
3559 5096 3605 5149 vi
3629 5123 3641 5136 -

2055 5189 2268 5242 IiClllllil‘
2295 5186 2639 5256 responderi,
2679 5194 2857 5241 tantus
2886 5197 2942 5241 ct
2986 5187 3142 5241 talis?
3167 5185 3278 5242 Non
3327 5186 3468 5242 illam
3513 5186 3650 5242 diem

2055 5279 2416 5350 quantitatem
2443 5287 2497 5333 ct
2532 5277 2869 5348 qualitatem,
2910 5277 2978 5333 dc
3015 5294 3118 5347 qua
3159 5277 3425 5346 l‘ropltcta
3455 5276 3634 5334 dicit:

1657 5433 1909 5490 VARIAL‘
1950 5434 2349 5491 Ll-IC'l‘lONES.

1195 5550 1268 5602 3A
1307 5549 1566 5602 rarissime
1601 5548 1664 5602 de
1708 5549 1832 5603 Deo.

1251 5623 1272 5649 ⁸
1319 5622 1362 5672 Α
1407 5621 1786 5672 ι’.ι“ιι“ησΙι³ι“εΗιι“.

440 5553 452 5584 '
483 5549 588 5606 Pro
619 5547 730 5603 iaC
756 5552 846 5603 ita.
926 5550 945 5579 ⁵
985 5550 1026 5604 Α
1051 5552 1115 5604 si.

372 5624 547 5676 liuent.
652 5622 670 5650 ⁷
707 5619 747 5672 Α
805 5625 1146 5674 relevaretur.

373 5691 417 5725 “
471 5693 560 5744 Sic
613 5690 688 5754 (ἒς
730 5691 773 5745 Α
801 5701 1018 5744 naturae
1053 5693 1258 5744 ordines
1299 5707 1424 5743 esse.

1914 5551 1932 5579 "
1972 5567 2133 5619 genus
2176 5565 2287 5604 out.
2330 5551 2390 5601 (Δ.

1914 5622 1934 5648 ³
1997 5625 2085 5678 sed
2152 5624 2443 5675 uatum/cm
2499 5648 2570 5660 ιο-
2630 5632 2819 5673 statum
2884 5637 2991 5672 oin.
3051 5622 3112 5671 ιζ.

1542 5691 1584 5719 ⁸³
1616 5691 1706 5744 διε
1747 5690 1854 5743 AC.
1889 5691 1932 5719 ’³
1981 5695 2021 5741 ιι
2055 5696 2348 5747 (ﬂendum.

2473 5549 2491 5579 ⁵
2531 5547 2710 5618 (ἷυιιῇη
2738 5549 2838 5601 ΜΖ·
2865 5551 2987 5617 (μήτε
3026 5549 3446 5648 ἱιιιιοιιιιιέειὶιιὶιδ.
3525 5550 3546 5579 ⁸
3587 5549 3648 5607 ς’

2500 5648 2546 5650 γ,
2634 5632 2819 5650 una...“
2885 5637 2970 5650 ...η
3051 5622 3087 5650 ι’
3227 5622 3239 5650 ι
3320 5622 3358 5650 ι’
3405 5631 3605 5650 ,ιιι-...Δί

3320 5622 3360 5670 t2
3403 5638 3494 5675 con
3505 5631 3625 5676 rect.

2509 5705 2546 5741 ι.
2575 5707 2693 5744 rion.
2793 5689 2996 5760 “quod
3028 5690 3160 5743 lli-us
3197 5719 3267 5729 ο-
3309 5688 3374 5742 Et
3412 5707 3514 5745 om,
3561 5696 3629 5750 ιτ,

375 5762 415 5793 ⁸⁸
454 5761 544 5818 Sic
579 5764 651 5825 ιζ,
690 5763 729 5816 Α
763 5758 824 5812 Et
845 5778 1016 5817 turum
1055 5764 1144 5814 tibi
1192 5762 1453 5831 pini-ebur
1485 5763 1699 5816 videtur.
1731 5762 1870 5831 quod
1894 5779 2143 5816 rmnmun'
2180 5780 2241 5817 nr
2264 5769 2357 5817 Iter
2382 5789 2437 5817 ett
2464 5766 2617 5820 (detr,
2647 5773 2782 5815 non!
2817 5758 3026 5832 pudeat
3067 5772 3165 5815 ενι.
3249 5763 3287 5793 ¹”
3314 5761 3355 5816 ε’
3385 5778 3538 5830 quon.
