4230 6068
513 183 620 255 59‘!

1912 185 2197 259 JOANNIS
2231 184 2433 245 scen

3699 178 3812 249 592

520 297 751 376 Magnus
784 299 1042 361 Dominus
1061 310 1110 358 et
1130 300 1417 365 laudabilis
1436 301 1617 375 nimis,
1647 310 1696 357 et
1732 294 2109 374 magnitudinis
2137 306 2184 367 Α
2216 300 2426 359 nullum
2457 297 2624 355 situm
2646 296 2984 367 babitnmve,
3017 294 3423 354 nullunriocum
3445 308 3542 353 seu
3573 304 3811 369 tempus.

515 391 640 468 ejus
662 410 768 451 non
796 404 882 459 est
900 392 1050 465 ﬁnis.
1087 391 1224 451 Vide
1265 408 1436 468 quam
1460 391 1571 451 alte
1599 392 1906 465 Theologus
1938 392 2116 463 loquie

512 482 925 558 turtﬁlagtm,
966 483 1166 559 inquit,
1203 483 1479 544 Dominus.
1518 485 1628 543 Sed
1677 500 1749 543 ne
1791 484 1913 558 quis
1960 484 2115 542 ﬁnita

517 574 827 647 quantitate
858 590 985 633 eum
1031 574 1176 634 ﬁniri
1212 583 1451 646 putaret,
1502 575 1762 632 continuo
1802 575 1952 646 addit
1997 591 2013 630 :
2057 587 2112 632 et

508 667 901 743 magnitudinis
927 667 1043 738 ejus
1073 684 1178 722 non
1207 676 1284 722 est
1312 667 1460 737 ﬁnis.
1499 666 1656 746 item,
1690 680 1761 725 ne
1785 667 1910 741 quis
1937 666 2113 736 quali.-

518 764 688 821 tstetn
714 757 924 815 ﬁnitam
954 758 1007 812 in
1046 772 1111 812 eo
1131 771 1252 814 esse
1275 758 1614 833 opinaretur.
1653 771 1763 815 non
1801 755 1940 814 dixit
1975 756 2109 813 sint-

508 846 823 927 pliciteret
867 847 1180 915 laudabilis,
1230 850 1325 904 sed
1365 847 1688 923 subiunxit:
1720 848 1913 915 nimis;
1947 847 2113 905 nimis

509 946 702 999 autem
742 938 964 1002 dicitur,
999 940 1147 1011 quod
1184 953 1404 996 omnem
1446 941 1667 996 modum
1707 939 1942 1007 excedit.
1990 937 2110 995 Non

512 1027 665 1089 illam
697 1029 901 1102 itaque,
931 1039 993 1085 ut
1018 1030 1156 1098 dixi,
1180 1032 1541 1102 quantitatem
1564 1029 1835 1088 inﬁnitam
1856 1030 2108 1097 nomino,

516 1138 623 1182 nec
655 1122 805 1179 illam
826 1122 1164 1195 qualitatem,
1190 1139 1335 1195 quae
1361 1131 1449 1183 est
1469 1123 1667 1188 nimis;
1698 1125 1835 1181 baec
1872 1138 2111 1194 namque

509 1210 661 1271 non‘
688 1212 985 1285 incongrue
1006 1212 1073 1270 de
1105 1214 1215 1270 Deo
1230 1215 1573 1287 cogitantur;
1600 1215 1695 1272 sed
1724 1214 2043 1287 qualitatem
2054 1223 2113 1276 et

510 1303 894 1386 quantitatem,
914 1319 1059 1376 quae
1082 1307 1383 1367 secundum
1413 1305 1668 1369 accidens
1683 1307 1740 1363 in
1762 1303 2007 1377 subjecto
2024 1305 2109 1362 di-

510 1403 729 1454 cuntur.
747 1396 892 1454 Disc.
909 1396 1027 1454 Non
1051 1408 1199 1456 recte
1218 1398 1459 1470 quidem.
1478 1396 1584 1455 Ubi
1599 1398 1744 1454 enim
1773 1413 1882 1456 non
1899 1396 2110 1455 inveni-

509 1497 603 1546 tur
627 1487 853 1545 deﬁnita
880 1489 1204 1556 substantia,
1237 1489 1347 1555 vel,
1378 1498 1438 1547 ut
1475 1488 1551 1547 ita
1580 1489 1760 1546 dicam
1778 1530 1793 1555 ,
1818 1487 2110 1547 deﬁnitum

432 1572 437 1576 ’
509 1577 840 1652 subjectum,
862 1580 937 1636 ibi
962 1581 1323 1661 quantitatem
1354 1581 1377 1613 ⁸
1397 1590 1455 1637 et
1490 1579 1808 1651 qualitatem
1840 1594 2109 1660 quaerere

2215 393 2424 459 nullum
2472 409 2634 464 agere
2679 394 2761 449 vel
2819 393 2933 464 pati
2981 391 3204 449 omnino
3240 389 3291 448 ei
3317 389 3587 453 accidere,
3619 404 3685 445 ac
3709 391 3812 460 per

2209 488 2321 569 iure
2341 489 2548 547 nullum
2580 502 2768 547 eorum
2794 503 2894 543 nec
2923 502 2956 548 a
2978 485 3181 557 seipse,
3213 498 3316 542 nec
3340 484 3409 540 ab
3436 482 3544 538 alio
3560 483 3613 537 in
3628 481 3810 555 seipse

2215 582 2260 613 “
2303 578 2529 650 intelligi
2553 580 2751 652 posse?
2782 578 3061 649 Siquidem
3087 574 3313 633 deﬁnita
3334 574 3639 631 substantia
3659 572 3713 628 in
3737 585 3812 628 eo

2213 685 2322 729 non
2357 679 2597 744 reperta,
2634 684 2812 742 neque
2855 662 3152 734 intellecta.
3185 663 3393 727 nullum
3442 663 3812 721 accidentium

2211 762 2467 830 deﬁnitae
2520 762 2860 820 substantiae
2890 761 2942 825 ei
2996 760 3248 817 accidere
3294 768 3510 817 rectum
3537 764 3623 813 est
3644 756 3812 815 dubi-

2212 864 2350 925 tare.
2404 854 2502 911 [bi
2546 855 2693 920 enim
2753 851 2938 910 deﬁcit
2975 850 3269 918 deﬁnitum
3327 851 3674 922 subjectum,
3726 844 3810 904 ibi

2210 946 2423 1031 nullum
2466 945 2734 1031 _accidens
2790 942 3110 1016 intelligitur
3155 943 3470 1031 adiunctum
3515 938 3603 995 vel
3651 952 3812 1031 seps:-
3889 964 3895 973 -

2210 1023 2410 1113 ratum,
2443 1023 2528 1099 v'el
2553 1035 2663 1093 ullo
2685 1035 2849 1092 modo
2867 1043 3063 1090 natura
3091 1030 3321 1104 subjecti
3342 1030 3661 1103 discretum.
3694 1024 3808 1084 Sed

2210 1126 2270 1188 ut
2305 1130 2549 1189 breviter
2574 1132 2643 1186 de
2665 1127 2895 1199 singulis
2933 1127 3203 1192 dicamus.
3248 1123 3319 1179 de
3339 1113 3543 1195 quibus
3564 1121 3618 1177 in
3639 1135 3806 1193 supe-

2210 1223 2343 1287 riori
2363 1222 2504 1281 libro
2525 1218 2808 1294 copiose“
2833 1216 3192 1277 tractavimus
3209 1233 3224 1270 :
3241 1213 3379 1284 Quis
3409 1211 3624 1275 divinae
3651 1218 3819 1266 natu-

2209 1332 2306 1375 rae
2331 1316 2496 1379 situm
2537 1302 2750 1376 dederit
2768 1353 2784 1378 .
2806 1312 2938 1369 dum
2960 1317 3018 1368 et
3058 1310 3177 1383 ipsa
3203 1308 3263 1365 in
3285 1306 3464 1379 seipse
3493 1303 3707 1365 nullum
3730 1316 3811 1381 st-

2209 1419 2323 1467 tum
2370 1406 2685 1482 cognoscit!
2729 1406 2882 1471 Situs
2921 1405 3067 1461 enim
3105 1410 3199 1459 aut
3232 1400 3471 1475 partium
3502 1398 3559 1462 in
3608 1405 3723 1455 toto
3757 1395 3809 1432 ⁸⁸

2206 1509 2321 1568 est;
2380 1499 2531 1559 verbi
2566 1497 2775 1572 gratia,
2828 1497 2979 1555 situs.
3014 1493 3237 1563 immani
3266 1489 3515 1565 corporis
3548 1495 3637 1546 est
3667 1485 3807 1545 ordo

2208 1570 2601 1656 membrorum,
2647 1603 2759 1665 quo
2801 1588 2847 1621 "
2872 1602 3037 1654 omne
3080 1585 3383 1648 membrum
3413 1582 3468 1639 in
3490 1595 3589 1639 suo
3611 1578 3809 1660 ordine

507 1680 566 1727 et
590 1671 811 1729 ﬁrmare
840 1672 1067 1728 stultum
1100 1656 1269 1729 valde
1284 1672 1507 1744 risuque
1529 1673 1751 1744 dignum
1790 1656 1923 1731 mihi
1956 1671 2105 1727 vide—
2131 1684 2183 1754 β
2208 1686 2408 1741 sinitur
2447 1684 2511 1739 “.
2566 1656 2719 1759 Situs
2763 1694 2982 1755 quoque
3007 1678 3206 1739 dicitur
3232 1676 3400 1741 totius
3421 1672 3669 1747 corporis

506 1774 621 1819 tur.
646 1763 729 1820 Ac
758 1774 856 1837 per
894 1765 1017 1832 hoc,
1049 1766 1179 1825 dum
1204 1765 1261 1820 in
1284 1764 1398 1825 Deo
1421 1778 1522 1821 nec
1552 1766 1688 1837 ipse,
1718 1780 1822 1822 nec
1848 1764 1990 1828 alius
2019 1762 2101 1819 in-

510 1854 755 1912 tellectus
776 1854 942 1911 ullam
966 1855 1243 1930 deﬁnitam
1266 1856 1651 1918 substantiam.
1682 1855 1792 1920 vel,
1822 1865 1883 1918 ut
1911 1856 1988 1919 ita
2017 1854 2102 1911 di.-

505 1962 652 2013 cam,
699 1946 985 2004 deﬁnitum
1013 1946 1334 2016 subjectum.
1366 1947 1668 2004 secundum
1694 1947 1840 2022 quod
1876 1946 1983 2009 dici
2016 1946 2130 2007 vel-

503 2037 731 2110 intelligi
783 2040 958 2096 valeat
985 2038 1117 2111 quid
1142 2037 1237 2106 sit,
1280 2039 1522 2109 reperire
1548 2054 1665 2121 non
1686 2048 1889 2113 petest,
1920 2055 2100 2104 nonne

402 2172 415 2185 ς
502 2129 1122 2211 ιίιηρίιιίεείωθλςιιιηῑ,
1165 2130 1371 2196 nullam
1430 2129 1639 2189 ﬁnitam
1683 2132 1771 2187 vel
1827 2130 2099 2189 inﬁnitain

501 2224 888 2296 quantitatem,
944 2223 1148 2297 nullam
1178 2223 1503 2296 qualitatem
1551 2222 1763 2279 ﬁnitam
1793 2222 1880 2289 vel
1913 2223 2100 2280 inﬁni-

505 2328 617 2373 tam
648 2317 705 2372 in
751 2318 869 2389 ipso
912 2317 1168 2391 cognosci
1192 2333 1227 2372 a
1259 2332 1321 2373 se
1349 2316 1489 2390 ipso,
1514 2314 1602 2374 vel
1632 2318 1702 2376 ab
1722 2317 1845 2373 alio
1879 2316 2102 2374 valeret

504 2407 563 2464 Si
588 2407 732 2464 enim
758 2422 977 2464 omnem
1004 2408 1212 2470 ﬁnitam
1239 2418 1297 2464 et
1327 2408 1593 2469 inﬁnitam
1623 2408 1986 2467 substantiam
2016 2411 2099 2465 in-

507 2500 659 2555 tinita
700 2508 757 2554 ct
802 2500 1088 2573 plusquam
1130 2499 1339 2557 inﬁnita
1368 2502 1622 2578 propriae
1650 2500 1871 2566 virtutis
1914 2501 2105 2559 θεοει-

499 2590 666 2661 lentia
716 2592 1106 2663 superesaltat,
1162 2592 1286 2664 quis
1326 2608 1434 2648 non
1467 2594 1729 2655 continuo
1757 2579 1823 2650 ac
1843 2593 1961 2651 sine
1987 2594 2097 2650 ulla

498 2682 844 2742 dubitatione
915 2692 1203 2761 erumpat,
1271 2691 1332 2738 ut
1397 2694 1588 2756 aperte
1646 2683 1886 2748 fateatur
1933 2694 2099 2755 atque

477 2775 810 2854 .exclamet,
845 2774 1048 2830 nullam
1085 2774 1294 2829 ﬁnitam
1316 2774 1402 2830 vel
1439 2774 1706 2837 inﬁnitam
1736 2776 2097 2849 «plantitatcm

503 2870 591 2925 vel
626 2869 944 2938 qualitatem
1001 2868 1056 2923 in
1107 2881 1236 2923 cum
1277 2868 1497 2933 cadere.
1519 2876 1614 2924 aut
1638 2869 1749 2924 ullo
1777 2870 1939 2933 modo
1964 2869 2098 2941 quid

501 2961 727 3019 untnino
751 2959 908 3018 esse?
929 2959 1063 3017 Nam
1091 2959 1179 3015 ubi
1210 2960 1486 3016 invenitur
1504 2961 1656 3032 quid,
1682 2960 1755 3017 ibi
1782 2962 2092 3027 confestim,

2203 1776 2356 1844 sitio,
2384 1774 2538 1832 verbi
2585 1773 2782 1847 gratia,
2810 1782 2944 1842 stat,
2976 1772 3154 1838 sedet,
3175 1768 3352 1841 jacet,
3388 1765 3594 1842 quibus
3635 1764 3809 1825 omni-

2202 1868 2307 1935 bus
2330 1866 2556 1924 omnino
2583 1866 2803 1922 divinae
2831 1863 3107 1921 essentiae
3132 1864 3388 1918 virtutem
3417 1873 3609 1916 carere
3637 1872 3799 1916 nemo

2201 1966 2351 2015 recte
2391 1956 2891 2033 philosophantium
2919 1954 3155 2027 ignorat.
3190 1951 3307 2011 Non
3328 1951 3475 2008 enim
3500 1960 3673 2005 totum
3693 1954 3805 2016 est,

2202 2064 2378 2121 neque
2419 2062 2568 2121 pars,
2599 2061 2776 2119 neque
2801 2046 2952 2103 sedet
2979 2044 3147 2101 veluti
3176 2042 3425 2121 fatigata.
3455 2055 3634 2110 neque
3653 2040 3805 2114 jacet

2201 2149 2261 2199 ut
2289 2149 2582 2212 prostrata,
2600 2153 2776 2219 neque
2788 2146 2913 2208 post
2927 2134 3094 2198 ullum
3115 2133 3158 2167 "
3181 2141 3384 2190 motum
3404 2140 3538 2187 stat.
3555 2128 3639 2187 Ad
3663 2130 3804 2185 dex-

2200 2245 2341 2291 tram
2374 2233 2553 2290 Patris
2575 2232 2765 2297 sedere
2778 2231 2815 2287 F
2823 2230 2949 2289 ilius
2968 2228 3171 2285 dicitur
3195 2228 3263 2294 ⁸⁸,
3292 2233 3438 2282 totus
3458 2223 3653 2288 Filius,
3667 2220 3804 2281 Ver-

2198 2330 2325 2390 bum
2355 2338 2579 2387 etcaro.
2606 2326 2806 2383 Dextra
2833 2324 3011 2389 Patris
3031 2332 3119 2381 est
3145 2322 3387 2396 potentia
3404 2319 3605 2385 Patris,
3630 2318 3793 2376 forti-

2202 2422 2331 2480 tudo
2363 2418 2562 2476 Patris.
2618 2418 2740 2491 Ipse
2789 2418 2972 2497 itaque
3021 2415 3192 2472 Filius
3222 2416 3414 2470 dextra
3467 2411 3650 2468 Patris
3690 2419 3797 2468 est.

2198 2511 2301 2572 Ubi
2330 2512 2494 2584 igitur
2524 2509 2566 2542 "
2588 2510 2765 2577 sedet,
2792 2509 2847 2566 in
2892 2509 3073 2584 seipso
3096 2507 3268 2572 sedet,
3308 2502 3810 2560 consubstantialis

2178 2604 2345 2666 'Patri
2382 2617 2633 2670 manens,
2667 2599 2921 2673 judicans
2941 2601 3125 2657 omnia
3168 2598 3404 2670 quietus.
3451 2594 3576 2651 Stat
3601 2594 3648 2627 "
3674 2592 3800 2651 Ste-
3846 2592 3857 2601 ’

2198 2698 2382 2773 pbano
2409 2694 2671 2754 militibus
2692 2707 3068 2773 compugnans
3088 2691 3222 2757 suis,
3246 2689 3383 2775 dans
3405 2689 3486 2746 eis
3510 2688 3799 2752 virtutem,

2196 2797 2260 2845 ut
2308 2788 2535 2844 vincant
2574 2786 2632 2843 in
2682 2786 2869 2852 terris.
2898 2786 3086 2844 clatra
3120 2782 3337 2843 Domini
3364 2781 3484 2852 fecit
3517 2781 3759 2837 virtutem
3779 2819 3801 2845 ,

2194 2879 2437 2950 largiens
2469 2879 2550 2935 eis
2595 2892 2858 2935 coronam
2877 2875 3237 2934 confessionis
3273 2874 3375 2930 sibi
3426 2874 3471 2906 "
3524 2873 3580 2928 in
3608 2872 3797 2947 caelis.

2204 2969 2335 3027 Vide
2353 2957 2626 3043 quom-ode
2645 2968 2816 3034 sedet,
2840 2966 3113 3041 quomodo
3146 2978 3278 3022 stat.
3309 2963 3460 3021 Situs
3485 2965 3532 2997 “
3557 2966 3659 3020 iste
3683 2978 3802 3036 my-

503 3062 766 3124 quantum
797 3062 849 3109 et
872 3052 1053 3126 quale.
1086 3052 1186 3111 Ubi
1218 3070 1350 3112 vero
1385 3070 1493 3117 non
1518 3064 1605 3112 est
1627 3055 1774 3125 quid,
1802 3055 1879 3112 ibi
1920 3071 2094 3129 quan-
2121 3041 2169 3114 Ο
2200 3041 2387 3125 sticus
2413 3070 2520 3129 est,
2543 3076 2650 3123 non
2676 3074 2996 3133 conterens,
3025 3074 3131 3123 non
3154 3058 3361 3123 let-alis,
3404 3057 3500 3114 sed
3542 3056 3799 3128 spiritua-

505 3152 623 3201 tum
654 3155 711 3201 et
731 3145 895 3218 quale
917 3146 1252 3220 impossibile
1281 3154 1365 3203 est
1395 3144 1644 3216 reperiri.
1674 3144 1733 3212 Si
1761 3160 1894 3219 ﬁrst)
1922 3146 1978 3202 in
2008 3162 2099 3203 re-
2144 3188 2148 3191 -
2201 3155 2272 3215 iis
2294 3156 2365 3211 ’³.
2402 3154 2590 3215 Talem
2612 3154 2665 3191 ³⁸
2684 3153 2847 3219 situm
2870 3154 3087 3213 divinae
3108 3162 3334 3209 naturae
3353 3164 3638 3222 cognosce.
3663 3148 3802 3220 Quis

505 3253 628 3293 mm
675 3237 966 3310 generibus
1012 3252 1187 3317 neque
1213 3238 1362 3310 (λειω.
1389 3251 1565 3307 neque
1597 3245 1886 3307 quantum.
1919 3252 2098 3313 neque
2200 3250 2252 3305 et
2295 3249 2545 3307 habitum
2584 3244 2917 3324 adiunxerit,
2946 3244 3073 3309 dum
3099 3244 3154 3300 in
3180 3243 3359 3316 seipse
3381 3242 3587 3298 nullum
3615 3241 3803 3311 perel-

502 3332 683 3402 quale,
718 3348 893 3400 neque
943 3332 1110 3388 nilum
1150 3334 1405 3407 accidens
1445 3331 1786 3417 intelligitur,
1836 3332 2093 3405 quoniam

2201 3341 2281 3414 pit
2314 3341 2597 3399 habitum?
2642 3338 2763 3417 Ipsa
2794 3336 3065 3407 siquidem
3108 3334 3210 3394 sibi
3243 3335 3346 3405 ipsi
3375 3333 3444 3390 ad
3485 3333 3798 3393 habendum

500 3423 769 3493 simplicia
807 3432 953 3490 sunt,
998 3423 1133 3478 haec
1160 3439 1293 3482 vero
1339 3424 1393 3479 in
1433 3415 1729 3487 individuis
1754 3423 2100 3489 soluunnodo

500 3525 871 3587 quaeruntur.
897 3517 1039 3590 quis.
1065 3516 1170 3575 nisi
1196 3517 1412 3581 stultus,
1440 3516 1497 3574 in
1524 3514 1637 3581 Deo
1659 3517 1791 3591 quid
1819 3517 1902 3573 vel
1928 3530 2099 3593 quan-

509 3602 624 3666 tum
647 3610 732 3665 vel
760 3610 925 3680 quale
949 3612 1146 3671 audeat
1170 3609 1475 3682 quaerere?

575 3700 720 3764 lito.
743 3699 884 3768 Quid
915 3701 1103 3773 igitur?
1134 3699 1273 3756 Num
1296 3701 1353 3756 in
1379 3714 1448 3757 eo
1470 3700 1728 3765 aestimas
1747 3713 1868 3757 esse
1884 3683 2100 3759 relatio.

503 3808 654 3859 nem,
675 3808 860 3864 quaen
888 3791 1335 3849 Graecis-dicitur
1358 3794 1492 3873 πρὸς
1514 3816 1584 3851 τι.
1604 3794 1751 3849 Dtsc.
1766 3792 1845 3853 Ne
1861 3792 1962 3848 hoc
1979 3792 2100 3863 qui-

504 3888 626 3942 dem
666 3885 920 3941 dixerim.
955 3882 1059 3940 Ubi
1095 3886 1240 3941 enim
1264 3884 1285 3916 ⁸
1314 3884 1534 3941 deﬁnita
1551 3884 1852 3946 substantia
1870 3899 1975 3941 non
2000 3899 2098 3957 po-

501 3971 613 4034 iest
657 3976 916 4049 intelligi,
952 3975 1024 4032 ibi
1057 3976 1259 4033 nullam
1284 3975 1600 4033 relationem
1640 3975 1759 4031 ﬁeri
1792 3990 1950 4049 posse
1988 3991 2095 4037 non

500 4069 739 4141 ambigo.
790 4068 909 4127 Non
949 4068 1093 4124 enim
1154 4079 1238 4124 est
1267 4068 1291 4100 δ
1319 4070 1617 4131 Rotundum
1667 4069 2024 4132 substantiam
2050 4069 2090 4135 ⁸,

504 4162 602 4225 ξω
630 4161 931 4217 secundum
962 4159 1233 4231 quandam
1282 4159 1533 4233 copulam
1567 4158 2043 4239 habitudinemque
2072 4162 2095 4193 "

505 4253 741 4311 duorum
772 4266 868 4309 seu
898 4250 1169 4323 pluriutn’
1199 4250 1583 4322 subjectorum.
1611 4250 1745 4314 Nam
1771 4251 1984 4322 quodin
2006 4250 2097 4308 di-

2199 3430 2420 3497 suﬁicit,
2445 3445 2547 3487 nec
2584 3428 2694 3485 ulla
2719 3429 2892 3490 virtus
2917 3428 2973 3488 ei
2993 3426 3214 3493 accidit,
3241 3427 3496 3498 quoniam
3527 3424 3582 3481 in
3615 3423 3793 3495 seipse

2200 3522 2598 3598 simplicissima
2620 3520 2815 3585 virtus,
2844 3526 2902 3574 et
2925 3516 3211 3590 plusquam
3234 3517 3407 3572 virtus
3434 3514 3706 3579 subsistit,
3732 3521 3797 3569 et

2198 3615 2325 3681 fons
2367 3612 2616 3679 omnium
2639 3610 2934 3674 virtutum,
2980 3615 3039 3663 ct
3085 3620 3443 3678 quaecunque
3485 3604 3795 3661 substantia

2197 3704 2455 3782 virtutem
2476 3703 2736 3777 possidet,
2758 3717 2866 3761 non
2889 3699 3108 3761 aliunde
3129 3699 3312 3764 habet,
3344 3697 3448 3754 nisi
3473 3713 3539 3755 ex
3564 3695 3793 3769 partici-

2198 3798 2420 3870 patione
2443 3794 2787 3868 generalium
2812 3794 3096 3855 virtutum,
3120 3806 3256 3869 quas
3293 3789 3533 3847 omnium
3558 3787 3795 3853 causalis

2198 3891 2376 3947 virtus
2419 3888 2477 3946 in
2528 3885 2970 3961 primordialibus
3019 3885 3135 3942 suis
3179 3883 3423 3941 condidit
3478 3880 3786 3954 principiis.

2163 4025 2171 4028 .
2197 3980 2357 4039 Omni
2383 3979 2505 4037 loco
2527 3986 2679 4036 caret
2700 3977 2751 4011 "
2774 3976 2958 4033 divina
2989 3987 3204 4034 natura.
3233 3973 3484 4045 quamvis
3511 3973 3654 4028 intra
3703 3983 3793 4028 se-

2198 4073 2371 4147 ipsam
2399 4072 2610 4139 omnia,
2624 4084 2767 4145 quae
2782 4068 2852 4124 ab
2875 4083 2941 4123 ea
2960 4076 3107 4134 sunt,
3130 4065 3387 4147 eollocet;
3413 4065 3644 4134 ideoque
3662 4076 3786 4120 om-

2198 4165 2350 4230 nium
2391 4163 2545 4219 locus
2587 4161 2806 4225 dicitur,
2831 4160 3067 4232 seipsam
3096 4166 3274 4221 tamen
3304 4154 3480 4210 nescit
3499 4154 3549 4189 ’⁸
3571 4153 3786 4215 locare,

2194 4255 2328 4335 quia
2358 4254 2567 4311 inﬁnita
2599 4262 2685 4311 est
2706 4250 3270 4324 etincircumscripta,
3293 4255 3350 4303 et
3385 4263 3417 4301 a
3454 4244 3601 4301 nullo
3621 4242 3785 4335 intel-

503 4344 664 4401 vittae
691 4344 950 4405 bonitatis
976 4342 1265 4406 Trinitate.
1293 4343 1395 4400 sub
1418 4342 1639 4400 relativa
1661 4344 1684 4376 ⁸
1713 4343 1909 4410 forma,
1931 4341 2095 4399 Pater
2128 4411 2166 4420 _
2198 4332 2363 4409 lectu.
2390 4358 2566 4419 neque
2585 4350 2626 4399 a’
2648 4344 2824 4420 seipsa
2849 4342 2895 4374 "
2922 4341 3107 4400 locari.
3136 4339 3190 4393 id
3214 4346 3317 4401 est,
3352 4335 3564 4392 deﬁniri
3593 4343 3650 4390 et
3669 4332 3784 4393 cir-

504 4434 625 4494 l=‘ilii
650 4436 849 4494 dicitur
873 4436 918 4503 ’,
939 4446 994 4491 et
1017 4436 1058 4493 ιε’
1062 4436 1187 4491 ilius
1216 4435 1413 4498 Patris.
1438 4434 1558 4507 plus
1579 4435 1709 4493 Inibi
1736 4434 2096 4506 possessionis
2125 4411 2175 4473 θ
2198 4411 2494 4501 cumscribi
2543 4411 2832 4510 permiltit.
2892 4433 2975 4488 Ab
3027 4434 3139 4505 ipsa
3168 4429 3434 4501 siquidem
3469 4426 3679 4482 inﬁnita
3726 4432 3787 4483 et

504 4527 771 4599 lubitum.
809 4542 973 4598 quam
1006 4528 1287 4587 relationis
1314 4527 1738 4591 vicissitudinem
1785 4528 2002 4589 videtur
2020 4526 2097 4584 si-
2142 4538 2151 4546 '
2199 4531 2484 4603 plusquam
2517 4529 2726 4585 inﬁnita
2749 4525 3113 4602 omniaﬁnita
3140 4533 3197 4578 et
3222 4522 3429 4578 inﬁnita
3458 4521 3782 4591 procedunt,

502 4610 785 4694 gniﬁcare.
812 4611 931 4673 Non
954 4632 1141 4693 autem
1164 4620 1418 4681 accidens
1446 4629 1531 4677 est
1562 4620 1607 4652 ⁸⁸
1634 4619 1781 4676 Patri
1813 4616 2094 4691 possidere
2198 4606 2361 4697 inque
2412 4624 2588 4705 ipsam
2630 4622 2679 4656 ”
2721 4620 2987 4683 inﬁnitam
3014 4626 3069 4673 et
3091 4617 3374 4689 plusquam
3405 4613 3670 4669 inﬁnitam
3698 4626 3780 4668 re-

506 4710 726 4777 F‘ilium,
761 4727 861 4767 nec
889 4712 929 4743 ”
961 4711 1097 4768 Filio
1133 4714 1416 4785 possidere
1456 4713 1695 4775 Patrem.
1728 4713 1868 4771 Mss.
1901 4706 1978 4779 De
2003 4726 2094 4768 ce-
2195 4717 2387 4778 deum.
2416 4715 2685 4786 Tempore
2721 4711 2769 4745 ”
2803 4719 2957 4767 caret
2980 4726 3050 4765 ea
3077 4708 3292 4769 natura.
3319 4721 3458 4777 quae
3488 4720 3547 4760 se
3569 4706 3784 4779 ignorat

508 4795 642 4861 teris
689 4803 980 4878 categoriis
1028 4819 1125 4875 per
1170 4805 1381 4879 singula
1420 4805 1748 4875 superﬂuum
1772 4804 1985 4861 videtur
2015 4804 2091 4864 div
2194 4808 2523 4881 principium
2549 4806 2749 4869 habere
2775 4804 2860 4860 vel
2904 4805 3088 4868 linem,
3112 4814 3404 4865 etomnem
3430 4791 3783 4869 ηὶοιιιῐηοίμιό

507 4910 658 4964 cere,
697 4904 755 4953 ut
773 4896 1024 4955 aestimo.
1044 4893 1181 4951 Nam
1200 4897 1246 4953 si
1272 4898 1414 4953 Deus
1443 4898 1556 4969 ipse
1576 4897 1813 4967 seipsnm
1843 4896 1896 4955 in
1945 4894 2090 4953 nulla
2194 4888 2443 4964 movetur
2465 4913 2646 4961 omne,
2662 4897 2803 4972 quod
2829 4912 2860 4953 a
2885 4896 3153 4970 principio
3178 4896 3246 4956 ad
3270 4894 3428 4948 linem
3455 4898 3511 4946 et
3542 4890 3597 4944 in
3618 4887 3783 4942 ﬁnem

512 4988 734 5045 deﬁnita
764 4986 1088 5051 substantia,
1117 5003 1211 5044 seu
1235 4990 1554 5059 quantitate,
1578 5004 1673 5046 seu
1693 4988 2092 5060 qttalitate,seu
2193 4992 2457 5049 movetur.
2509 4988 2693 5045 Nescit
2746 4987 2801 5045 in
2846 5003 2907 5044 se
2947 4987 3305 5050 incrementa,
3348 4996 3487 5052 quae
3526 4980 3663 5033 ﬁunt
3682 4990 3785 5051 per

505 5077 771 5141 nimione
792 5077 1092 5152 intelligit,
1113 5078 1205 5134 cui
1230 5080 1362 5159 luce
1388 5079 1587 5143 clarius
1636 5095 1745 5137 non
1774 5080 2090 5152 apparebit,
2193 5078 2712 5141 numeroslocorum
2736 5086 2791 5132 et
2816 5086 3140 5147 temporum,
3166 5062 3250 5130 vel
3268 5072 3619 5133 detrimenta,
3647 5079 3784 5137 quo-

1807 5189 2061 5249 VAillAE
2097 5190 2503 5249 LECTIONES.

581 5305 600 5338 ⁸
635 5323 741 5362 non
788 5320 901 5361 om.
938 5305 1001 5359 (ἶ.
1108 5305 1130 5336 ²
1169 5304 1259 5361 Sic
1288 5304 1359 5365 C;
1389 5306 1434 5360 Δ
1486 5306 1834 5365 quantitatem
1873 5318 1922 5361 et
1976 5305 2303 5365 nuditatem.
2409 5305 2432 5335 ³
2459 5304 2595 5359 enim
2629 5319 2739 5358 om.
2792 5302 2858 5357 Α.
2955 5302 2977 5333 ⁸
3008 5301 3100 5356 Sic
3136 5301 3207 5365 C;
3238 5301 3280 5356 Α
3307 5308 3383 5353 est
3420 5298 3581 5353 enim.
3685 5293 3780 5353 ⁸Δ

508 5387 781 5433 naturam.
893 5377 916 5407 ⁸
958 5364 1421 5445 habitudinemqtte
1476 5364 1585 5431 (un.
1633 5378 1699 5429 Λ.
1796 5364 2209 5445 ἰἷριιίτίοηωιμ
2322 5374 2411 5429 Ἀ
2448 5374 2740 5429 relationis.
2816 5372 2966 5445 ‘Pro
2987 5372 3248 5445 diciturAr
3292 5370 3453 5445 Deus.
3529 5364 3656 5445 “‘_A_
3703 5377 3778 5421 est
3864 5440 3873 5445 θ

509 5447 773 5520 accidens.
854 5448 895 5480 “
923 5447 967 5503 (Β
1001 5447 1093 5520 rel.
1177 5447 1289 5520 {'31
1319 5438 1535 5520 inpipso.
1601 5447 1656 5520 f'
1682 5447 1724 5520 β
1755 5438 1986 5520 copiosa.
2041 5446 2111 5520 A"
2137 5446 2180 5499 Α
2216 5444 2267 5499 in
2297 5445 2430 5520 loco.
2508 5445 2554 5475 “
2582 5448 2625 5499 Α
2660 5444 2834 5520 quod.
2913 5443 2977 5520 _‘r‘_
2991 5442 3082 5498 Sic
3103 5443 3175 5520 C;
3215 5444 3259 5498 Δ
3284 5442 3487 5520 linitur.
3552 5439 3607 5520 4"
3633 5438 3782 5520 tm

511 5516 837 5573 rat—ullum
859 5533 971 5573 om.
1003 5518 1065 5572 (Ζ.
1146 5518 1193 5551 ³ο
1230 5517 1334 5573 Pro
1361 5506 1557 5572 dicitur
1580 5518 1620 5574 (ἶ
1665 5518 1783 5572 Dei.
1815 5506 1825 5520 ’
1864 5519 1906 5549 ⁸⁸
1943 5518 1991 5574 Λ
2033 5518 2227 5586 itaque.
2303 5515 2349 5546 '°
2377 5514 2491 5569 Stat
2518 5531 2629 5570 om.
2654 5506 2735 5586 (is
2777 5515 2837 5586 ξι
2877 5513 2977 5567 sibi
3002 5514 3209 5586 onnA.
3284 5506 3401 5586 iit;
3427 5511 3581 5563 sicut.
3659 5506 3781 5586 “AC-

506 5588 769 5716 :peéirgis.
843 5589 894 5622 “
919 5589 965 5644 Α
1010 5599 1212 5647 tamen.
1282 5589 1330 5623 ³³
1350 5586 1393 5647 C
1413 5598 1562 5647 caret
1585 5599 1632 5644 ct
1655 5589 1860 5651 divina.
1936 5588 1986 5621 ²⁶
2011 5588 2054 5646 C
2081 5579 2259 5658 tamen
2286 5600 2387 5640 non
2420 5587 2610 5647 nescit.
2689 5584 2736 5618 ³⁷
2765 5584 2805 5641 C
2837 5599 3013 5658 neque
3036 5600 3089 5638 se
3114 5585 3229 5638 inst.
3304 5581 3354 5619 ³⁸
3380 5582 3545 5651 ipsam
3573 5593 3662 5636 om
3705 5579 3771 5635 Δ.

695 5674 984 5716 cumarum.

695 5674 984 5733 corporum.

1108 5305 1130 5336 ²
1169 5304 1259 5361 Sic
1288 5304 1359 5371 C;
1389 5306 1434 5360 Δ
1486 5306 1834 5375 quantitatem
1873 5318 1922 5361 et
1976 5305 2303 5375 qualitatem.

1796 5377 1815 5408 ²
1840 5378 1881 5431 C
1902 5377 2209 5447 plurimum.
