4230 6068
514 198 521 203 ’
589 238 694 295 5:)5
765 203 806 219 ”

1936 222 2220 280 ,ιολλλιδ
2263 221 2419 276 suit
2439 199 2465 275 ἱ
2550 274 2555 277 ,

3763 231 3870 290 i195

588 351 749 407 rubro
775 316 1117 404 vestimenta?
1142 344 1282 417 apud
1306 342 1505 413 seipse:
1531 341 1548 374 ⁸
1574 355 1690 397 vero
1720 337 2030 397 deliberant,
2055 344 2175 388 ante
2204 341 2249 395 Λ
2279 329 2523 399 ejusiem
2558 328 2967 401 operationibus
3005 343 3162 393 extra
3211 340 3411 410 corpus
3458 351 3646 414 raptus
3669 360 3790 402 sum
3815 347 3870 405 in

589 443 935 511 interrogare,
958 438 1284 495 ostendentes
1294 436 1530 509 quidem,
1546 433 1668 506 quia
1690 432 1922 494 discunt,
1947 439 1996 482 et
2020 426 2176 489 dei/i-

589 547 709 588 cam
731 531 1001 587 scientiam
1017 535 1284 599 appetunt.
1303 525 1528 596 Siergo,
1547 532 1680 578 teste
1700 520 1976 594 praediolo
1989 517 2179 591 σορῶί,

590 621 862 680 caelestes
915 621 1147 676 virtutes
1201 619 1439 680 discunt.
1496 614 1805 674 necessario
1848 627 1955 667 non
2004 608 2183 689 nimiis

592 711 933 784 ignorantiae
962 718 1218 780 expertes
1242 715 1388 764 sunt.
1421 707 1485 762 Et
1518 706 1564 761 si
1592 695 1668 761 ita
1690 712 1793 771 est,
1842 719 1948 757 non
1982 700 2185 756 miran-

593 803 743 869 dum,
762 801 923 868 futuri
938 800 1129 871 judicii
1154 801 1410 873 mysteria
1434 798 1606 854 adhuc
1622 812 1716 853 eas
1739 796 1987 869 ignorare
2002 807 2179 864 posse.

591 894 748 966 Quod
769 906 903 951 vero
922 896 989 950 de
1009 895 1185 964 seipse
1203 892 1462 951 Dominus
1490 892 1620 948 dicit
1649 906 1662 945 :
1696 905 1859 963 neque
1887 886 2057 941 Fiiius
2084 885 2184 941 lio-

591 986 776 1053 minis,
806 986 909 1042 nisi
937 983 1103 1041 Pater
1129 985 1296 1051 solus,
1317 983 1773 1043 'obscurissimam
1818 979 1982 1037 etlieit
2018 992 2184 1051 quae-

593 1064 848 1134 stionem.
883 1075 1164 1144 Quomodo
1190 1074 1334 1130 enim
1365 1072 1536 1131 Filius
1562 1073 1773 1145 ignorat
1793 1112 1808 1136 .
1839 1069 1980 1140 quod
2016 1068 2186 1132 Pater

593 1171 735 1237 scit,
769 1172 1088 1245 praesertim
1134 1171 1201 1227 de
1231 1169 1319 1226 die
1345 1169 1566 1257 jndicii,
1598 1185 1722 1226 cum
1755 1169 2034 1240 ‘judicium
2063 1188 2186 1243 spe-

594 1260 807 1318 cialiter
827 1262 895 1318 ad
922 1262 1119 1318 Filium
1146 1261 1454 1332 pertineat?
1479 1258 1647 1316 Pater
1672 1263 1833 1328 enim,
1860 1271 1919 1319 ut
1945 1262 2060 1332 ipse
2084 1262 2183 1327 ait,

594 1366 698 1407 non
716 1351 924 1422 judicat
944 1368 1261 1426 quenquam,
1280 1352 1370 1407 sed
1393 1368 1542 1407 omne
1571 1351 1825 1433 iudicipm
1854 1352 1996 1408 dedit
2014 1351 2180 1409 Filio.

593 1441 892 1524 Caliginetn
926 1452 1104 1499 tamen
1136 1442 1294 1512 hujus
1323 1443 1661 1514 quaestionis
1687 1452 1909 1501 sanctus
1951 1443 2186 1516 Epipha-

595 1520 739 1602 nius,
770 1520 1121 1592 constantiae
1143 1537 1304 1608 Cypri
1324 1537 1637 1608 episcOpus,
1667 1536 1721 1593 in
1745 1536 1905 1603 libro,
1932 1552 2096 1608 quem
2115 1535 2186 1594 de

597 1625 705 1682 tide
724 1620 964 1698 Scripsit,
1010 1628 1413 1700 elegantissime
1457 1628 1879 1702 aculissimeque
1905 1630 1925 1662 ³
1949 1631 2181 1701 aperuit,

595 1717 820 1774 dicens:
848 1715 1063 1774 Putrem
1087 1718 1415 1797 solummodo
1446 1736 1596 1776 nosse
1631 1719 1871 1792 futurum
1897 1722 2189 1793 judicium,

597 1826 702 1866 non
742 1809 913 1866 solum
955 1828 1050 1882 per
1074 1802 1503 1882 praescieutiam,‘
1541 1799 1634 1868 sed
1667 1812 1824 1868 etiam
1863 1830 1960 1885 per
1981 1816 2192 1887 experi—

601 1909 853 1957 mentum.
888 1897 1054 1956 Pater
1083 1904 1341 1975 siquidem
1397 1920 1493 1975 per
1517 1905 1927 1975 eapcrimentum
1954 1904 1976 1937 ι
2000 1922 2193 1977 cogno-

593 1990 690 2044 scit
711 1991 999 2059 Judidunt,
1019 1990 1138 2063 jam
1174 1995 1310 2049 enim
1348 2010 1404 2048 re
1446 1992 1561 2067 ipsa
1585 2009 1738 2051 omne
1754 1993 2019 2065 judicium
2048 1995 2193 2053 dedit

598 2078 789 2148 Filia;
822 2086 1034 2140 omnino
1084 2086 1223 2142 enim
1252 2087 1415 2142 Pater
1446 2087 1641 2159 peregit
1675 2087 1942 2160 judicium
1978 2087 2023 2157 ³,
2063 2088 2192 2146 dum

598 2187 751 2226 onme
771 2171 901 2227 illud
923 2172 1066 2228 dedit
1086 2170 1253 2233 Filio;
1281 2175 1332 2231 F
1333 2176 1457 2233 ilius
1483 2195 1600 2234 vero
1622 2188 1672 2234 et
1700 2177 1821 2246 scit,
1850 2190 1900 2236 et
1915 2183 2075 2239 nescit
2096 2183 2198 2255 ju-

597 2263 817 2341 dicium.
837 2263 1191 2323 Praescientia
1212 2285 1435 2348 namque
1449 2272 1568 2337 scit,
1591 2273 1828 2329 nondum
1842 2285 2018 2331 tamen
2036 2293 2193 2349 expe-

601 2355 851 2422 rimento,
873 2370 919 2414 et
942 2360 1059 2416 ideo
1081 2365 1434 2433 experimento
1469 2369 1649 2435 nescit,
1690 2370 1818 2443 quia
1862 2373 2097 2430 nondum
2137 2392 2193 2432 re

598 2445 717 2515 ipsa
738 2444 1042 2535 [uelamen
1084 2447 1366 2521 judicium,
1398 2454 1505 2512 hoc
1536 2464 1642 2524 est,
1665 2462 1975 2533 segregatio
2007 2480 2198 2536 repro-

602 2534 795 2609 boruin
826 2539 895 2598 ab
938 2532 1150 2607 electis,
1179 2542 1447 2615 siquidem
1489 2547 1666 2604 adhuc
1694 2532 1889 2608 messis
1914 2532 2194 2614 Ecclesiae

599 2626 877 2686 frumento
898 2631 1193 2690 etzizauiis
1217 2634 1504 2693 mixtaest.
1526 2636 1645 2696 Non
1662 2641 1972 2714 ignoramus
1988 2655 2194 2717 tamen,

602 2729 852 2775 sanctum
896 2723 1257 2794 Augustinum
1295 2728 1503 2801 tropice
1528 2730 2196 2809 hunclocumexplanare,

516 2860 517 2865 η
604 2817 665 2865 ut
690 2809 878 2904 Filius
906 2813 1142 2874 hominis
1183 2819 1396 2876 nescire
1419 2820 1633 2879 dicatur
1653 2824 1796 2883 diem
1823 2824 2037 2898 iudicii,
2066 2832 2195 2904 quia

604 2914 706 2993 nos
733 2901 948 2965 nescire
969 2905 1274 2965 sinit.Audi
1298 2925 1518 2985 quoque
1546 2914 1899 2983 apostolicam
1936 2901 2195 2993 ignoran-

604 2990 757 3087 tiam.
791 2995 859 3051 de
886 3012 990 3067 qua
1019 3000 1278 3070 scriptum
1309 3011 1394 3060 est
1435 3005 1496 3062 in
1538 3005 1766 3067 Actibus
1801 2990 2186 3087 apostolorum,

604 3081 774 3141 Paulo
824 3088 1182 3148 maledicente
1230 3109 1444 3154 summo
1496 3101 1764 3158 sacerdoti
1798 3081 2087 3173 Ananiae,
2135 3081 2192 3166 et

609 3174 827 3268 dicente
856 3196 871 3233 :
905 3176 1242 3253 Neséiebam,
1289 3186 1503 3255 fratres,
1552 3193 1679 3263 quia
1722 3195 1964 3268 princeps
2010 3214 2193 3255 sacer-

603 3262 789 3322 dotum
814 3280 923 3335 est;
949 3272 1202 3342 scriptum
1247 3285 1327 3331 est
1366 3294 1507 3335 enim
1527 3262 1876 3355 :-7Princtpem
1901 3262 2091 3358 populi
2117 3293 2195 3345 lui

606 3373 713 3414 non
737 3360 1032 3419 maledircs.
1061 3362 1199 3421 Num
1225 3367 1321 3425 tibi
1359 3363 1572 3433 videtur
1594 3373 2029 3445 sapientissimus
2066 3394 2199 3452 apo-

607 3447 783 3505 stolus
811 3458 866 3505 et
893 3451 948 3506 in
973 3453 1089 3526 lege
1108 3457 1493 3526 peritissimus,
1518 3461 1789 3518 Ananiam
1818 3479 2091 3522 summum
2102 3447 2202 3524 sa-

605 3538 880 3595 cerdotem
898 3539 1083 3608 fuisse,
1110 3544 1251 3601 sicut
1274 3548 1441 3603 ceteri
1484 3547 1695 3617 Judaei,
1725 3566 1832 3607 non
1846 3555 2197 3624 cognovisse?

607 3627 766 3697 Quod
791 3630 938 3688 ttnllo
978 3633 1137 3691 modo
1175 3647 1259 3694 est
1288 3639 1709 3698 aestimandum.
1739 3642 1847 3703 Sed
1872 3644 1998 3703 ideo
2021 3645 2197 3717 ipsum

604 3718 887 3790 ignorasse
927 3722 1064 3781 dixit
1095 3726 1141 3793 ‘,
1172 3729 1430 3798 quoniam
1463 3746 1497 3787 a
1536 3731 1649 3789 Deo
1694 3731 1862 3792 fuisse
1888 3737 2199 3797 ordinatum

607 3824 717 3866 non
746 3811 903 3868 vidit.
946 3813 1286 3887 Ignorabam,
1319 3819 1531 3891 fratres,
1558 3822 1752 3894 inquit,
1793 3827 1917 3897 quia
1958 3829 2197 3902 princeps

603 3902 940 3985 sacerdotum
965 3914 1062 3971 est,
1090 3907 1214 3976 quia
1238 3923 1525 3980 cognosco,
1553 3915 1699 3984 quod
1720 3930 1822 3971 nec
1848 3931 1917 3973 ex
1940 3917 2073 3985 Deo,
2101 3936 2200 3977 nec

606 3982 910 4082 secundum
959 3995 1155 4067 legem,
1199 4000 1293 4055 sed
1339 3982 1634 4059 secundum
1678 4003 1962 4065 Judaicant
2005 3982 2198 4082 super-

609 4080 889 4140 stitionent
946 4088 1275 4147 constitutus
1337 4093 1510 4160 cst';
1568 4094 1795 4167 ideoque
1846 4100 2037 4169 ignoro
2073 4080 2202 4159 eum

611 4170 912 4247 principem
940 4180 1285 4238 sacerdotum
1313 4197 1453 4248 esse,
1485 4189 1738 4257 quoniam
1765 4206 1888 4247 vere
1908 4208 2197 4266 cognosco,

610 4278 736 4319 cum
778 4283 885 4323 non
916 4270 996 4325 sic
1025 4288 1169 4328 esse.
1194 4272 1252 4331 Si
1282 4276 1429 4331 enim
1455 4280 1753 4351 principem
1800 4285 1979 4357 populi
2010 4302 2199 4343 verum

2287 424 2503 477 tertium
2520 423 2750 486 caelum,
2764 422 2862 483 Sed
2874 426 3190 496 operatione
3208 429 3421 488 divinae
3435 433 3643 505 gratiae
3664 437 3875 508 absque

2284 512 2444 569 ullius
2473 523 2756 575 creaturae
2785 515 3264 578 administratione
3286 536 3452 594 super
3473 522 3691 583 omnem
3721 545 3878 587 cres-

2285 615 2459 660 turam
2491 617 2702 676 raptum
2732 619 2821 661 me
2843 604 3011 664 fuisse
3038 612 3385 682 apertissime
3402 614 3538 673 scio.
3568 615 3766 676 Nescio
3787 612 3878 677 er-

2283 714 2352 770 go
2380 698 2433 752 in
2462 712 2690 769 corpore
2709 713 2776 753 an
2807 698 2849 729 “
2875 710 3029 755 extra
3050 717 3269 772 corpus,
3299 704 3425 775 quia
3442 710 3582 774 scio,
3604 712 3755 781 quod
3776 727 3879 771 nee

2250 854 2259 860 ο
2289 790 2345 845 in
2377 804 2628 861 corpore,
2657 802 2759 846 nec
2783 799 2941 847 extra
2965 806 3163 863 corpus
3188 806 3379 868 raptus
3403 811 3547 855 sum.
3573 798 3640 855 Et
3667 816 3737 871 ne
3757 801 3880 858 diu-

2284 880 2393 937 tius
2421 881 2474 937 in
2504 882 2689 937 eadem
2733 896 2793 938 re
2822 883 3198 959 immorentur,
3253 888 3406 959 prius
3458 889 3606 947 enim
3660 891 3880 951 deliciet

2287 981 2498 1045 tempus
2520 1013 2536 1037 ,
2584 988 2747 1044 quam
2808 972 3024 1031 divinae
3067 975 3428 1049 ignorantiae,
3480 981 3598 1038 sive
3643 982 3696 1040 in
3729 981 3881 1042 Scri-

2284 1072 2466 1137 plura,
2482 1064 2598 1121 sive
2616 1064 2673 1121 in
2685 1081 2868 1123 rerum
2882 1077 3096 1137 natura,
3119 1071 3366 1142 exempla
3385 1089 3401 1128 :
3425 1074 3529 1131 hoc
3540 1073 3882 1136 solummodo

2287 1169 2451 1224 nosse
2499 1155 2740 1213 arbitror
2789 1156 3062 1227 sntiteere,
3102 1161 3324 1219 divinae
3375 1163 3721 1245 ignorantiae
3767 1177 3885 1230 tres

2287 1247 2620 1320 principales
2637 1248 2848 1321 species
2868 1248 3272 1317 esseqprimam
3299 1253 3519 1325 quidem
3536 1295 3552 1322 ,
3576 1270 3676 1328 per
3714 1272 3883 1329 quam

2287 1339 2489 1407 malum
2514 1355 2625 1397 non
2658 1339 2958 1415 cognoscit,
3006 1342 3135 1414 quia
3157 1345 3278 1417 ejus
3318 1347 3556 1419 cognitio
3576 1348 3623 1383 ι’
3651 1349 3887 1423 simplex

2287 1439 2392 1496 est,
2443 1440 2501 1487 et
2546 1446 2581 1488 a
2625 1432 2746 1493 solo
2791 1434 3136 1491 substantiali
3164 1437 3328 1505 bono,
3363 1439 3473 1496 hoc
3500 1448 3607 1507 est,
3636 1458 3670 1499 a
3696 1444 3883 1517 seipse

2288 1521 2559 1581 formatur
2582 1525 2652 1580 ³⁸.
2683 1523 2844 1583 Solus
2867 1528 3012 1585 enim
3041 1528 3157 1600 ipse
3190 1539 3275 1588 est
3296 1530 3654 1591 substantiale
3679 1536 3884 1595 bonum

2292 1631 2392 1688 per
2438 1633 2498 1674 se
2553 1618 2764 1691 ipsum;
2797 1628 2980 1678 cetera
3015 1636 3146 1677 vero
3182 1621 3325 1680 bona
3363 1625 3536 1697 ipsius
3587 1627 3887 1701 participa-

2220 1695 2267 1760 Β
2297 1706 2441 1765 tione
2465 1708 2607 1765 bona
2632 1720 2779 1766 sunt.
2810 1709 2955 1766 Deus
2982 1711 3168 1783 itaque
3192 1695 3396 1769 malum
3437 1695 3634 1773 nescit.
3670 1695 3809 1776 Nam
3833 1717 3880 1778 si

2295 1797 2503 1869 malum
2542 1798 2730 1866 sciret,
2771 1797 3092 1857 necessario
3127 1803 3182 1859 in
3214 1814 3410 1862 natura
3462 1820 3647 1864 rerum
3678 1810 3883 1866 malum

2294 1886 2457 1946 esset.
2483 1890 2675 1971 Divina
2701 1892 2969 1963 siquidem
2989 1893 3219 1950 scientia
3246 1897 3515 1963 omnium,
3545 1910 3687 1971 quae
3732 1908 3885 1968 sunt,

2292 1991 2483 2039 causa'
2510 1968 2614 2038 est.
2640 1981 2782 2040 "Non
2809 1985 2956 2041 enim
2996 1985 3120 2044 ideo
3146 1984 3291 2045 Deus
3314 1989 3421 2046 scit
3448 2004 3534 2057 ea,
3564 1968 3708 2063 quae
3732 2000 3886 2060 sunt,

2292 2078 2420 2148 quia
2450 2077 2782 2145 subsistunt;
2803 2079 2897 2136 sed
2925 2079 3049 2137 ideo
3072 2079 3396 2150 subsistunt,
3421 2085 3552 2154 quia
3582 2085 3728 2141 Deus
3745 2099 3813 2142 ea
3837 2082 3890 2122 ⁸⁵

2292 2167 2419 2225 scit.
2471 2168 2675 2226 Eorum
2727 2169 2874 2226 enim
2908 2171 3181 2228 essentiae
3200 2187 3368 2231 causa
3394 2183 3479 2229 est
3496 2174 3679 2232 divina
3712 2176 3891 2234 scien-

2298 2259 2394 2323 tia,
2419 2274 2485 2316 ac
2503 2274 2600 2331 per
2630 2260 2751 2327 hoc,
2777 2260 2824 2317 si
2853 2261 2999 2319 Deus
3023 2262 3224 2319 malum
3246 2263 3436 2331 sciret,
3467 2264 3524 2321 in
3547 2264 3731 2337 aliquo
3758 2266 3890 2326 sub-

2294 2353 2624 2413 stantialiter
2660 2355 3076 2431 intelligeretur,
3105 2365 3163 2414 et
3200 2359 3477 2431 particeps
3517 2359 3646 2416 boni
3683 2359 3888 2419 malum

2293 2456 2462 2517 esset,
2494 2458 2550 2507 et
2571 2465 2644 2509 ex
2675 2451 2877 2508 virtute
2900 2459 2957 2508 et
2975 2451 3222 2509 bonitate
3245 2453 3434 2510 vitium
3454 2461 3510 2509 et
3531 2454 3741 2512 malitia
3765 2470 3890 2527 pro-

2296 2544 2574 2612 cederent,
2630 2546 2775 2617 quod
2830 2545 3165 2618 impossibile
3186 2561 3308 2605 esse
3347 2562 3473 2605 vera
3508 2547 3701 2605 edocet
3723 2548 3883 2604 ratio.

2296 2634 2551 2693 Secunda
2576 2637 2788 2710 species
2814 2646 2919 2706 cst,
2941 2654 3041 2711 per
3070 2654 3235 2713 quam
3262 2640 3463 2698 dicitur
3489 2641 3637 2699 Deus
3663 2640 3711 2673 “
3738 2640 3890 2715 igno-

2277 2727 2423 2782 ‘rare
2450 2726 2554 2782 alia
2578 2737 2801 2799 praeter
2821 2741 2909 2794 ea,
2937 2743 3169 2800 quorum
3220 2729 3463 2808 rationes
3496 2729 3551 2786 in
3578 2730 3762 2803 seipse
3800 2744 3889 2787 ac-
3976 2740 3981 2743 ‘

2301 2819 2586 2885 ternaliter
2624 2828 2683 2883 et
2713 2819 2932 2878 fecit‘et
2965 2822 3283 2895 cognoscit.‘
3324 2821 3567 2894 Quonim
3607 2822 3755 2880 enim
3796 2836 3890 2880 na-

2300 2908 2548 2967 turaliter
2594 2910 2757 2968 habct
2790 2912 3071 2981 virtutem,
3100 2927 3289 2969 eorum
3321 2912 3688 2973 essentialitcr
3708 2911 3886 2987 possi-

2298 3000 2392 3058 det
2417 3001 2725 3059 scientiam.
2757 3002 2940 3061 Tertia
2964 3013 3068 3068 est,
3116 3019 3215 3077 per
3246 3021 3410 3078 quam
3437 3006 3648 3064 dicitur.
3676 3008 3821 3065 Deus
3843 3006 3891 3043 ¹⁵

2300 3090 2578 3163 ignorare,
2605 3098 2660 3149 ut
2691 3094 3081 3165 praediximus,
3102 3110 3197 3161 ea,
3248 3111 3388 3166 quae
3409 3096 3647 3153 nondum
3672 3097 3890 3170 experi-

2298 3192 2487 3241 mento
2514 3184 2751 3243 actionis
2778 3193 2834 3242 et
2854 3183 3185 3257 operationis
3208 3187 3264 3241 in
3286 3172 3570 3244 etl‘ectibus
3598 3187 3891 3247 manifesto

2295 3282 2561 3346 apparent
2579 3291 2596 3342 ;
2619 3290 2853 3347 quorum
2880 3262 3375 3332 tamen‘invisibiles
3387 3277 3627 3333 rationes
3642 3276 3695 3332 in
3710 3276 3891 3351 seipse

2296 3382 2329 3421 a
2356 3365 2537 3436 seipso
2589 3373 2802 3422 creatas
2836 3374 2893 3422 et
2940 3365 3043 3422 sibi
3088 3365 3186 3442 ipsi
3225 3367 3474 3439 cognitas
3507 3366 3767 3438 possidet.
3792 3368 3893 3451 μία

2296 3458 2589 3531 praedictis
2627 3466 2819 3527 quarta
2850 3458 3061 3529 species
3080 3458 3318 3523 additur,
3348 3459 3415 3514 de
3441 3474 3546 3529 qua
3588 3475 3738 3529 nunc
3775 3469 3889 3518 tra-

2300 3558 2453 3605 ctare
2481 3548 2618 3605 ordo
2654 3546 3036 3618 disputationis
3063 3547 3351 3617 poscebat,
3384 3562 3490 3618 qua
3519 3549 3664 3605 Deus
3696 3548 3892 3605 dicitur

2297 3640 2574 3713 ignorare,
2602 3655 2661 3695 se
2679 3654 2801 3696 esse
2837 3637 2892 3696 in
2919 3654 3148 3719 numero
3167 3655 3371 3705 rerum,
3401 3656 3542 3711 quae
3583 3641 3655 3698 ab
3693 3656 3763 3698 eo
3811 3639 3915 3699 [δι’

2297 3724 2422 3791 ctae
2444 3742 2588 3798 sunt,
2614 3748 2751 3806 quas
2773 3732 2918 3789 intra
2946 3731 3599 3805 denariatnquantitatem
3622 3733 3895 3807 praedica-

2300 3833 2607 3882 mentorum
2658 3823 2975 3893 Philosophi
3024 3834 3296 3880 conantur
3322 3824 3667 3881 concludere.
3682 3827 3779 3891 ,Ac
3797 3840 3895 3899 per
3926 3820 3929 3823 “

2299 3914 2405 3977 hoc
2432 3914 2478 3948 “
2508 3914 2886 3971 universaliter
2906 3914 3219 3981 dicemlnm,
3248 3914 3391 3991 quod
3422 3914 3477 3970 in
3502 3914 3651 3973 nullo
3672 3930 3893 3984 eorum,

2300 3992 2441 4083 quae
2469 4011 2612 4066 intra
2638 4009 2829 4066 decem
2863 4024 3064 4083 genera
3088 4025 3268 4066 rerum
3309 4024 3340 4066 a
3368 4006 3707 4082 philosophis
3744 4026 3895 4069 com-

2300 4102 2736 4172 prehenduntur,
2785 4116 2963 4172 neque
3013 4115 3226 4166 eorum,
3263 4117 3405 4172 quae
3441 4111 3597 4160 extra
3635 4102 3726 4159 illa
3767 4102 3895 4160 dili-

2301 4193 2517 4264 gentior
2540 4192 2820 4263 inquisitio
2868 4191 3094 4257 invenit,
3126 4192 3242 4247 sive
3293 4192 3894 4251 secundumsuhstan-

2306 4285 2457 4350 tiam,
2474 4284 2590 4339 sive
2609 4284 2907 4339 secundum
2926 4283 3320 4348 accidenssint,
3339 4299 3514 4355 neque
3526 4298 3737 4349 eorum,
3754 4300 3896 4355 quae

609 4371 680 4419 ac
726 4357 1024 4432 legitimum
1070 4380 1193 4422 esse
1236 4384 1617 4441 cognoscerem
1646 4374 1692 4441 ⁸,
1727 4375 1971 4448 profecto
1999 4379 2051 4438 ei
2092 4397 2198 4438 non
2232 4415 2278 4474 Β
2306 4376 2520 4432 innulla
2534 4375 3464 4446 substantiavelaccidentepossunt
3498 4375 3750 4442 inveniri,
3781 4377 3899 4434 sive

614 4447 988 4474 m-l_.-l:--_-__
1044 4455 1085 4474 Λ
1113 4472 1147 4474 γ.
1201 4457 1214 4474 ο
1484 4463 1497 4473 ι
1963 4471 1971 4474 -
2053 4470 2063 4474 -
2306 4470 2318 4474 -
2471 4470 2482 4474 -
2561 4468 2593 4474 -.
2840 4467 2853 4474 .
2883 4467 2894 4474 .
3002 4469 3015 4474 -
3110 4464 3124 4474 .
3318 4468 3349 4474 --
3374 4466 3427 4474 ..-
3518 4466 3551 4474 .-
3732 4466 3746 4474 .
3841 4468 3854 4474 -

610 4447 1015 4510 maledicerem.
1040 4455 1305 4525 Quoniam
1332 4476 1460 4518 vero
1484 4463 1695 4534 ignoro,
1730 4447 1868 4524 eum
1890 4470 2195 4542 principem

610 4551 735 4595 esse
760 4540 813 4596 in
842 4546 1092 4612 veritate,
1128 4558 1409 4620 prepterea
1434 4567 1541 4607 non
1568 4570 1653 4611 me
1680 4540 1921 4626 poenitth
1958 4560 2009 4616 ei
2032 4560 2053 4594 '
2080 4540 2196 4618 ina-

610 4628 866 4702 [edicere
890 4637 1063 4712 Aliam
1077 4640 1317 4711 ejusdem
1344 4659 1612 4715 cognosce
1636 4646 2017 4719 ignorantiam.
2049 4650 2193 4717 Scio,

614 4722 804 4795 inquit,
845 4728 1103 4784 hominem
1148 4744 1354 4803 raptum
1409 4752 1572 4805 usque
1621 4740 1690 4791 nd
1722 4739 1930 4793 tertium
1971 4741 2202 4808 caelum,

614 4817 789 4884 nescio
835 4819 888 4873 in
938 4837 1174 4891 corpore,
1223 4840 1295 4878 an
1335 4834 1484 4880 extra
1535 4844 1723 4897 corpus
1765 4831 2032 4900 nescio“,
2059 4833 2202 4888 Deus

611 4908 734 4961 scil.
766 4906 981 4983 Nescio,
1030 4915 1124 4979 ait,
1182 4915 1235 4970 in
1283 4931 1531 4986 corpore.
1561 4919 1816 4988 quoniam
1865 4921 1981 4977 scio
2010 4939 2114 4979 non
2145 4925 2200 4978 in

615 5011 874 5069 corpore,
909 5018 1000 5059 aut
1044 5015 1198 5062 extra
1256 5008 1454 5077 corpus
1503 5010 1709 5073 litESt'iO,
1740 5011 1997 5080 quoniam
2046 5024 2201 5069 extra

614 5102 815 5160 corpus
845 5108 931 5146 Ine
976 5108 1186 5165 raptum
1231 5116 1338 5154 non
1368 5099 1535 5156 fuisse
1572 5117 1860 5173 cognosco.
1892 5102 2010 5159 Non
2054 5105 2200 5160 enim

614 5185 1024 5254 Operationibus
1057 5191 1270 5245 animae
1311 5207 1408 5261 per
1446 5208 1740 5264 corporcos
1785 5209 1998 5263 sensus,
2028 5211 2231 5279 neque.

2304 4470 2358 4525 in
2384 4468 2687 4524 rationibus
2700 4467 2947 4532 occultis,
2970 4469 3087 4524 sive
3110 4464 3163 4521 in
3188 4466 3637 4539 possibilitatibns
3653 4508 3668 4531 ,
3701 4466 3818 4523 sive
3839 4468 3895 4524 in

2302 4557 2826 4630 impossibilitatibns
2846 4558 2957 4613 sint
2981 4556 3047 4623 ",
3070 4556 3210 4612 Deus
3234 4574 3294 4613 se
3313 4554 3900 4627 intelligit"subsistc—

2303 4648 2644 4722 re,quoniam
2657 4666 2715 4705 se
2726 4649 3003 4720 cognoscit
3020 4646 3222 4703 nullum
3238 4664 3424 4704 eorum
3438 4663 3559 4706 esse
3570 4648 3700 4705 dum
3714 4652 3896 4707 omnia
3939 4709 3942 4712 ,

2308 4739 2962 4798 iuetl‘abiliessentialisua
2986 4739 3185 4794 virtute
3212 4748 3267 4794 et
3286 4737 3571 4811 plusquam
3600 4737 3800 4797 virtute
3842 4752 3901 4797 ct

2307 4829 2834 4903 incomprehensibili
2855 4844 2950 4884 sua
2975 4828 3240 4884 infinitate
3262 4815 3513 4901 intelligit
3531 4844 3592 4886 se
3609 4829 3896 4886 excellere.

2341 4963 2344 4966 .
2375 4923 2467 4978 29.
2508 4921 2796 4991 Propterea
2824 4929 3005 4975 autem
3042 4919 3175 4983 dixi,
3221 4919 3621 4992 diligentiorem
3668 4921 3898 4995 inquisi-

2308 5013 2509 5067 tionem
2552 5025 2712 5080 posse
2757 5012 3023 5081 quaedam
3071 5009 3315 5065 inveuire
3360 5011 3416 5067 in
3468 5026 3651 5067 rerum
3700 5020 3894 5068 natura

2306 5113 2630 5181 praeterea,
2653 5116 2796 5173 quae
2824 5102 3014 5163 decem
3045 5089 3500 5173 pracdicamentis
3541 5104 3896 5174 comprehen-

2306 5198 2527 5251 duntur.
2575 5191 2711 5250 Nam
2756 5200 2812 5249 et
2851 5192 2941 5248 illa
2983 5209 3014 5248 a
3059 5192 3393 5266 philosophis
3416 5206 3627 5267 reperta
3651 5204 3801 5262 sunt,
3830 5208 3899 5251 nc

1903 5349 2157 5405 VAlllAE
2200 5343 2598 5401 liiCTiONES.

697 5460 711 5490 '
746 5460 787 5513 .-\
803 5460 1014 5527 scipsos.
1082 5460 1101 5491 ³
1132 5459 1287 5516 εἰμί
1342 5461 1622 5531 praedicto
1638 5463 1826 5534 snpbo.
1858 5463 1899 5541 ᾼ
1931 5460 2383 5544 Putrepmedirto.
2460 5460 2554 5544 3_
2578 5458 3089 5544 (accuratisstuteque.
3170 5455 3387 5544 ‘nPutei-
3407 5460 3664 5544 siquidem
3692 5477 3783 5529 per
3806 5477 3904 5517 ca:—

622 5547 675 5598 pe
688 5531 963 5584 rimeumm
986 5550 1095 5584 υιη.
1126 5532 1185 5585 l2.

1266 5532 1286 5564 ⁸
1307 5532 1423 5602 jam
1460 5534 1687 5602 cuiin—
1705 5532 1896 5601 peregit
1912 5532 2172 5600 judicium
2199 5550 2305 5587 ntn.
2336 5533 2397 5586 (Σ.

2474 5530 2495 5561 ⁸
2526 5533 2566 5583 Α
2597 5529 2809 5583 dicitur.
2900 5529 2919 5559 "
2983 5543 3056 5580 est
3079 5545 3168 5582 mn
3193 5530 3253 5583 ti.
3351 5531 3437 5584 ’Δ
3465 5529 3508 5585 si
3531 5530 3674 5585 enim
3706 5547 3900 5595 cogno-

631 5616 795 5653 rerem
822 5602 1106 5671 principem
1137 5622 1189 5671 ιι.
1228 5619 1271 5655 r.
1304 5598 1353 5656 it.
1380 5619 1452 5663 e.,
1479 5598 1721 5671 profectu
1745 5598 1854 5658 cet.
1893 5598 1987 5655 "ei
2026 5619 2136 5674 (νυ.
2164 5602 2227 5654 (ἶ.
2307 5602 2348 5633 ³ο
2379 5602 2550 5674 nescio
2579 5618 2687 5672 om.
2721 5600 2784 5652 Α.
2818 5599 2906 5674 Λ¹¹Α
2926 5598 2965 5650 Δ
2998 5610 3117 5674 aut._
3162 5600 3231 5674 _"
3262 5600 3308 5653 Λ
3335 5600 3555 5674 cognitio
3577 5601 3714 5673 ejus.
3772 5598 3841 5634 ν
3862 5599 3904 5658 ti

624 5673 866 5725 mutarit.
951 5671 992 5704 “
1024 5676 1143 5727 vim
1173 5673 1334 5731 Dens.
1413 5674 1455 5704 ¹⁵
1482 5676 1528 5729 Δ
1586 5672 1724 5728 Deus
1765 5676 1981 5729 «tiatur.

2058 5673 2100 5703 ’δ
2129 5676 2173 5727 Α
2205 5674 2352 5728 haec.

2444 5671 2485 5703 ⁸⁷
2515 5672 2559 5725 Α
2595 5668 2734 5726 sunt.
2815 5667 2859 5698 “‘
2881 5668 2921 5723 Λ
2952 5669 3191 5739 ititeitigit
3250 5686 3322 5725 se.
