4230 6068
400 323 502 382 897
598 366 603 373 .

1172 352 1189 364 κ
1220 300 1312 359 DE
1350 293 1690 356 DlViSlONE
1725 286 2079 347 NATURAE.
2110 312 2187 329 -—
2219 283 2423 341 LIBER
2463 283 2847 344 SECUNDUS.

3598 301 3700 359 558

400 438 537 509 quis.
572 431 751 489 minus
798 423 1080 496 capacium
1123 415 1418 477 existimet,
1457 421 1641 467 rerum
1668 402 1982 475 diligentem
2012 398 2062 461 Α
2089 395 2390 480 intelligere
2412 406 2663 471 possunt,
2695 398 2794 454 sed
2816 411 2978 468 supra
3009 399 3190 456 anniia
3219 402 3560 461 suoiimatum
3590 419 3681 461 eoo

402 498 805 596 iitdagationem
852 514 993 572 ultra
1030 506 1363 583 praedictam
1390 498 1789 573 eategoriarum
1814 504 1992 563 quan-

404 586 614 678 titatem
657 628 761 669 non
801 622 961 680 posse
988 600 1239 677 progredi
1274 597 1315 652 ³.
1346 590 1695 657 Generaliom
1724 586 1871 643 enim
1899 596 1992 653 ge-

402 677 534 769 nera
557 718 745 763 eorum
774 677 1194 770 comprehendit
1219 686 1386 753 ratio;
1417 681 1686 754 siquidem
1734 677 1789 731 in
1837 680 1990 770 motu

400 798 460 860 et
500 800 554 857 in
584 805 727 853 statu
754 761 918 848 sunt:
971 787 1104 843 item
1151 789 1327 838 status
1371 784 1428 832 et
1472 781 1652 847 motus
1696 761 1993 823 universali

403 888 641 949 essentia
690 883 1036 955 colliguntur,
1093 886 1232 946 quae
1286 868 1340 924 in
1372 863 1642 922 inﬁnitum
1672 857 1992 935 divisionem

401 984 487 1043 sui
516 981 742 1055 patitur.
777 948 848 1033 Ea
881 985 1115 1041 namque
1139 960 1469 1027 substantia,
1499 971 1640 1030 quae
1660 950 1892 1039 primum
1938 948 1995 1004 in

403 1037 693 1149 eatéoriis
719 1070 928 1127 obtinet
961 1037 1161 1124 locum,
1195 1056 1344 1117 [inita
1370 1061 1477 1119 est,
1526 1058 1585 1107 et
1623 1037 1996 1104 accidentibus

402 1133 643 1239 subjecta
668 1180 684 1231 ;
738 1177 801 1218 ea
849 1171 976 1214 vero
1006 1146 1328 1209 universalis
1349 1141 1583 1201 essentia
1614 1136 1820 1199 nullum
1860 1133 1913 1188 in
1937 1146 1998 1187 se

403 1228 659 1315 accidens
671 1228 894 1322 recipit;
926 1245 979 1300 in
1001 1244 1115 1299 suis
1129 1239 1329 1311 quippe
1348 1228 1805 1291 subdivisionibus
1827 1237 1998 1296 usque

403 1350 474 1408 ad
494 1346 770 1406 individua
800 1334 1239 1413 pervenientibus
1286 1324 1646 1410 accidentium
1677 1334 1848 1390 capax
1888 1322 2019 1382 est,.

404 1445 522 1517 ipsa
548 1454 677 1496 vero
703 1438 757 1493 in
778 1435 954 1506 seipsa
969 1410 1199 1501 simplex
1212 1432 1318 1488 est,
1336 1405 1582 1490 nullique
1596 1415 1617 1447 ’
1632 1409 1997 1470 accidentium

404 1500 669 1607 sbbjecta.
696 1529 797 1607 cui
849 1500 1031 1584 motus
1078 1500 1167 1578 ille
1212 1506 1656 1593 generalissimus
1706 1505 1947 1575 nullique
1976 1500 1998 1533 ⁸

404 1604 717 1705 catagoriae
743 1605 1035 1705 obnoxius,
1067 1615 1224 1701 quo
1248 1611 1433 1671 omnia
1474 1610 1541 1665 de
1577 1605 1759 1663 nihilo
1785 1604 1839 1658 in
1881 1613 2001 1678 esse

407 1696 731 1801 procedunt,
778 1698 953 1776 status
984 1696 1222 1785 quoque,
1255 1708 1309 1764 in
1339 1720 1501 1777 quem
1540 1701 1724 1758 omnia
1753 1704 1999 1753 motuum

406 1788 491 1876 sui
521 1788 810 1874 terminum
845 1808 1198 1870 constituent,
1220 1800 1313 1873 qui
1350 1798 1514 1855 etiam
1536 1792 1668 1850 nulli
1689 1788 1998 1861 categoriae

405 1908 739 1975 succumbit,
788 1900 1224 1960 subdividuntur.
1272 1891 1426 1962 Quod
1472 1896 1656 1947 autem
1695 1881 1893 1947 addidi,
1925 1880 1997 1975 in

407 2012 604 2065 natura
630 2014 814 2057 rerum
838 2010 957 2054 esse
982 1992 1269 2065 quaedam,
1293 2000 1436 2057 quae
1463 1995 1562 2038 nec
1596 1980 1649 2036 in
1673 1972 1995 2037 substantia,

408 2111 512 2153 nec
538 2094 591 2151 in
608 2078 981 2149 accidentibus
1015 2089 1435 2161 cognoscuntur,
1469 2076 1571 2131 hoe
1591 2080 1700 2134 est,
1734 2078 1873 2138 quae
1900 2076 2001 2119 nec

406 2186 743 2246 substantiae
766 2197 870 2241 nec
892 2156 1193 2237 accidentia
1221 2180 1371 2237 sunt,
1394 2169 1460 2224 de
1492 2161 1793 2220 rationibus
1822 2156 1999 2212 adhuc

409 2282 465 2338 in
491 2277 639 2336 nulla
692 2291 754 2333 re
797 2262 1184 2344 apparentibus
1232 2264 1345 2320 sive
1396 2252 1847 2339 substalntialiter,
1886 2247 2001 2305 sive

306 2416 310 2418 ~
408 2370 707 2434 secundum
735 2366 1011 2431 accidens,
1034 2358 1216 2416 sensui
1238 2355 1323 2411 vel
1344 2346 1641 2409 intellectui
1666 2346 1869 2400 dictum
1882 2353 2002 2429 esse

409 2448 669 2536 intellige.
696 2455 982 2516 Possibilia
998 2422 1227 2525 quoque
1255 2457 1311 2504 et
1332 2436 1688 2518 impossibilia
1702 2437 1756 2491 in
1774 2422 2003 2490 ttumero

410 2527 616 2614 ret-tth
628 2546 936 2621 computari
973 2557 1132 2601 nemo
1164 2549 1312 2596 recte
1352 2527 1845 2607 philosophantium
1873 2538 2003 2587 con-

414 2646 664 2725 tradieet.
702 2613 857 2711 Quae
876 2637 1021 2703 nulla
1052 2634 1157 2690 alia
1210 2630 1421 2687 ratione
1451 2638 1574 2682 esse
1598 2621 1869 2681 dicuntur,
1898 2613 2005 2672 nisi

411 2708 542 2812 quia
570 2708 846 2809 possibilia
872 2736 1102 2803 possunt
1128 2725 1183 2781 in
1214 2722 1392 2793 aliqua
1436 2732 1498 2774 re
1540 2714 1700 2779 ﬁeri,
1896 2721 2005 2812 non

411 2801 525 2892 sint
545 2801 608 2887 ’.ε
632 2801 985 2902 impossibilia
1034 2833 1166 2876 vero
1193 2816 1308 2873 sola
1334 2812 1536 2870 virtute
1555 2801 2008 2879 impossibilitatis

408 2891 796 2988 continentur;
855 2929 1044 2974 eorum
1091 2909 1236 2968 enim
1277 2922 1400 2965 esse
1428 2910 1514 2961 est
1558 2891 2009 2972 impossibilitas‘

514 3012 697 3085 aliqua
838 3001 1191 3064 intellectuali
1219 3014 1315 3056 seu
1344 2992 1586 3053 sensibili
1618 3000 1902 3062 apparere.
1940 2982 2010 3039 Et

416 3079 761 3182 possibilium
807 3100 1028 3174 quidem
1075 3093 1383 3169 exemplum
1431 3088 1530 3144 ﬁat
1559 3083 1823 3182 :‘quidam
1843 3079 2009 3182 homo

418 3170 601 3274 potest
626 3170 843 3271 prolem
861 3193 1106 3267 gignere,
1133 3186 1228 3244 sed
1257 3197 1443 3240 amore
1471 3174 1796 3250 virginitatis
1822 3170 2012 3227 deten-

418 3263 509 3351 tus
529 3263 739 3364 spernit
758 3263 963 3360 prolem
981 3281 1201 3337 habere.
1229 3270 1646 3346 lmpossibiiium
1668 3280 1821 3333 vero,
1845 3263 2016 3319 ratio-

422 3358 603 3441 nabile
642 3358 843 3438 animal
869 3371 1200 3447 impossibile
1225 3358 1310 3426 est
1338 3360 1708 3423 irrationabile
1734 3371 1878 3424 esse,
1921 3364 2019 3411 aut

420 3473 726 3533 conrersim
754 3470 800 3525 ".
850 3468 929 3525 De
952 3465 1149 3538 quibus
1174 3460 1421 3532 quisquis
1447 3455 1603 3527 plene
1632 3452 1863 3509 voluerit
1886 3462 2015 3520 per-

422 3571 625 3642 ripere,
673 3566 817 3637 legat
855 3564 977 3641 περὶ
1002 3561 1285 3637 ἑρμηνείας,
1317 3554 1421 3609 hoc
1450 3560 1557 3615 est,
1587 3547 1654 3604 de
1695 3546 2019 3615 interpreta‘

422 3636 574 3724 tione
601 3636 982 3722 Aristotelem;
1023 3636 1076 3708 in
1103 3667 1209 3720 qua
1238 3656 1341 3704 aut
1384 3643 1564 3701 dehis
1593 3639 1745 3705 solis,
1791 3636 1894 3692 hoc
1933 3638 2020 3724 est

421 3722 772 3828 possibilibus
796 3757 852 3803 et
871 3740 1315 3817 impossibilibus,
1354 3743 1452 3791 aut
1501 3732 1737 3789 maxime
1770 3742 1802 3783 a
1838 3722 2026 3782 Philo-

423 3819 599 3918 sopho
621 3842 959 3912 disputatum
998 3844 1105 3891 est.
1130 3831 1287 3888 Nune
1311 3830 1496 3898 itaque
1524 3824 1594 3878 ad
1623 3836 1712 3885 ea,
1764 3824 1904 3889 quae
1933 3831 2023 3872 rc-
2061 3819 2068 3825 '

425 3911 596 3999 stant.
629 3911 1022 3993 consideranda
1049 3939 1407 3987 transeamus,
1433 3920 1477 3977 si
1505 3917 1601 3974 tibi
1619 3917 1642 3951 ⁸
1658 3917 1726 3973 de
1738 3911 2024 3986 speciebus

423 4030 646 4087 divinae
675 4024 1033 4100 ignorantiae,
1076 4018 1275 4091 quibus
1315 4014 1515 4070 dicitur
1558 4010 1704 4065 Deus
1746 4007 2023 4078 ignorare,
2058 4034 2065 4043 ο

429 4122 565 4195 satis
577 4121 793 4176 videtur
813 4116 1146 4172 discussum.
1163 4110 1310 4165 Disc.
1336 4105 1484 4162 Satis
1497 4103 1715 4173 quidem
1732 4112 2022 4170 superque,

429 4230 496 4271 ae
529 4212 734 4268 diutius
774 4210 831 4264 in
875 4208 956 4263 eis
998 4201 1275 4261 immorari
1304 4214 1413 4256 non
1445 4193 1817 4254 necessarium
1846 4190 2023 4245 video.

432 4305 609 4363 Solari
664 4317 901 4372 namque
950 4296 1103 4353 radio
1152 4292 1381 4349 lucidius
1420 4286 1749 4361 patefactum
1776 4325 1792 4347 ,
1843 4281 2025 4359 divina

434 4394 742 4467 ignorantia
762 4391 838 4447 nil
873 4388 1020 4444 aliud
1047 4382 1459 4457 intelligendum
1485 4392 1628 4441 esse,
1676 4373 1779 4431 nisi
1814 4372 2027 4428 incom-

2090 501 2394 574 gnoscunt,
2432 508 2499 548 ac
2535 508 2632 565 per
2666 494 2769 549 hoc
2817 508 3006 549 eorum
3059 497 3361 567 ignorantia
3414 512 3543 553 vera
3592 512 3677 556 es.

2092 582 2384 656 sapientia,
2418 594 2472 642 et
2512 586 2801 641 nesciendo
2829 601 2952 642 eum
2989 587 3041 642 in
3094 588 3180 643 his
3217 603 3356 658 quae
3382 599 3529 654 sunt,
3560 604 3679 645 me-

2084 675 2197 732 lius
2224 692 2348 732 eum
2378 677 2557 732 sciunt
2590 692 2752 747 super
2783 680 2979 739 omnia.
3016 695 3155 749 quae
3175 691 3300 735 sunt
3323 691 3380 737 et
3408 696 3548 751 quae
3570 696 3676 739 non

2093 775 2218 836 sunt
2242 785 2255 821 :
2286 767 2361 823 ita
2389 768 2553 823 etiam
2576 769 2643 824 de
2670 770 2846 840 seipse
2872 786 2975 826 non
2993 771 3437 826 irrationabiliter
3455 770 3678 838 dicitur,

2095 861 2148 916 in
2177 871 2437 932 quantum
2465 864 2700 934 seipsnm
2729 864 2780 919 in
2814 865 2916 929 his,
2950 881 3088 935 quae
3113 866 3260 929 fecit,
3289 880 3393 921 non
3427 865 3683 938 intelligit

2095 954 2415 1017 subsistere,
2436 953 2501 1009 in
2528 965 2737 1010 tantum
2768 954 3016 1029 intelligit
3047 972 3108 1012 se
3133 973 3297 1028 super
3320 957 3501 1012 otnnia
3522 972 3682 1023 esse,

2095 1059 2160 1101 ac
2203 1060 2321 1117 per.
2346 1044 2450 1100 hoc
2505 1045 2673 1117 ipsius
2700 1046 3003 1118 ignorantia
3036 1064 3157 1103 vera
3190 1059 3275 1104 est
3305 1047 3681 1121 intelligentia.

2095 1136 2165 1194 Et
2191 1137 2241 1193 in
2266 1146 2531 1209 quantum
2573 1155 2632 1195 se
2664 1141 2840 1195 nescit
2872 1141 2923 1195 in
2955 1140 3059 1203 bis,
3087 1157 3226 1211 quae
3256 1153 3399 1203 sunt,
3434 1148 3690 1212 compre-

2099 1229 2284 1296 hendi,
2316 1230 2369 1285 in
2397 1238 2604 1286 tantum
2632 1247 2693 1287 se
2713 1231 2816 1287 scit
2838 1232 2978 1311 ultra
3020 1233 3199 1288 omnia
3229 1234 3491 1300 exaltari;
3521 1243 3688 1305 atque

2099 1319 2219 1378 ideo
2250 1322 2542 1379 nesciendo
2573 1323 2835 1395 seipsum,
2858 1340 2890 1379 a
2916 1324 3096 1395 seipso
3126 1325 3318 1381 melius
3345 1326 3542 1392 scitur;
3574 1340 3689 1382 me-

2097 1412 2204 1469 lius
2238 1421 2325 1471 est
2341 1414 2508 1481 enim,
2561 1430 2622 1472 se
2651 1416 2798 1473 scire
2839 1416 2911 1472 ab
2946 1418 3200 1473 omnibus
3233 1429 3498 1474 remotum
3539 1434 3685 1484 esse,

2099 1521 2261 1577 quam
2305 1508 2350 1563 si
2393 1508 2578 1573 sciret,
2621 1509 2674 1570 in
2729 1524 2957 1566 numero
3000 1511 3241 1567 onmium
3292 1527 3352 1567 se
3407 1514 3685 1570 constitui.

2099 1598 2243 1656 “AG.
2275 1600 2444 1656 Recte
2470 1601 2757 1672 intelligis;
2782 1611 2839 1658 et
2858 1600 2999 1673 quod
3027 1603 3093 1658 de
3113 1602 3458 1658 talibnsratio
3472 1606 3689 1669 suadet,

2100 1708 2237 1765 pure
2260 1709 2326 1749 ac
2355 1694 2724 1751 indubitanter
2751 1704 2802 1751 te
2843 1696 3155 1765 perspicere
3188 1690 3393 1752 sentio!
3430 1694 3541 1751 Nec
3573 1694 3691 1771 jam

2034 1756 2077 1816 Β
2103 1785 2306 1851 cernis,
2334 1793 2394 1839 ut
2417 1787 2630 1856 opinor,
2660 1786 2825 1843 ullam
2855 1784 3213 1844 ditl‘erenliam
3249 1788 3290 1819 ’ί
3336 1756 3592 1860 imaginis
3628 1762 3694 1843 ἐι

2099 1876 2416 1947 principalis
2442 1876 2674 1942 formae,
2708 1889 2931 1948 praeter-
2963 1880 3228 1936 ration’em
3256 1880 3509 1951 subjecti.
3570 1924 3571 1927 η

2144 1984 2147 1987 ·
2175 1969 2397 2025 Summa
2425 1968 2691 2038 siquidem
2720 1970 2960 2027 Trinitas
2987 1972 3421 2030 substantialiter
3438 1990 3537 2045 per
3550 1973 3695 2046 seip-

2100 2077 2217 2117 sam
2235 2061 2558 2126 "subsistit,
2588 2070 2645 2116 et
2667 2076 2735 2117 ex
2760 2063 2906 2119 nulla
2943 2077 3104 2118 causa
3120 2075 3303 2121 creata
3323 2073 3442 2129 est;
3478 2066 3696 2122 trinitas

2103 2166 2236 2208 vero
2251 2163 2471 2208 nostrae
2495 2160 2722 2209 naturae
2748 2153 2819 2209 de
2844 2152 3013 2210 nihilo
3036 2156 3174 2210 facta
3199 2162 3285 2210 est
3305 2155 3376 2210 ab
3404 2154 3695 2225 ipsa,quae

2102 2259 2200 2318 per
2227 2246 2459 2329 seipsant
2493 2252 2712 2301 aeterna
2735 2253 2837 2312 est,
2882 2246 2951 2302 ad
2982 2246 3271 2318 imaginem
3306 2255 3362 2302 et
3388 2246 3695 2302 similitudi—

2105 2352 2229 2392 nem
2283 2351 2467 2401 suam;
2512 2345 2567 2392 et
2616 2336 2662 2391 si
2708 2336 2889 2407 aliqua
2937 2336 3318 2395 dissimilitudo
3345 2348 3564 2410 praeter
3591 2339 3699 2394 hoc

2105 2427 2357 2501 imaginis
2386 2438 2443 2483 et
2472 2426 2785 2499 principalis
2829 2428 3059 2500 exempli
3090 2441 3307 2500 reperta
3348 2429 3529 2494 fuerit,
3588 2446 3695 2485 non

2103 2537 2172 2578 ex
2199 2531 2392 2578 natura
2416 2520 2519 2578 hoc
2542 2522 2829 2604 processit,
2855 2515 3036 2592 sediex
3054 2522 3251 2581 delicto
3268 2518 3464 2580 accidit
3479 2564 3494 2587 ,
3521 2537 3699 2593 neque

2106 2633 2172 2675 ex
2193 2616 2478 2674 creatrieis
2509 2608 2798 2673 Trinitatis
2841 2615 3064 2689 invidia,
3085 2617 3201 2673 sed
3227 2632 3293 2673 ex
3324 2625 3540 2672 creatae
3572 2617 3702 2671 inta-

2108 2709 2252 2783 ginis
2280 2707 2459 2787 culpa.
2491 2708 2689 2766 Totum
2718 2722 2977 2781 namque,
3006 2707 3152 2780 quod
3184 2709 3249 2764 de
3280 2708 3391 2764 Deo
3423 2707 3506 2762 vel
3542 2706 3702 2762 intel-

2109 2798 2299 2871 ligitur
2324 2801 2622 2857 secundum
2649 2798 2917 2856 essentiae
2952 2799 3230 2863 virtutem.
3262 2798 3329 2854 de
3353 2797 3472 2869 ejus
3511 2796 3702 2869 imagi.

2110 2908 2180 2950 ne
2211 2891 2265 2949 in
2291 2892 2401 2975 his,
2421 2893 2620 2963 quibus
2647 2891 2694 2926 ⁸³
2712 2900 2995 2964 purgatur,
3016 2890 3373 2956 illuminatnr,
3401 2888 3700 2962 perﬁcitur.

2111 2991 2171 3046 et
2196 2987 2329 3057 dici,
2355 2995 2415 3044 et
2441 2986 2669 3058 intelligi
2700 2993 2880 3057 potest
2900 2984 3198 3043 secundum
3239 2982 3537 3040 creationis
3579 2997 3708 3056 gra-

2117 3081 2247 3137 tiam
2296 3088 2481 3147 eo,\ut
2528 3078 2916 3151 praediximus,
2943 3085 3194 3148 excepto,
3226 3075 3370 3148 quod
3396 3075 3576 3130 divina
3613 3090 3709 3128 na-

2121 3181 2243 3228 tura
2291 3171 2439 3228 Deus
2491 3178 2578 3227 est
2629 3160 2950 3226 excellentia
2966 3168 3256 3234 essentiae,
3304 3168 3541 3223 lnnuana
3578 3180 3711 3221 vero
3780 3186 3783 3187 ν

2115 3261 2261 3318 Deus
2289 3270 2373 3317 est
2400 3261 2615 3317 divinae
2643 3259 2852 3333 gratiae
2873 3259 3157 3333 largitate;
3183 3267 3240 3314 et
3259 3259 3404 3328 quod
3432 3257 3522 3313 illa
3550 3270 3709 3312 crea-

2119 3350 2226 3408 trix
2253 3351 2349 3418 sit,
2369 3358 2428 3406 et
2448 3366 2479 3407 a
2514 3349 2661 3406 nullo
2679 3358 2887 3417 creata,
2908 3350 3020 3406 ista
3048 3364 3180 3406 vero
3201 3349 3273 3404 ah
3288 3349 3377 3403 illa
3395 3356 3578 3403 creata
3597 3356 3709 3411 est,

2119 3454 2175 3502 et
2200 3460 2469 3516 ea,quae
2499 3459 2633 3501 suae
2658 3455 2888 3501 naturae
2910 3442 3049 3500 infra
3074 3458 3134 3498 se
3172 3442 3509 3505 adhaerent,
3539 3448 3712 3504 creat,

2120 3551 2320 3608 corpus
2334 3537 2436 3592 hoc
2451 3535 2682 3591 mortale
2698 3535 2838 3601 dico,
2852 3541 2975 3604 post
2986 3548 3148 3605 peeca
3158 3542 3267 3588 tum
3288 3531 3504 3586 animae
3523 3526 3716 3598 adjun-

2122 3638 2291 3694 ctum,
2319 3628 2465 3701 quod
2497 3627 2661 3682 etiam
2691 3626 2868 3698 imago
2897 3624 3154 3698 imaginis
3185 3632 3436 3688 vocatur,
3463 3634 3525 3677 ut
3550 3636 3715 3691 saepe

2122 3727 2362 3799 diximus
2378 3724 2446 3780 ίδ.
2463 3724 2600 3780 Nam
2614 3722 3070 3796 quemadmodum
3086 3720 3323 3776 animam
3341 3719 3407 3774 ad
3424 3717 3717 3799 imaginem

2124 3835 2279 3876 suam
2313 3818 2459 3876 Deus
2492 3816 2729 3882 creavit;
2770 3815 2844 3871 ita
2871 3815 3057 3872 anima
3086 3828 3283 3884 corpus
3314 3811 3478 3867 veluti
3502 3791 3721 3865 instru-

2124 3908 2652 3980 mentumqnoddam
2680 3905 3080 3977 quodammodo
3107 3902 3193 3959 sui
3235 3901 3414 3959 simile
3457 3899 3622 3957 eilicit
3647 3899 3715 3954 ³⁸.

2127 4004 2315 4061 Sedad
2330 4004 2545 4059 divinae
2563 4000 2989 4072 trinitatis,quae
3000 4013 3164 4063 causa
3181 3995 3425 4051 omnium
3445 4000 3550 4057 est,
3568 3992 3723 4049 theo-

2128 4097 2265 4152 riam
2295 4093 2651 4157 redeundum,
2680 4091 2724 4148 si
2755 4088 2874 4156 tibi,
2898 4103 3039 4161 quae
3067 4088 3134 4144 de
3166 4084 3363 4142 talibus
3393 4083 3536 4140 dicta
3566 4091 3717 4145 sunt,

2129 4189 2421 4246 suilieiunt.
2455 4187 2600 4243 Dtsc.
2631 4182 2921 4253 Suiiiciunt
2945 4184 3096 4236 sane.
3127 4177 3271 4235 Hac.
3297 4176 3355 4232 ln
3383 4190 3597 4233 summa
3622 4174 3728 4230 ita-

2130 4299 2236 4356 que
2263 4298 2328 4338 ac
2354 4279 2616 4351 singulari
2656 4277 3033 4334 universorum
3080 4287 3268 4336 causa,
3318 4284 3387 4325 ex
3424 4274 3629 4343 quaet
3669 4265 3726 4320 in

2130 4392 2237 4447 qua
2268 4382 2326 4430 et
2353 4381 2481 4451 sunt
2517 4378 2573 4426 et
2610 4366 2827 4425 condita
2856 4372 2985 4422 sunt
3013 4362 3179 4419 totius
3206 4370 3493 4418 creaturae
3524 4357 3730 4427 princi-

431 4449 851 4560 prehensibiiem
875 4449 1254 4545 inﬁnitamque
1294 4472 1532 4528 divinam
1563 4468 1865 4525 scientiam.
1890 4463 2028 4518 Nam
2057 4482 2108 4541 ο
2137 4471 2245 4541 pia,
2277 4469 2379 4521 hoc
2423 4449 2527 4535 est,
2576 4458 2958 4534 primordiales
3002 4470 3220 4516 causae,
3271 4449 3735 4511 considerandum.

430 4579 578 4656 quod
602 4578 775 4637 sancti
820 4575 1031 4635 Patres,
1066 4569 1428 4654 Augustinum
1457 4565 1581 4633 dico
1604 4573 1661 4620 et
1684 4560 2026 4633 Dionysium,

435 4655 507 4733 de
528 4674 640 4730 Deo
682 4671 963 4728 verissime
992 4664 1367 4739 pronuntiant,
1396 4659 1727 4733 Augustinus
1763 4655 1982 4726 quidem
2009 4670 2026 4711 :

438 4765 545 4834 Qui
573 4764 762 4819 melius
794 4762 971 4830 inquit
991 4756 1264 4813 nesciendo
1290 4754 1477 4817 scitur,
1497 4749 1788 4822 Dionysius
1813 4758 2025 4802 autem:
2066 4762 2071 4765 ·

430 4856 607 4929 Cujus
622 4854 921 4928 ignorantia
945 4868 1068 4909 rem
1089 4858 1165 4905 est
1187 4847 1465 4917 sapientia,
1497 4859 1605 4900 non
1632 4842 1810 4899 solum
1844 4839 1914 4895 de
1949 4838 2034 4893 in-

442 4946 1011 5016 tellectihus,quieum
1038 4943 1125 5014 pie
1150 4940 1499 5008 studioseque
1522 4943 1812 5007 quaerunt,
1839 4946 2029 4987 verum

440 5045 607 5095 etiam
636 5038 705 5093 de
734 5037 911 5105 seipse
940 5033 961 5066 '
992 5032 1399 5103 intelligendum
1428 5028 1640 5097 opinor.
1671 5024 1827 5081 Sicut
1862 5022 2035 5086 enim,

441 5130 539 5205 qui
578 5139 731 5186 recto
769 5128 812 5161 ‘°
835 5116 1409 5183 ratiocinandi'itinere
1430 5119 1783 5190 investigant,
1806 5116 1859 5171 in
1890 5113 2038 5169 nullo

444 5234 655 5285 eorum,
703 5233 845 5290 quae
890 5217 944 5272 in
991 5222 1181 5271 natura
1228 5227 1410 5269 rerum
1438 5210 1811 5275 continentur,
1860 5206 2038 5277 ipsum

2140 4539 2398 4622 arbitror,
2427 4565 2610 4612 utrum
2638 4553 2777 4624 ipsa,
2806 4551 2936 4606 dum
2965 4549 3038 4605 sit
3064 4547 3245 4604 unitas
3265 4553 3319 4601 et
3334 4539 3730 4622 trinitasu-dif

2139 4652 2263 4708 vina
2312 4647 2582 4722 siquidem
2610 4643 2827 4701 bonitas
2851 4649 2934 4697 est
2954 4655 3058 4695 una
3077 4637 3312 4695 essentia
3344 4635 3397 4689 in
3423 4634 3593 4690 tribus
3605 4614 3732 4688 sub;

2138 4720 2460 4805 stantiis,‘et
2487 4748 2596 4793 tres
2620 4732 2962 4792 substantiae
2997 4732 3059 4788 in
3088 4744 3195 4785 una
3221 4727 3459 4787 essentia
3491 4724 3558 4790 “,
3576 4723 3662 4779 vel
3688 4720 3732 4756 "

2140 4832 2438 4893 secundum
2487 4843 2643 4886 usqu
2685 4826 2964 4882 Romanae
3006 4822 3223 4893 linguae
3267 4818 3590 4879 dicendum,
3627 4828 3735 4867 una

2142 4923 2443 4984 substantia
2496 4920 2554 4977 in
2611 4917 2786 4975 tribus
2827 4913 3095 4989 personis,
3133 4920 3191 4966 et
3250 4918 3358 4965 tres
3385 4911 3651 4979 personae
3680 4902 3736 4957 in

2144 5035 2252 5075 una
2282 5012 2586 5073 substantia
2607 5040 2680 5052 —-
2716 5010 2771 5067 in
2801 5008 2979 5080 seipsa
2998 5020 3193 5062 causas
3211 4997 3609 5074 quodammodo
3634 4994 3741 5049 dif-

2145 5112 2386 5168 ferentes
2429 5106 2573 5162 sicut
2615 5101 2951 5161 substantias
2976 5098 3077 5153 "a
3113 5108 3175 5152 se
3219 5091 3451 5150 invicem
3498 5087 3736 5151 habeat;

2149 5205 2255 5263 hoc
2283 5212 2386 5266 est,
2416 5212 2600 5255 utrum
2629 5195 2773 5253 sicut
2799 5194 2867 5250 de
2897 5192 3011 5264 ipsa
3044 5186 3396 5262 praedicatur
3421 5196 3528 5236 una
3554 5190 3733 5234 essen-

1746 5363 1832 5421 VA
1841 5364 2002 5421 RIAE
2037 5357 2426 5419 LECTIONES

526 5534 547 5618 ξ
599 5534 642 5590 C
692 5531 987 5618 praegredi.
1056 5530 1087 5618 7”
1131 5526 1411 5618 ξῑςνΑιξρ.
1456 5523 1633 5618 n'nSic
1649 5521 1990 5618 gladiique.
2026 5601 2038 5618 1
2070 5519 2089 5550 ⁵
2323 5515 2408 5572 BC
2438 5530 2593 5618 quae.
2664 5510 2691 5546 ³
2786 5519 2925 5612 sttui.

452 5607 510 5691 an
530 5586 1086 5691 impos'eiitiii'tnst~cre.
1126 5599 1296 5691 esu;
1316 5598 1386 5691 Si.
1401 5595 1619 5691 “ita:
1643 5593 1806 5691 sint}
1819 5586 2060 5691 (agnus.
2088 5589 2230 5691 Ἔθις)
2254 5591 2406 5691 (haec
2425 5589 2454 5691 '(
2487 5588 2599 5658 ipso
2626 5586 2763 5691 an...)

454 5651 656 5759 dinem.
730 5675 770 5707 "
791 5674 838 5730 Δ
867 5689 958 5742 per
979 5651 1682 5744 scipsnmsubeuntium“.
1751 5664 1797 5697 ⁸³
1819 5663 1861 5721 C
1908 5664 1962 5717 in
2012 5662 2229 5734 quibus.
2308 5659 2354 5691 ⁸³
2384 5651 2618 5724 νιίἀσρσ
2637 5656 2869 5711 diximus
2892 5668 3000 5710 om.
3028 5651 3092 5705 Α.

459 5748 624 5789 Inbue
650 5775 717 5787 ....
735 5743 957 5789 nuntia
988 5758 1096 5789 mn-
1122 5744 1181 5789 tt-
1264 5740 1301 5773 "
1336 5739 1378 5789 (Ζ
1409 5737 1490 5789 vel
1521 5738 1565 5789 si
1601 5735 1915 5789 secundum.
1996 5734 2040 5763 ”‘
2064 5735 2196 5789 sicut
2224 5728 2548 5789 substantias
2584 5728 2786 5784 om.-A.
3122 5738 3145 5747 ‘

456 5747 624 5803 tribus
650 5775 717 5787 -ιο-
735 5735 957 5801 essentia
988 5735 1098 5798 on}.
1122 5744 1181 5799 t2.
1264 5740 1301 5773 "
1336 5739 1378 5795 (Ζ
1409 5737 1490 5795 rel
1521 5738 1565 5792 si
1601 5735 1915 5810 secundum.

3027 5509 3049 5539 “
3092 5506 3199 5562 Pro
3244 5513 3319 5559 est
3349 5499 3746 5569 iutpostibilitas

3027 5590 3159 5627 νηί.
3258 5578 3297 5607 ¹¹
3336 5579 3374 5627 Λ
3403 5572 3742 5627 dissimilitu-

3258 5584 3297 5607 ”
3336 5584 3374 5628 Λ
3403 5584 3742 5627 dissiliunt“-

3200 5647 3240 5679 ”
3264 5647 3305 5702 A
3331 5645 3515 5713 e/I'ccit.
3616 5640 3663 5674 ""
3691 5639 3749 5695 iu

2865 5583 2902 5612 ’ί
2935 5577 2977 5635 C
3009 5590 3159 5635 recte.
