4230 6068
523 244 631 309 399

1874 243 2168 304 JOANNIS-
2194 243 2391 302 SCOTI

3659 204 3764 308 eo

515 361 592 416 tia
635 361 689 414 in
722 359 894 416 tribus
937 357 1274 422 substantiis,
1322 358 1396 414 ita
1441 357 1604 412 etiam
1649 371 1755 411 una
1785 355 2090 413 essentialis
2113 361 2163 420 Α
2191 353 2332 425 quod
2355 353 2422 410 de
2450 354 2560 420 Deo
2581 353 2844 410 catholica
2865 352 2970 408 lide
2989 354 3321 427 approbante
3339 353 3498 412 datur
3518 356 3764 427 intelligi,

513 462 674 504 causa
705 448 760 502 in
790 438 962 505 tribus
996 446 1412 504 subsistentibus
1442 446 1644 512 causis,
1687 454 1741 500 et
1771 454 1880 502 tres
1906 447 2084 502 subsi-

519 548 724 598 stentes
775 553 972 595 causae
1015 539 1070 594 in
1117 555 1223 594 una
1276 537 1550 594 essentiali
1605 552 1768 598 causa
1819 536 2088 599 credenda

509 639 614 696 est,
647 641 703 686 et
733 630 1070 703 intelligenda
1105 633 1147 688 '.
1168 630 1237 700 Et
1269 631 1396 700 quid
1420 630 1489 686 de
1535 628 1840 706 hujusinodi
1865 628 2089 685 tlieoriis

510 725 644 775 sana
675 719 779 778 fide
804 721 1150 792 cogitandum
1190 722 1262 776 sit
1291 730 1345 776 et
1378 721 1823 793 praedicandum,
1863 734 1969 775 non
2006 719 2090 783 in-

508 827 806 881 congruum
837 813 1167 871 orthodoxae
1197 812 1318 868 ﬁdei
1345 811 1887 883 contemplationibus
1905 810 2090 881 expla-

508 918 657 959 nare.
689 904 834 962 Dtsc.
865 906 1034 962 Immo
1053 907 1616 982 congruentissimum,
1637 913 1696 966 et
1714 903 1948 972 ﬁdelium
1967 898 2088 957 ani-

511 1009 719 1057 marum
747 996 906 1052 saluti
948 996 1335 1053 necessarium.
1369 995 1507 1064 liae.
1538 995 1678 1066 Quid
1719 993 2085 1068 igituri'Num

506 1087 763 1142 debemus
791 1088 891 1142 hoc
913 1088 982 1143 de
1009 1103 1172 1144 causa
1197 1088 1436 1145 omnium
1464 1080 1523 1142 ei
1548 1072 1798 1151 credere,
1825 1094 1882 1142 et
1914 1101 2088 1156 quan-

508 1186 618 1229 tum
646 1177 822 1253 datur,
847 1177 1144 1249 intelligere
1163 1187 1217 1233 et
1239 1178 1552 1250 praedicare
1579 1180 1622 1243 ³,
1658 1185 1714 1233 et
1745 1175 2086 1240 essentialem

504 1285 723 1325 causam
778 1286 942 1326 unam
989 1255 1044 1326 in
1095 1271 1267 1327 tribus
1311 1269 1759 1326 substantialibus
1789 1269 1988 1335 causis,
2031 1277 2089 1326 et

508 1372 620 1416 tres
667 1357 1048 1418 substantiales
1090 1377 1282 1416 causas
1329 1362 1387 1418 in
1418 1375 1523 1417 una
1568 1357 1843 1416 essentiali
1887 1357 2086 1415 causa?

501 1451 651 1508 Disc.
689 1451 828 1519 Quid
879 1454 981 1509 hoc
1016 1453 1038 1485 ⁸
1081 1453 1332 1524 prohibet
1384 1451 1608 1532 intelligi
1651 1458 1708 1506 et
1755 1445 2083 1524 praedicari,

501 1560 609 1604 non
656 1546 788 1602 mihi
837 1546 1098 1604 occurrit.
1139 1546 1196 1604 Si
1244 1547 1391 1603 enim
1439 1545 1582 1602 Deus
1625 1559 1792 1610 causa
1843 1544 2084 1600 omnium

499 1643 607 1702 est,
656 1651 837 1692 nonne
881 1636 1150 1708 sequitur,
1186 1644 1249 1693 ut
1298 1635 1322 1668 ⁵
1360 1643 1420 1692 et
1465 1650 1630 1692 causa
1673 1634 1913 1699 omnium
1941 1634 2087 1691 Deus

2189 449 2258 502 de
2284 461 2447 503 causa
2480 446 2720 514 omnium
2753 445 3006 501 similiter
3024 447 3113 516 pie
3142 446 3584 523 philosophantes
3607 464 3766 520 oper.

2191 547 2306 593 tere
2327 537 2508 607 fateri.
2529 536 2676 600 Disc.
2699 535 2814 604 Hoc
2837 537 3157 603 inconcusse
3179 538 3478 594 stabilitum
3495 551 3598 594 est.
3623 538 3763 598 Msa.

2188 628 2328 694 Nam
2356 629 2520 701 igitur
2553 629 2890 692 divinitatem
2940 629 3235 700 ingenitam
3261 640 3319 686 et
3354 631 3687 702 gignentein,
3711 639 3770 690 et

2189 723 2444 778 deitatem
2485 721 2746 791 genitam,
2774 730 2830 776 et
2858 720 3115 776 deitatem
3163 721 3543 794 procedentem
3591 724 3766 790 credi-

2188 827 2340 876 mus,
2374 821 2429 867 et
2452 812 2579 866 dum
2607 812 2677 866 sit
2701 827 2812 876 una
2833 821 2882 868 et
2913 812 3291 883 inseparabilis
3316 813 3594 880 divinitas,
3615 814 3768 870 diﬂ‘e-
3839 877 3846 881 _

2188 903 2392 959 reiitias
2436 911 2614 966 tamen
2645 901 3027 973 substantiales
3064 902 3290 973 recipit?
3319 903 3378 956 in
3416 904 3581 960 Patre
3621 905 3767 974 enim

2187 993 2441 1049 deitatem
2482 992 2798 1064 ingenitam,
2847 993 2900 1048 in
2926 991 3065 1050 Filio
3108 992 3363 1049 deitatem
3398 995 3659 1065 genitam,
3709 994 3768 1051 in

2189 1085 2394 1158 Spiritu
2446 1096 2636 1143 siineto
2669 1085 2922 1145 deitatem
2965 1078 3344 1158 procedentem
3395 1087 3690 1158 accipimus
3711 1098 3769 1144 et

2187 1177 2438 1250 religiose
2471 1177 2765 1250 credimus,
2810 1185 2868 1232 et
2904 1178 3079 1232 sancti
3121 1177 3360 1249 Dionysii
3404 1179 3769 1250 Areopagitae

2185 1265 2523 1339 aliorumque
2589 1265 2810 1320 Patrum
2853 1267 3142 1322 sanissiiiia
3184 1268 3510 1324 auctoritate
3551 1278 3768 1325 utentes

2187 1359 2567 1432 approbamus.
2599 1359 2744 1415 Disc.
2781 1357 3042 1431 Quisquis
3079 1360 3134 1415 in
3181 1361 3284 1416 hoc
3311 1362 3568 1426 haesitat,
3605 1361 3763 1432 longe

2184 1463 2218 1503 a
2250 1449 2478 1504 veritate
2506 1448 2693 1503 distat.
2726 1447 2866 1505 Msa.
2894 1449 2992 1505 Est
3021 1449 3186 1520 igitur
3205 1449 3578 1506 substantialis
3601 1467 3765 1509 causa

2188 1535 2425 1608 ingenita
2467 1548 2524 1592 et
2552 1537 2818 1609 gignens;
2857 1547 2912 1594 et
2957 1547 3041 1594 est
3073 1539 3444 1596 substantialis
3477 1556 3640 1596 causa
3669 1555 3764 1613 ge-

2186 1626 2304 1685 nita
2333 1635 2392 1683 et
2428 1642 2536 1684 non
2571 1629 2828 1698 gignens;
2876 1627 3006 1684 item
3052 1629 3426 1685 substantialis
3466 1640 3551 1686 est
3598 1643 3766 1688 causa

499 1731 889 1802 cognoscatur?
927 1730 1000 1786 At
1026 1730 1050 1764 ³
1091 1731 1138 1788 si
1179 1729 1326 1789 Deus
1373 1727 1568 1796 causa,"
1607 1737 1666 1787 et
1707 1743 1873 1813 ausa
1918 1728 2080 1793 Deus,
2110 1717 2159 1786 Β
2184 1719 2483 1790 procedens
2506 1729 2564 1775 et
2589 1735 2697 1776 non
2729 1719 3121 1813 ingenita,_nec
3151 1722 3355 1791 genita,
3386 1736 3486 1778 nec
3507 1722 3764 1795 gignens;

499 1835 682 1876 nonne
727 1835 1064 1898 consequens
1111 1829 1201 1898 est
1224 1819 1274 1886 ⁸.
1303 1829 1362 1876 ιιι
1400 1829 1459 1875 et
1484 1833 1668 1885 omne,
1706 1818 1850 1890 quod
1877 1818 1949 1874 de
1975 1815 2088 1874 Deo

499 1913 724 1968 credere
752 1895 1045 1981 debemus,
1065 1895 1318 1970 simillter
1342 1912 1462 1972 sine
1487 1912 1597 1969 ulla
1621 1911 1984 1985 discrepantia
2017 1911 2086 1967 de

496 2016 660 2058 causa
683 2018 790 2060 non
813 2004 1116 2061 dubitemus
1135 2003 1471 2076 intelligere!
1494 2001 1630 2060 Nam
1650 2003 1697 2060 si
1717 2017 1886 2072 unum
1913 2003 2083 2062 Deum

492 2108 595 2169 per
621 2111 682 2152 se
718 2098 1037 2153 existentem
1065 2098 1119 2152 in
1143 2097 1315 2154 tribus
1335 2096 1654 2154 substantiis
1689 2112 1790 2168 per
1815 2112 1876 2154 se
1899 2095 2080 2154 subsi-

493 2186 766 2244 stentibus
799 2187 934 2265 lides
968 2185 1169 2243 fatetur
1195 2187 1487 2252 catholica,
1525 2186 1655 2260 quid
1684 2188 1882 2255 obstat,
1915 2202 1983 2244 ne
2007 2187 2082 2257 si-

495 2279 699 2335 militer
731 2279 996 2344 dicamus,
1033 2295 1196 2340 unam
1223 2294 1447 2337 causam
1475 2294 1574 2350 per
1597 2295 1657 2336 se
1677 2281 1999 2337 existentem
2023 2278 2080 2334 in

494 2373 668 2431 tribus
695 2375 872 2430 causis
905 2389 1002 2444 per
1029 2389 1088 2429 se
1111 2373 1564 2430 subsistentibus?
1590 2372 1730 2429 Mite.
1767 2371 1862 2427 Pie
1886 2381 1946 2427 et
1985 2386 2078 2428 or-

497 2468 750 2523 thodoxe.
783 2465 884 2527 Est
912 2466 931 2497 "
967 2465 1130 2536 igitur
1157 2479 1266 2519 una
1294 2479 1456 2520 causa
1497 2465 1551 2518 in
1581 2463 1754 2518 tribus
1784 2463 1986 2527 causis,
2023 2469 2082 2519 et

494 2568 606 2616 tres
637 2559 688 2614 in
721 2575 846 2612 una.
881 2558 1026 2613 Disc.
1057 2557 1174 2612 Jam
1215 2565 1271 2612 et
1293 2572 1611 2615 concessum
1639 2565 1725 2638 est
1766 2566 1824 2611 et
1867 2556 2074 2610 datum.

563 2647 654 2705 30.
684 2647 823 2704 MAG.
853 2648 1006 2704 Nunc
1051 2647 1236 2717 itaque
1285 2649 1353 2703 ad
1401 2645 1726 2722 theologiam
1770 2646 2074 2713 redeamus,
2148 2700 2155 2707 ,

488 2754 634 2812 quae
661 2754 786 2809 pars
819 2739 995 2810 prima
1036 2748 1122 2794 est
1149 2747 1205 2793 et
1229 2753 1440 2793 summa
1467 2739 1721 2808 sophiae;
1755 2752 1857 2792 nec
1892 2738 2078 2793 innue-

496 2832 622 2893 rito,
652 2829 776 2899 quia
808 2839 900 2884 aut
919 2829 1030 2884 sola
1055 2837 1149 2883 aut
1177 2830 1412 2884 maxime
1439 2829 1584 2886 circa
1611 2829 1826 2885 divinae
1851 2837 2077 2884 naturae

495 2930 745 2975 versatur
779 2919 1231 2988 speculationem;
1263 2927 1317 2972 et
1339 2919 1596 2973 dividitur
1627 2917 1684 2974 in
1713 2919 1847 2974 duas
1867 2928 2073 2990 partes,

495 3009 549 3065 in
577 3007 1007 3073 allirmationeni,
1036 3008 1179 3073 dico,
1220 3016 1274 3064 et
1311 3008 1678 3079 negationem,
1713 3023 1853 3077 quae
1880 3022 2074 3078 graece

437 3147 440 3149 _
495 3100 834 3172 appellantur
872 3101 897 3132 ⁸
925 3106 1236 3176 aerugini-neri
1269 3110 1325 3169 et
1351 3105 1652 3175 ἆποφατική.
1685 3101 1927 3170 Quarum
1968 3118 2074 3158 una

494 3192 602 3248 iii’
646 3191 821 3264 primo
870 3191 1009 3247 libro
1058 3193 1138 3248 usi
1182 3208 1406 3257 sumus,
1447 3192 1536 3248 ubi
1576 3193 1739 3248 certis
1777 3193 2076 3248 rationibus

446 3317 454 3332 ι
494 3285 678 3339 decem
708 3284 1012 3355 categorias
1036 3285 1324 3354 omniaque
1355 3299 1533 3339 rerum
1563 3299 1759 3352 genera
1790 3294 1844 3339 et
1871 3283 2090 3357 formas.

492 3389 852 3444 numerosque
875 3385 930 3429 et
956 3375 1254 3428 accidentia
1285 3375 1360 3441 ‘de
1396 3373 1508 3430 Deo
1531 3375 1747 3445 preprie
1773 3375 2074 3444 praedicari

492 3445 834 3534 negavimus;
875 3473 930 3519 et
979 3465 1174 3519 iterum
1225 3465 1279 3518 in
1332 3465 1605 3534 praesenti
1659 3464 1796 3520 libro
1823 3465 2073 3531 eandem,

493 3561 805 3631 ἀποφατικῂ
836 3558 978 3622 dico,
1007 3558 1146 3613 serie
1171 3553 1548 3628 quaestionum
1574 3559 1850 3632 exigente,
1875 3558 2078 3630 repeti-

488 3649 687 3709 vimus,
743 3649 868 3703 dum
913 3641 1084 3718 ipsum
1122 3649 1164 3681 ⁸*
1203 3649 1372 3704 Deum
1419 3649 1622 3703 nullum
1665 3663 1877 3714 eorum,
1935 3661 2076 3720 quae

488 3749 640 3804 sunt,
666 3748 883 3809 etquae
927 3756 1031 3796 non
1078 3749 1228 3806 sunt,
1271 3741 1326 3796 in
1366 3756 1464 3796 sua
1493 3741 1732 3796 essentia
1772 3740 2074 3811 intelligere

488 3829 747 3895 diximus,
775 3831 900 3901 quia
927 3846 1140 3886 onmem
1165 3837 1381 3900 superat
1405 3830 1694 3884 essentiam
1718 3870 1732 3894 ,
1763 3829 2072 3900 ipsumque,

486 3919 620 3992 quid
640 3922 851 3992 ipsesit,
868 3922 1122 3993 quoniam
1152 3920 1296 3976 nullo
1331 3923 1490 3976 modo
1518 3920 1866 3986 delinitur,et
1902 3937 2076 3991 quan-

492 4024 581 4068 tus
621 4023 676 4067 et
699 4013 876 4082 qualis
919 4012 1010 4076 sit,
1045 4012 1172 4084 quia
1209 4012 1344 4066 nihil
1380 4012 1430 4067 ei
1480 4012 1700 4076 accidit,
1749 4021 1805 4068 et
1842 4012 1895 4067 in
1926 4011 2076 4067 nullo

489 4101 826 4171 intelligitur,
857 4103 1079 4157 omnino
1107 4104 1378 4174 ignorare,
1403 4118 1469 4158 ac
1494 4117 1592 4172 per
1615 4103 1719 4157 hoc
1748 4104 1986 4172 seipsum
2014 4103 2071 4158 in

487 4192 574 4249 his
603 4206 739 4262 quae
768 4202 913 4258 sunt,
943 4204 994 4246 et
1015 4208 1290 4264 quaeuon
1327 4200 1473 4256 sunt,
1503 4193 1884 4263 comprehendi
1921 4194 2072 4264 peni.

489 4275 578 4338 tus
608 4299 824 4354 negare,
859 4297 998 4352 quae
1021 4285 1230 4354 species
1272 4286 1608 4355 ignorantiae
1631 4301 1847 4341 onmem
1889 4286 2074 4340 scien-

491 4375 620 4429 tiam
673 4384 894 4444 supcrat
942 4384 996 4429 et
1045 4375 1396 4430 intellectum.
1453 4375 1572 4431 Jam
1620 4391 1752 4430 vero
1802 4375 2065 4438 alteram.

2182 1817 2242 1866 et
2288 1817 2404 1866 tres
2439 1824 2637 1865 causae
2687 1810 3083 1868 substantiales
3127 1827 3294 1867 unum
3347 1821 3510 1878 sunt,
3546 1821 3603 1870 et
3658 1827 3770 1874 una

2182 1916 2348 1958 causa
2375 1903 2704 1958 essentialis.
2738 1904 2884 1961 Disc.
2917 1901 3319 1977 Expraedictis
3342 1905 3644 1962 rationibus
3662 1907 3768 1964 hoc

2181 1994 2490 2050 necessario
2519 1993 2830 2050 conﬁcitur.
2856 1992 2999 2052 Iac.
3028 1995 3088 2051 ln
3117 2010 3280 2052 causa
3309 1997 3494 2068 itaque
3519 1998 3765 2054 omnium

2181 2094 2266 2142 est
2288 2101 2449 2142 causa
2479 2086 2828 2158 praecedens,
2845 2095 2900 2144 et
2923 2095 3047 2143 sunt
3060 2102 3256 2144 causae
3276 2096 3584 2159 sequentes.
3601 2086 3767 2144 Pater

2179 2178 2445 2251 siquidem
2469 2179 2746 2252 praecedit
2783 2180 2826 2212 “
2866 2178 3063 2234 Filium
3093 2188 3151 2235 et
3192 2179 3452 2249 Spiritum
3474 2189 3722 2237 sanctum
3743 2186 3768 2247 ;

2181 2269 2250 2325 ab
2279 2284 2345 2326 eo
2366 2269 2512 2324 enim
2539 2268 2707 2325 Filius
2733 2277 2816 2324 est
2844 2269 3079 2340 genitus,
3108 2277 3164 2324 et
3185 2270 3419 2342 Spiritus
3439 2280 3661 2328 sanctus
3680 2279 3767 2326 est

2179 2361 2511 2432 procedens;
2552 2375 2618 2414 ac
2661 2375 2761 2430 per
2803 2361 2906 2416 hoc
2935 2376 3097 2416 causa
3131 2375 3420 2416 causarum
3458 2361 3620 2418 Pater
3654 2377 3764 2418 non

2179 2451 2475 2524 incongrue
2505 2453 2766 2516 creditur.
2792 2453 3051 2509 Estenim
3077 2468 3241 2509 causa
3273 2455 3546 2510 nascentis
3566 2470 3765 2512 causae

2177 2555 2231 2602 et
2260 2546 2601 2618 procedentis
2625 2561 2842 2602 causae.
2889 2544 3192 2602 Paternitas
3215 2547 3255 2578 “
3283 2547 3557 2618 praecedit
3588 2546 3769 2603 liliolio

2178 2645 2385 2700 tatem,
2411 2637 2728 2691 ﬁliolitatem
2777 2651 2906 2691 vero
2929 2635 2973 2668 ⁸³
3005 2637 3387 2706 paternitatem
3439 2637 3766 2707 praecedere

2177 2744 2336 2784 nemo
2363 2738 2509 2784 recte
2532 2728 2854 2798 sapientium
2884 2727 3083 2782 dixerit
3111 2725 3177 2782 “.
3223 2726 3358 2780 lliiie
3383 2736 3438 2782 et
3465 2727 3578 2796 ipse
3605 2726 3674 2783 de
3702 2739 3764 2780 se

2177 2823 2295 2893 ipso
2323 2823 2493 2878 Filius
2520 2821 2638 2889 ait:
2672 2819 2837 2876 Pater
2867 2821 3040 2892 major
3082 2838 3162 2876 me
3205 2830 3279 2875 est
3304 2838 3324 2886 ;
3359 2819 3532 2890 major
3562 2819 3766 2890 quippe

2175 2914 2338 2970 Pater
2363 2924 2449 2970 est
2472 2915 2626 2979 Filio,
2654 2929 2757 2969 non
2790 2914 3086 2971 secundum
3132 2924 3403 2975 naturam.
3441 2913 3536 2969 sed
3569 2927 3763 2968 secun-

2176 3008 2302 3062 dum
2333 3023 2574 3063 causam.
2611 3006 2774 3061 Pater
2807 3021 3038 3076 namque
3063 3021 3226 3062 causa
3256 3015 3340 3061 est
3361 3005 3505 3069 Filii,
3537 3019 3642 3059 non
3665 3019 3766 3058 au-

2101 3079 2146 3139 C
2181 3109 2289 3154 tein
2318 3099 2488 3155 Filius
2531 3113 2694 3154 causa
2731 3107 2814 3154 est
2857 3098 3058 3163 Patris,
3088 3112 3262 3169 neque
3306 3098 3396 3154 hic
3425 3098 3764 3168 reciprocam

2176 3193 2451 3246 nominum
2481 3191 2826 3256 relationem,
2874 3190 2958 3244 vel
2990 3191 3034 3222 "
3057 3190 3481 3246 substantiarum
3510 3190 3764 3246 virtutem

2175 3283 2600 3339 consideramus.
2635 3282 2808 3337 Aliter
2829 3281 2974 3337 enini
3011 3282 3337 3352 inspicimus
3357 3281 3410 3336 in
3439 3281 3764 3337 substantiis

2173 3374 2258 3430 vel
2307 3374 2551 3444 personis
2603 3373 2920 3428 relationiiin
2966 3373 3438 3438 “'liabitudineui,
3485 3371 3642 3428 aliter
3690 3386 3764 3428 ex

2173 3467 2417 3538 ingenito
2467 3467 2508 3499 ”
2561 3467 2963 3536 generationem
3021 3465 3106 3520 vel
3159 3465 3592 3536 processionem;
3652 3465 3762 3522 illic

2173 3559 2387 3629 quidem
2417 3559 2686 3628 quomodo
2706 3573 2737 3612 a
2759 3572 2818 3613 se
2863 3557 3088 3612 invicem
3116 3557 3620 3622 denoniinentur“;
3670 3557 3762 3613 hic

2173 3666 2305 3703 vero
2333 3649 2599 3719 quomodo
2629 3651 2771 3704 inter
2820 3665 2879 3704 se
2908 3650 3140 3705 invicem
3184 3649 3439 3706 dill‘erunt
3485 3649 3548 3703 ⁸⁸.
3592 3635 3762 3705 Filius

2175 3742 2357 3811 itaque
2384 3759 2452 3796 ex
2478 3742 2642 3796 Patre
2667 3751 2772 3807 est,
2815 3758 2920 3797 non
2956 3752 3133 3798 autem
3163 3742 3327 3798 Pater
3374 3756 3440 3798 ex
3484 3743 3658 3808 Filio;
3705 3743 3762 3798 in

2174 3832 2286 3888 Deo
2309 3833 2509 3886 etenim
2537 3849 2642 3886 non
2682 3833 3036 3888 humanarum
3072 3835 3476 3902 generationum
3508 3835 3761 3890 conside-

2176 3933 2366 3979 rantur
2415 3923 2740 3987 relationes,
2787 3925 2880 3978 sed
2931 3922 3279 3979 incilabilium
3329 3926 3764 3982 substantiarum

2174 4016 2554 4072 substantiales
2596 4015 2958 4072 habitudines.
3005 4014 3174 4085 Major
3218 4018 3433 4097 quidem
3475 4026 3559 4074 est
3601 4016 3787 4072 Paler-

2174 4108 2312 4164 Filio
2340 4108 2634 4164 secundum
2665 4123 2902 4163 causam.
2934 4107 3092 4164 Prius
3120 4111 3322 4164 etenim
3367 4124 3520 4164 sacra
3552 4109 3760 4164 theolo-

2173 4201 2258 4274 gia
2315 4201 2684 4255 habitudinem
2735 4200 2912 4256 Patris
2963 4202 3028 4255 ad
3075 4200 3268 4256 Filium
3321 4202 3649 4267 considerat,
3696 4216 3764 4259 ac

2173 4293 2366 4346 deinde
2391 4291 2512 4346 Filii
2541 4292 2608 4345 ad
2631 4291 2864 4345 Patrem.
2899 4291 2966 4346 Et
2994 4300 3050 4344 ut
3077 4291 3178 4346 hoc
3202 4292 3403 4346 certius
3424 4301 3481 4345 et
3497 4292 3544 4326 '°
3564 4290 3767 4348 intelli-

2173 4398 2271 4454 gas
2322 4393 2377 4436 et
2419 4380 2633 4445 credas,
2679 4381 2745 4434 ad
2798 4379 3042 4451 Gregorii
3085 4381 3340 4451 Theologi
3381 4383 3760 4439 auctoritatem

489 4469 829 4536 καταξατικιῆν
863 4465 1001 4529 dico,
1049 4481 1310 4521 conamur
1357 4466 1644 4535 inspicere,
1675 4482 1740 4521 eo
1768 4467 1924 4535 duce,
1968 4467 2060 4537 qui
2092 4458 2138 4517 D
2167 4487 2404 4533 recurre,
2432 4472 2522 4541 qui
2551 4472 2604 4525 in
2638 4471 2810 4542 primo
2843 4487 3092 4526 sermone
3115 4473 3182 4528 de
3211 4473 3348 4528 Filio
3377 4483 3564 4530 contra
3600 4475 3760 4531 Aria-

488 4555 786 4623 quaeritiir,
816 4565 870 4610 ct
898 4557 989 4626 qui
1019 4559 1231 4626 quaerit
1257 4572 1316 4612 se
1345 4559 1554 4626 quaeri,
1577 4568 1634 4612 et
1667 4574 1728 4614 se
1751 4558 2065 4630 quaerenti-'-

489 4647 590 4702 bus
613 4649 869 4710 occurrit,
901 4657 955 4702 et
991 4649 1217 4703 inveniri
1253 4649 1560 4716 desiderat;
1603 4661 1658 4705 et
1680 4667 1742 4706 ea
1784 4668 1911 4721 pars
1955 4663 2062 4716 est,

487 4754 627 4808 quae
656 4739 1068 4810 contemplatur,
1095 4742 1223 4811 quid
1247 4744 1313 4797 de
1332 4742 1514 4797 divina
1536 4753 1728 4797 natura
1766 4744 2068 4815 velutipro-

489 4830 604 4899 prie
630 4828 1030 4897 proteri-udum,
1058 4843 1324 4902 cauteque
1357 4841 1413 4885 et
1444 4833 1833 4889 rationabiliter
1867 4833 2070 4890 intelli-

488 4921 740 4989 gendum.
776 4921 916 4975 Disc.
953 4923 1028 4976 De
1066 4915 1219 4991 parte
1247 4925 1489 4995 iiegativa
1541 4925 1592 4978 iii
1622 4927 1894 4996 prioribus
1931 4928 2068 4983 satis

489 5010 622 5066 mihi
649 5019 735 5066 est
756 5027 1009 5078 suasum;
1039 5027 1181 5067 nunc
1213 5029 1340 5068 vero
1369 5019 1432 5068 de
1459 5015 1776 5071 alliriiiativa
1803 5018 1931 5087 quid
1965 5033 2064 5072 ex-

487 5102 674 5174 plices,
704 5105 902 5158 ardens
927 5115 1203 5174 exspecto.
1230 5106 1368 5161 MAG.
1394 5107 1512 5162 iam
1541 5109 1682 5164 inter
1711 5127 1808 5165 nos
1839 5126 1945 5164 non
1989 5120 2068 5166 te-

485 5212 658 5261 mere,
705 5205 762 5250 ut
801 5212 1033 5262 censeo,
1077 5199 1145 5252 ad
1190 5214 1383 5268 purum
1427 5209 1510 5254 est
1549 5201 1859 5266 deductum,
1883 5217 2067 5268 omne,

2170 4578 2271 4618 nos
2308 4562 2609 4632 disputans,
2677 4561 2928 4631 majorem
2972 4578 3081 4616 esse
3136 4560 3350 4616 Putrem
3402 4561 3544 4618 Filio
3599 4561 3762 4634 juxta,

2168 4671 2382 4708 causam
2428 4655 2702 4723 sapienter
2748 4653 2967 4717 edocet,
3005 4653 3201 4722 quippe
3235 4669 3299 4704 ea;
3338 4650 3500 4706 Patre
3538 4653 3761 4708 existere

2186 4744 2411 4810 Filium,
2438 4755 2485 4799 et
2511 4762 2611 4798 non
2641 4761 2705 4798 ea;
2739 4743 2878 4798 Filio
2903 4744 3180 4798 subsistere
3219 4742 3433 4798 Patrem
3472 4744 3756 4800 deﬁniens.

2181 4835 2289 4891 Nec
2319 4844 2495 4891 tamen
2538 4837 2640 4890 hoc
2679 4835 2907 4892 dicimus
2930 4835 3142 4888 illorum
3170 4850 3386 4890 sensum
3420 4846 3756 4906 respuentes,

2173 4927 2265 4996 qui
2299 4927 2584 4982 Dominum
2624 4937 2866 4979 nostrum
2891 4925 2959 4979 de
2983 4925 3160 4994 seipso
3181 4925 3476 4979 secundum
3504 4925 3756 4978 humani—

2175 5029 2338 5074 tatem
2367 5019 2566 5073 dixisse
2589 5028 2873 5072 asserunt:
2905 5014 3067 5070 Pater
3095 5013 3265 5086 major
3294 5032 3374 5069 me
3398 5028 3492 5070 est.
3525 5015 3763 5086 Uterque

2175 5107 2441 5177 siquidem
2484 5105 2784 5162 intellectus
2831 5119 2962 5159 sana
2987 5106 3088 5160 lide
3119 5106 3460 5175 recipiendus
3480 5115 3581 5159 est.
3614 5105 3769 5159 Disc.

2177 5199 2387 5263 Etiam;
2417 5199 2666 5269 quamvis
2695 5199 2838 5253 enini
2883 5213 2988 5254 non
3031 5198 3272 5267 cjusdetn
3303 5199 3410 5253 sint
3451 5198 3761 5253 subtilitatis

1769 5355 2018 5412 νΑιιιΑΕ
2056 5355 2454 5414 LECTIONES.

557 5471 572 5500 ¹
604 5469 667 5523 Α.
695 5468 1003 5540 credendum
1034 5469 1617 5533 estetiiilclliqeiuluiii.
1694 5471 1715 5501 ’
1763 5473 1804 5526 (Σ
1849 5473 2166 5540 praedicere.
2242 5472 2263 5502 ³
2287 5471 2332 5524 Α
2355 5471 2459 5522 hic.

1801 5543 1844 5573 ‘°
1871 5544 2037 5625 ipsum
2064 5557 2171 5597 om.
2201 5544 2265 5598 Δ.

1801 5631 1812 5667 i
1839 5615 1994 5667 dm‘il.
2099 5613 2142 5643 ”
2171 5612 2215 5668 Α
2243 5611 2332 5666 sed

2243 5628 2347 5666 sea.

489 5541 654 5610 Igitur
677 5550 772 5594 est.
847 5539 869 5568 ⁸
904 5542 946 5592 Α
975 5542 1284 5610 appellatur.
1377 5541 1399 5571 ’
1423 5542 1478 5594 in
1503 5559 1610 5596 oui.
1636 5543 1701 5598 Λ.

483 5607 528 5680 ’θ
567 5610 608 5680 tl
642 5610 910 5678 praecedit
934 5607 1218 5678 meum...
1241 5610 1432 5680 ﬁlictas
1455 5628 1600 5667 vero.

484 5678 529 5716 ⁸⁸
578 5679 670 5737 Sic
693 5684 798 5738 AG.
878 5681 1031 5737 "Sic
1057 5682 1135 5747 (ἒς
1181 5678 1554 5739 A‘subsislum.

1708 5615 1748 5646 ⁸⁵
1774 5615 1812 5669 Α
1839 5615 1994 5667 dixit.

1630 5687 1674 5718 ε’
1696 5697 1743 5742 ει
1771 5701 1880 5742 οιιι.
1909 5684 1974 5738 Α.

2535 5470 2618 5521 ‘A
2659 5478 2705 5520 et
2756 5475 2828 5518 ut.
2909 5466 2928 5496 ‘
2955 5467 2995 5519 Δ
3038 5476 3150 5520 aut.
3230 5467 3251 5497 ⁶
3276 5476 3350 5519 es!
3387 5483 3493 5522 om.
3519 5468 3582 5522 A.
3659 5470 3679 5498 "
3717 5470 3759 5524 Α

2370 5541 2410 5570 “
2439 5541 2480 5592 Α
2504 5538 2791 5607 praecedet.
2834 5564 2840 5568 -
2882 5537 2925 5565 ’³
2948 5535 3037 5589 Sic
3076 5537 3149 5596 (ἔς
3182 5540 3222 5592 Α
3262 5537 3564 5592 i’aleruitas
3601 5542 3762 5597 enim.

2453 5612 2493 5641 ”
2520 5610 2824 5663 relatiouiiiii
2862 5623 2970 5662 om.
2996 5609 3059 5660 Λ.
3138 5611 3178 5640 ίτ
3204 5626 3265 5663 ex
3301 5609 3523 5678 ingenito
3558 5625 3663 5662 otii.
3691 5611 3756 5663 Δ.
