4230 6068
439 263 537 324 60!

1269 263 1361 339 DE
1393 263 1738 322 DIVISIONE
1773 262 2126 321 NATURAE.
2165 294 2234 304 ——
2266 259 2469 320 LIBER
2508 252 2893 328 SECUNDUS.

3606 256 3713 316 602

436 387 601 450 atque
631 380 954 448 altitudinis,
984 379 1180 438 neuter
1213 388 1396 437 tamen
1433 395 1467 436 a
1511 380 1780 436 catholica
1821 374 2029 451 proles-
2058 392 2102 446 Λ
2132 392 2529 448 expavescere;
2559 391 2665 430 non
2692 375 2836 430 enim
2868 372 2978 439 ille,
3000 373 3093 456 qui
3121 371 3424 445 quaeritur,
3451 386 3725 443 quaeren-

430 477 589 533 εἰοηο
630 471 852 531 recedit.
887 472 1028 530 llic.
1074 470 1193 527 Non
1229 469 1286 526 id
1336 474 1512 542 ipsum
1544 471 1712 541 igitur
1731 469 1878 524 Patri
1907 468 2030 524 est'

433 567 755 622 naturaliter
785 567 1103 628 subsistere,
1135 575 1187 621 et
1210 563 1331 620 Filii
1370 565 1452 620 sui
1481 580 1701 621 causam
1735 579 1876 619 esse.
1915 561 2031 617 Non

431 667 579 716 eulm
615 665 811 713 natura
846 654 1026 712 Patris
1073 672 1238 713 causa
1267 665 1354 712 est
1399 654 1555 722 Filii;
1603 661 1709 710 una
1763 652 2030 724 siquidem

431 750 733 820 eademque
757 757 844 804 est
870 747 1049 804 Patris
1093 759 1150 804 et
1198 747 1318 806 Filii
1365 750 1584 813 natura,
1625 747 1754 818 quia
1791 755 1897 802 una
1933 747 2028 802 eae

431 840 664 912 demque
691 840 714 872 ³
755 849 839 896 est
885 841 1166 896 amborum
1210 839 1471 897 essentia.
1528 838 1610 895 Ac
1651 852 1767 908 per
1826 836 1930 892 hoc
1976 837 2029 892 id

431 933 607 1005 ipsum
632 940 724 988 est
759 931 909 987 Patri
943 931 1161 989 Patrem
1205 945 1328 986 esse
1364 937 1421 986 et
1464 945 1685 987 causam
1714 927 1872 993 Filii;
1904 944 2028 983 nam

429 1006 728 1080 secundum
772 1033 1051 1085 naturam.
1093 1037 1232 1095 quae
1271 1037 1378 1078 una
1425 1034 1592 1094 atque
1631 1021 1822 1098 eadem
1849 1032 1934 1078 est
1973 1021 2027 1076 in

428 1112 595 1172 Patre
620 1123 677 1170 et
702 1113 859 1171 Filia.
890 1113 1008 1170 Non
1033 1116 1180 1171 enim
1209 1113 1367 1184 juxta
1395 1124 1650 1170 naturam
1681 1113 1820 1181 haec
1843 1113 2028 1171 omnia

429 1207 497 1263 de
562 1205 727 1263 Patre
787 1207 1172 1280 praedicantur
1240 1216 1301 1263 et
1368 1205 1504 1264 Filio
1544 1206 1601 1274 ³,
1667 1206 1761 1264 sed
1829 1222 2028 1262 secun-

349 1311 360 1321 ‘
430 1300 556 1356 dum
588 1300 832 1356 habitum
852 1300 1125 1371 gignentia
1143 1301 1210 1355 ad
1235 1301 1494 1370 genitum,
1518 1310 1786 1358 etcausae
1805 1315 2033 1374 praece-

430 1389 611 1447 dentis
662 1391 732 1446 ad
790 1405 1014 1447 causam
1054 1399 1517 1462 eonsequentem:
1571 1391 2028 1462 quemadmodum

426 1496 535 1538 non
589 1483 888 1539 sectiiidmn
952 1492 1200 1539 naturam
1243 1482 1311 1539 de
1376 1482 1515 1539 Filio
1583 1483 1782 1540 dicitur
1822 1483 2022 1563 Filius,

428 1577 522 1628 aut
577 1589 744 1628 causa
788 1570 1033 1644 genita,
1095 1575 1192 1630 sed
1255 1574 1556 1632 secundum
1605 1575 1851 1632 habitum
1902 1575 2026 1632 Filii

2135 479 2216 525 tes
2243 482 2304 524 se
2345 467 2570 530 deserit,
2611 480 2713 521 nec
2753 464 3060 520 inveniendi
3104 478 3163 520 se
3201 465 3611 534 possibilitatem
3641 464 3729 532 pie

2129 569 2196 614 ac
2224 558 2502 614 humiliter
2529 557 2977 628 investigantibus
3002 555 3252 626 denegat.
3297 554 3415 623 ipse
3457 554 3725 624 siquidem

2131 651 2210 730 ait
2234 669 2248 702 :
2277 648 2465 714 Petite,
2511 659 2560 703 et
2604 650 2870 719 accipietis
2909 648 2988 714 “;
3024 649 3282 719 quaerite,
3328 656 3376 702 et
3421 645 3727 707 invenietis;

2128 740 2356 815 pulsate,
2388 752 2433 796 et
2463 742 2725 812 opericiur
2749 742 2918 798 vobis.
2946 739 3130 796 Omnis
3153 740 3312 803 enim,
3342 740 3431 810 qui
3455 740 3602 808 petit,
3632 753 3726 792 ac-

2129 835 2287 906 cipit,
2323 843 2371 888 et
2406 834 2496 905 qui
2545 837 2767 905 quaerit,
2800 835 3026 896 inuenit,
3070 841 3121 887 et
3160 831 3392 902 pulsanti
3438 832 3723 902 aperietur.

2129 924 2273 980 MAG.
2304 919 2490 979 Primo
2539 925 2700 995 igitur
2727 924 2793 979 de
2831 922 2937 988 his,
2971 934 3111 991 quae
3155 921 3207 974 in
3259 922 3362 976 liae
3405 920 3728 992 quaestione
3774 925 3775 928 “
3822 972 3829 979 .

2135 1017 2373 1073 sibimet
2407 1017 2658 1080 videntur
2698 1016 3092 1080 contradicere,
3116 1014 3402 1069 dicendum
3469 1012 3724 1068 arbitror.

2129 1105 2276 1162 Disc.
2302 1106 2413 1161 Nec
2433 1106 2539 1162 alia
2572 1107 2658 1161 via
2684 1107 2978 1176 quaerendi
3002 1113 3122 1170 est;
3148 1121 3307 1161 nemo
3327 1106 3471 1160 enim
3500 1119 3730 1160 concor-

2128 1199 2316 1254 dantia
2354 1200 2648 1270 eopulabit,
2686 1199 2789 1269 nisi
2842 1200 2991 1270 prius
3035 1198 3399 1254 discordantia
3439 1197 3601 1252 dividi
3633 1213 3726 1253 ca-

2129 1289 2271 1346 verit
2303 1290 2365 1344 “.
2399 1290 2538 1346 MAG.
2582 1289 2698 1345 Non
2735 1291 2777 1322 “
2808 1291 2902 1344 tibi
2937 1291 3148 1345 videtur
3176 1299 3357 1345 rectae
3383 1287 3504 1344 lidei
3533 1301 3732 1346 conve-

2128 1381 2286 1447 nire,
2335 1390 2397 1436 ut
2441 1383 2764 1447 credamus,
2807 1382 3004 1436 Filium
3054 1399 3123 1437 ex
3169 1398 3275 1436 una
3327 1385 3519 1441 causa.
3563 1381 3730 1438 Patre

2128 1476 2401 1538 videlicet,
2429 1476 2602 1541 nasci,
2643 1485 2892 1530 sanctum
2931 1491 3061 1531 vero
3106 1473 3368 1544 Spiritum
3399 1488 3467 1528 ex
3495 1475 3726 1541 duabus,

2128 1568 2290 1624 Patre
2312 1569 2520 1624 scilicet
2546 1585 2609 1624 ac
2638 1567 2779 1623 Filio
2800 1569 3094 1639 procedere
3111 1569 3137 1621 ἲ
3159 1568 3236 1622 Ex
3266 1569 3472 1624 duabus
3494 1583 3731 1638 namque

428 1661 498 1719 ad
550 1663 806 1730 Patrem,
852 1674 910 1721 et
977 1680 1177 1722 causae
1231 1666 1450 1739 genitae
1510 1668 1580 1724 ad
1651 1684 1875 1724 causam
1941 1671 2027 1742 gi-
2068 1730 2072 1734 ε
2130 1663 2309 1718 eausis
2356 1678 2519 1719 unam
2557 1678 2778 1718 causam
2823 1662 3117 1728 conﬂuere,
3171 1664 3368 1719 rationi
3412 1679 3519 1718 non
3568 1663 3730 1719 facile

427 1767 700 1828 gueutem.
756 1757 904 1814 nise.
955 1758 1104 1816 Haec
1147 1758 1263 1829 jam
1317 1761 1482 1816 etiam
1535 1761 1589 1817 in
1649 1762 1818 1833 priori
1888 1763 2027 1820 libro
2058 1745 2394 1820 Boccurrit,
2418 1755 2741 1825 praesertim
2785 1755 2838 1809 in
2862 1755 3092 1839 simplici
3121 1767 3334 1817 natura.
3363 1767 3418 1811 et
3444 1756 3727 1828 plusquam

425 1863 588 1904 suasa
642 1858 788 1914 sunt,
856 1858 913 1905 et
973 1867 1118 1907 nunc
1173 1852 1370 1908 iterum
1425 1869 1534 1910 non
1581 1854 2030 1922 irrationabiliter

2130 1845 2378 1917 simplici,
2421 1853 2479 1902 et
2521 1855 2581 1900 ut
2622 1846 2804 1901 verius
2842 1847 3084 1913 dicatur,
3130 1847 3183 1901 in
3223 1848 3338 1918 ipsa
3382 1848 3730 1919 simplicitate

427 1938 678 2006 repetita.
709 1938 848 1996 MAG.
880 1939 1055 1996 Causa
1083 1942 1268 2011 itaque
1297 1942 1419 1998 Filii
1466 1941 1632 2000 Pater
1665 1955 1768 2012 est,
1799 1956 1856 2004 et
1904 1938 2029 2018 Spi-

367 2025 378 2042 ·’
427 2028 566 2084 ritus
601 2031 810 2097 sancti;
848 2031 1021 2087 Filius
1056 2049 1186 2089 vero
1215 2049 1379 2090 causa
1407 2044 1492 2091 est
1523 2037 1850 2092 conditionis
1877 2025 2026 2109 prin-

423 2118 671 2194 cipaliter
725 2138 1057 2191 causarum;
1138 2128 1436 2183 earundem
1500 2138 1683 2184 autem
1733 2145 2022 2186 causarum

424 2210 826 2268 distributionis
857 2213 1092 2285 Spiritus
1120 2226 1343 2272 sanctus
1370 2232 1530 2274 causa
1559 2227 1660 2274 est.
1692 2208 1840 2276 Dtsc.
1889 2219 2025 2276 lllud

425 2303 590 2360 etiam
623 2304 804 2372 fateri,
831 2322 861 2360 a
894 2308 1121 2364 veritate
1147 2323 1254 2363 non
1284 2308 1584 2366 abhorrere
1605 2313 1892 2384 perspicio.

495 2393 587 2450 5i.
643 2394 749 2451 Sed
785 2396 918 2452 mihi
973 2397 1100 2453 talia
1148 2399 1404 2472 cogitanti
1451 2410 1614 2472 atque
1661 2403 1923 2458 credenti
1955 2403 2025 2460 de

424 2484 568 2542 trina
591 2487 835 2544 omnium
878 2505 1041 2545 causa
1079 2491 1186 2545 alia
1229 2492 1405 2564 caligo
1429 2494 1687 2549 occurrit.
1731 2492 1848 2551 Non
1876 2497 2022 2552 enim

424 2576 574 2636 clare
601 2581 908 2645 considero,
945 2593 1126 2639 utrum
1155 2583 1303 2639 solus
1324 2584 1489 2641 Pater
1510 2601 1672 2642 causa
1716 2599 1804 2642 est
1845 2587 2020 2659 Spiri-

427 2674 723 2739 tussancti,
741 2690 808 2728 an
823 2675 894 2730 Pa
905 2689 984 2732 ter
995 2686 1050 2732 et
1070 2675 1262 2743 Filius,
1280 2688 1338 2733 ut
1350 2679 1394 2744 ⁵,
1418 2680 1871 2749 quemadmodum
1887 2683 2024 2740 lides

423 2764 626 2822 fatetur
670 2766 958 2831 catholica,
1007 2786 1035 2822 u
1067 2769 1230 2826 Patre
1274 2783 1329 2826 et
1359 2771 1496 2828 Filio
1537 2789 1663 2829 eum
1701 2777 2021 2854 procedere,

425 2854 500 2911 ita
523 2857 690 2912 etiam
721 2863 1030 2924 credamus,
1059 2861 1194 2915 duas
1242 2878 1372 2918 suae
1397 2865 1802 2934 processionis‘
1827 2884 2022 2923 causas

425 2947 724 3018 possidere.
747 2948 804 3004 Si
822 2951 968 3004 enim
995 2965 1062 3004 ex
1087 2953 1294 3008 duabus
1322 2957 1593 3024 personis,
1610 2973 1727 3024 seu,
1747 2967 1804 3013 nt
1825 2958 2019 3016 Graeci

423 3037 630 3104 dicunt,
664 3056 730 3095 ex
760 3041 970 3097 duabus
1011 3045 1338 3101 substantiis.
1365 3047 1599 3119 Spiritus
1641 3040 1863 3107 sanctus
1888 3068 2016 3126 pro-

2127 1937 2274 1992 omni
2304 1936 2569 1992 divisione
2588 1946 2642 1991 et
2674 1936 3065 1991 numerositate
3093 1948 3348 2002 carente;
3378 1937 3446 1991 ab
3490 1953 3593 1992 una
3632 1953 3730 1992 auo

2128 2037 2236 2082 tem
2262 2042 2427 2083 causa
2451 2027 2651 2083 multas
2690 2042 2884 2083 causas
2906 2043 3210 2099 erumpere,
3245 2029 3426 2086 multis
3466 2032 3731 2100 exemplis

2115 2127 2304 2189 potest
2340 2119 2652 2190 approbari.
2699 2119 2965 2176 Omnibus
3009 2135 3241 2190 namque
3293 2132 3439 2177 recte
3489 2122 3729 2191 philoso-

2126 2203 2422 2282 pliantibus
2469 2213 2754 2282 perspicue
2798 2221 2984 2283 patet,
3038 2228 3106 2266 ex
3158 2229 3264 2266 uno
3293 2228 3490 2282 genere
3529 2216 3727 2271 multas

2127 2305 2329 2360 l’ormas
2357 2303 2542 2371 nasci;
2581 2321 2649 2361 ex
2698 2305 2928 2360 mouade
2962 2306 3159 2365 multos
3181 2319 3468 2374 numeros;
3497 2322 3560 2362 ex
3590 2323 3730 2377 pnu-

2124 2405 2214 2451 cto
2271 2388 2312 2428 “
2353 2400 2552 2451 multas
2596 2396 2788 2453 lineas.
2849 2395 3082 2452 Formae
3117 2397 3312 2452 iterum
3363 2397 3409 2428 “'
3458 2397 3725 2463 diversae.

2125 2502 2266 2559 quae
2299 2503 2368 2542 ex
2417 2503 2527 2543 uno
2551 2502 2751 2560 genere
2780 2499 3096 2554 nascuntur,
3139 2504 3338 2544 causae
3360 2489 3405 2521 "
3436 2488 3571 2544 liunt
3599 2506 3726 2561 spe-
3754 2544 3758 2548 .

2124 2581 2332 2638 cierum
2359 2580 2781 2646 individuarum,
2811 2596 2880 2638 ex
2907 2583 3106 2652 quibus
3142 2591 3196 2636 et
3220 2582 3271 2636 in
3305 2583 3502 2651 quibus
3537 2583 3727 2638 multi-

2125 2672 2362 2740 tudines,
2393 2671 2857 2743 quantitatesque,
2875 2672 3162 2742 qualitates
3189 2669 3256 2736 ⁸⁸.
3285 2671 3730 2747 differentiaeque

2123 2775 2450 2822 nascuntur.
2492 2763 2715 2822 Numeri
2754 2781 2820 2821 ex
2854 2766 3082 2821 monade
3109 2765 3462 2837 procedentes
3487 2767 3728 2822 diversa~

2123 2856 2244 2912 rum
2270 2844 2683 2930 proportionum
2712 2859 2752 2891 "
2781 2873 2978 2914 causae
3006 2868 3162 2924 sunt;
3193 2861 3571 2930 proportiones
3601 2874 3729 2918 vero

2122 2951 2697 3023 proportionalitatum
2726 2991 2743 3015 ,
2817 2952 3351 3023 proportionalitates
3419 2953 3729 3010 harmonia-

2123 3050 2242 3099 rnm
2262 3044 2546 3101 ".Lineae
2569 3060 2636 3112 ex
2660 3053 2850 3100 centro
2880 3045 2922 3077 "
2952 3049 3308 3117 procedentes
3333 3047 3652 3120 angulorum
3673 3059 3732 3107 et

425 3130 592 3195 cedit,
621 3133 749 3202 quid
790 3134 1011 3201 mirum,
1047 3145 1140 3190 aut
1178 3153 1335 3194 reme
1363 3103 1608 3214 γέιίαξοιιῑ
1650 3103 2007 3212 mammam,
2043 3103 2088 3167 C
2119 3133 2689 3200 latemm,latitudinis
2712 3146 2766 3189 et
2787 3135 3086 3192 altitudinis
3101 3103 3725 3217 eausaedigiioscuntur,

425 3223 730 3308 ex\duabus
776 3226 956 3281 causis
995 3227 1169 3299 ipsum
1212 3232 1507 3302 procedere
1537 3233 1733 3293 [ηερε-ῖς
1754 3238 1826 3294 Ει
1870 3239 2011 3297 hanc
2045 3295 2047 3298 η
2113 3227 3727 3299 quaeiterumgeometricorumcorpornmoccasiouesliunt-

425 3311 714 3386 caliginem
757 3317 886 3372 mibi
935 3335 1170 3386 reseras,
1211 3322 1416 3394 ﬂagito.
1454 3324 1597 3382 hinc.
1637 3327 1779 3384 Vere
1811 3345 1939 3386 vere
1967 3330 2011 3388 ⁸.

2117 3318 2256 3389 Quid
2285 3318 2461 3374 dicam
2488 3319 2556 3374 de
2584 3319 2746 3391 igneo
2785 3319 3090 3376 elemento?
3107 3321 3268 3388 Quod
3297 3337 3420 3378 cum
3457 3322 3528 3378 sit
3562 3340 3728 3379 unum

425 3401 758 3461 Densissima
789 3409 967 3481 caligo
993 3420 1096 3477 est,
1126 3426 1182 3468 et
1207 3430 1316 3470 non
1352 3417 1529 3474 solum
1560 3427 1633 3484 te,
1663 3419 1758 3474 sed
1805 3431 1860 3477 et
1881 3421 1900 3453 ⁷
1929 3439 2016 3480 me

2127 3415 2284 3478 atque
2322 3407 2574 3480 simplex,
2631 3410 2684 3464 in
2731 3410 2911 3480 seipso
2933 3420 2990 3465 et
3033 3426 3130 3482 per
3162 3413 3402 3483 seipsum
3423 3414 3729 3473 considera-

426 3493 605 3565 ipsum
631 3497 872 3555 involvit.
901 3501 969 3557 Et
989 3504 1091 3559 nisi
1121 3506 1234 3576 ipsa
1260 3507 1348 3562 lux
1376 3509 1641 3566 mentium
1670 3514 1829 3569 nobis
1857 3531 2015 3572 reve-

424 3584 642 3652 laverit,
685 3602 905 3648 nostrae
943 3596 1374 3657 ratiocinationis
1411 3602 1650 3658 studium
1677 3605 1746 3660 ad
1770 3611 1892 3662 eam
1927 3624 2016 3664 re-

423 3679 711 3738 velandam
742 3684 817 3740 nil
852 3686 1118 3756 proficiet.
1159 3690 1241 3745 Ad
1278 3691 1552 3750 cumulum
1581 3712 1799 3768 quoque
1825 3701 2021 3756 obscu-

423 3770 606 3836 rituti‘s
639 3786 888 3848 augetur,
915 3779 1059 3849 quod
1095 3784 1397 3852 symbolum
1429 3787 1729 3846 catholicae
1747 3790 1916 3847 '-lidei
1937 3808 2024 3848 se-

425 3867 665 3923 cundum
691 3866 954 3937 Graecos,
969 3887 1002 3928 a
1023 3872 1258 3930 Nicaena
1280 3878 1487 3947 synodo
1502 3881 1779 3947 traditum,
1803 3901 1836 3938 ο
1858 3881 2024 3941 Patre

421 3957 768 4047 solummodo
807 3961 1066 4040 Spiritum
1093 3978 1334 4023 sanctum
1370 3972 1650 4041 procedere
1679 3975 2023 4047 proﬁteatur,

426 4045 569 4108 teste
594 4051 896 4126 Epiphanio
918 4055 1082 4129 Cypri
1101 4058 1361 4132 episcopo
1387 4061 1442 4117 in
1477 4061 1618 4120 libro
1647 4045 1746 4122 suo
1765 4067 1832 4122 de
1868 4065 2024 4139 Fide,

431 4141 580 4198 iuxta
622 4148 752 4199 iero
788 4143 1048 4213 Latinos,
1085 4150 1119 4202 ti
1157 4147 1321 4204 Patre
1357 4162 1406 4206 et
1442 4142 1625 4220 Filio;
1672 4158 1924 4227 quamvis
1969 4158 2027 4214 in

425 4235 756 4319 quibusdam
783 4238 1116 4295 Graecorum
1144 4244 1577 4312 expositionibus
1601 4247 1830 4304 eundem
1856 4248 2029 4323 Spiri-

429 4329 546 4383 tum
577 4341 607 4380 a
638 4323 796 4388 Patre
820 4343 916 4399 per
946 4327 1140 4384 Filium
1169 4333 1464 4402 procedere
1495 4337 1857 4406 reperiamus.
1877 4326 2030 4396 ideo-

2121 3507 2256 3564 tum,
2287 3498 2485 3556 caloris
2507 3501 2667 3556 simul
2696 3511 2752 3557 et
2769 3501 2906 3557 lucis
2931 3516 3094 3557 causa
3119 3511 3235 3569 est;
3262 3504 3409 3560 calor
3434 3513 3618 3564 autem
3641 3521 3730 3561 ar-

2120 3591 2374 3648 dentibus
2394 3593 2615 3649 ardendi
2637 3607 2800 3648 eausa
2829 3593 3008 3661 est“;
3037 3593 3128 3648 lux
3144 3593 3393 3650 similiter
3406 3595 3739 3667 splendenti-

2119 3684 2226 3741 bus
2237 3700 2402 3740 causa
2417 3685 2734 3756 splendendi
2746 3689 2791 3719 "
2808 3687 3188 3754 constituitur;
3206 3675 3460 3758 splendor
3485 3689 3732 3746 diversos

2120 3779 2298 3853 gignit
2336 3779 2564 3837 colores.
2602 3779 2761 3836 Aeris
2804 3781 3129 3836 elementum
3165 3781 3503 3838 diversarum
3534 3790 3730 3839 vocum

2129 3871 2380 3937 occasio;
2415 3871 2662 3928 diversae
2692 3887 2854 3928 voces
2890 3872 3230 3928 diversorum
3276 3883 3529 3929 tonorum
3557 3875 3729 3945 origi-
3806 3911 3808 3914 μ

2127 3971 2227 4019 nes
2255 3962 2410 4019 ﬁunt.
2440 3962 2628 4034 Aquae
2653 3963 2986 4020 elementum
3007 4004 3022 4029 ,
3055 3979 3179 4020 cum
3205 3965 3280 4020 sit
3313 3965 3367 4021 in
3411 3980 3470 4022 se
3497 3965 3730 4040 simplex

2128 4066 2184 4110 et
2207 4062 2400 4120 unum,
2422 4055 2711 4110 linmorum
2734 4054 3075 4112 diversorum
3095 4070 3259 4112 causa
3280 4069 3385 4122 est,
3409 4058 3502 4128 qui
3529 4057 3732 4122 iterum

2127 4161 2194 4203 ex
2216 4162 2277 4202 se
2295 4147 2538 4204 diversas
2555 4147 2846 4218 qualitates
2867 4147 3119 4214 odorum,
3147 4162 3402 4218 saporum
3420 4190 3436 4216 ,
3482 4149 3733 4212 viridita-

2133 4250 2245 4296 tnm
2265 4240 2540 4296 emittunt.
2562 4239 2639 4295 Ex
2659 4256 2761 4295 una
2780 4242 3007 4296 materia
3023 4243 3070 4274 ”
3088 4242 3421 4298 diversorum
3443 4232 3727 4315 corporum

2133 4333 2377 4388 diversae
2423 4333 2756 4404 quantitates
2786 4343 3088 4391 nascuntur
3129 4337 3540 4410 :quantitatem
3589 4353 3731 4396 nunc

431 4433 536 4489 que
577 4420 882 4489 praesentis
927 4424 1263 4491 quaestionis
1315 4415 1632 4485 dillicultate
1681 4433 2024 4502 reperculsus
2055 4470 2105 4529 Β
2134 4426 2254 4482 dico
2309 4441 2416 4481 non
2464 4427 2635 4497 ipsam
2693 4427 3103 4498 incorpurcam.
3145 4431 3240 4486 sed
3293 4431 3466 4500 ipsam
3509 4426 3724 4495 molem.

431 4514 724 4570 contrariis
773 4517 1160 4586 cogitationum
1209 4519 1460 4577 ﬂuetibus
1501 4525 1742 4578 allidor.“
1773 4525 2024 4583 Delibero

430 4603 598 4668 enim,
632 4604 762 4674 quid
788 4605 918 4660 mihi
943 4609 1008 4660 de
1038 4607 1140 4664 hac
1169 4609 1240 4664 sit
1266 4613 1536 4680 agendum
1557 4653 1572 4676 ,
1607 4613 1788 4667 utrum
1811 4617 2049 4708 silentio‘

431 4707 552 4750 eam
601 4695 1056 4762 bonorilicemus,
1101 4698 1232 4754 dum
1261 4701 1404 4756 vires
1453 4703 1768 4759 intentionis
1813 4695 2032 4762 nostrae

431 4783 672 4857 superat,
700 4789 769 4841 ari
829 4789 1248 4857 quodammodo.
1276 4802 1436 4862 prout
1483 4794 1701 4849 divinus
1754 4795 2032 4851 iadius'in

431 4882 618 4932 animo
647 4879 940 4945 remiserit,
981 4884 1300 4938 conabimur
1323 4884 1598 4954 quippiam
1645 4884 1788 4941 inter
1827 4903 1929 4941 nos
1966 4890 2033 4942 de

431 4965 554 5042 ipsa
590 4971 612 5002 ’
663 4970 775 5026 non
827 4977 1035 5028 temere
1078 4969 1360 5030 deﬁnitum
1417 4974 1659 5032 intueri?
1706 4982 1856 5033 Disc.
1912 4973 2032 5032 Noli

2134 4533 2297 4588 quam
2322 4518 2658 4574 diversarum
2691 4519 2924 4588 partium
2948 4521 3396 4590 compositionem
3421 4538 3727 4578 esse‘nemo

2135 4610 2382 4680 anibigit,
2405 4613 2460 4663 et
2487 4619 2670 4665 cetera
2697 4611 2748 4665 id
2774 4627 2964 4683 genus.
2992 4613 3192 4668 Eadem
3221 4615 3432 4670 ratione
3462 4615 3514 4669 in
3539 4624 3733 4672 natura

2137 4717 2318 4756 rerum
2347 4702 2462 4756 sive
2498 4702 2790 4757 visibilium
2825 4690 2938 4758 sive
2979 4704 3329 4761 invisibilium
3367 4707 3613 4777 exempla
3649 4718 3737 4763 r‘e-

2135 4793 2302 4866 periri
2333 4803 2416 4849 est
2455 4791 2792 4849 facillimum.
2826 4796 2970 4851 Dtsc.
3001 4795 3194 4850 Filium
3223 4813 3290 4851 cx
3322 4815 3426 4852 una
3458 4815 3640 4862 causa,
3677 4799 3736 4855 id

2135 4890 2224 4936 est
2249 4890 2318 4937 ex
2351 4881 2514 4938 Patre
2549 4898 2648 4939 suo
2675 4883 2741 4947 ",
2787 4886 2935 4940 nasci
2983 4887 3163 4942 nullus
3206 4889 3443 4942 ﬁdelium
3485 4879 3728 4956 dubitat;

2139 4972 2405 5046 Spiritum
2433 4990 2566 5032 vero
2604 4987 2856 5032 sanctum
2884 4989 3065 5034 utrum
3090 4995 3156 5034 ex
3206 4997 3311 5035 una
3343 4997 3528 5048 causa,
3575 4982 3736 5039 Patro

1736 5155 1994 5211 VARIAE
2029 5151 2432 5212 LECTIONES.

511 5314 528 5346 ‘
551 5322 625 5368 est
660 5327 770 5368 om.
800 5313 862 5369 C.
939 5314 960 5344 ’
987 5323 1063 5368 est
1081 5316 1318 5387 puniret
1348 5315 1449 5385 filii
1470 5316 1846 5387 -—eadentque
1878 5329 1990 5372 om.
2019 5315 2082 5371 (ἶ.

439 5400 574 5448 ram,
627 5400 763 5459 quae
806 5401 914 5440 una
962 5395 1119 5456 atque
1163 5385 1345 5459 eadem
1384 5397 1459 5442 est
1511 5387 1566 5442 in
1621 5385 1772 5458 patre
1825 5396 1874 5440 et
1907 5387 2022 5456 [ilio
2076 5389 2204 5459 haec
2270 5390 2480 5444 nomine
2533 5393 2927 5459 praedicantur.

438 5469 560 5526 eam
599 5457 736 5526 cluas
783 5472 912 5510 suae
953 5457 1299 5526 processionis
1346 5457 1629 5512 .redmnua
1667 5472 1860 5512 causas
1914 5468 2020 5513 eet.

439 5523 554 5596 {de
602 5525 717 5596 ipsa
757 5540 868 5580 om.
922 5523 989 5580 Ᾱ.
1095 5526 1138 5558 "
1162 5526 1334 5580 Petite
1394 5538 1443 5582 et
1507 5529 1726 5585 dubitur
1779 5528 1942 5583 vobis”.

441 5591 488 5650 ει
509 5591 561 5651 C
580 5591 646 5651 ei:
670 5607 866 5652 centro.
980 5596 1024 5627 "
1056 5597 1147 5651 Sic
1175 5597 1216 5652 C
1241 5614 1255 5661 ;
1285 5597 1331 5653 Α
1361 5615 1555 5656 rerum.
1671 5599 1716 5630 "
1753 5599 1791 5653 Α
1819 5615 2000 5653 causa.

440 5665 591 5721 lium.
671 5665 713 5697 "
741 5667 1139 5737 proportionalit
1183 5680 1229 5722 te
1263 5670 1660 5724 hurmoninrnm
1682 5685 1794 5725 om.
1826 5670 1887 5726 Ο.

444 5752 626 5792 causa.
685 5737 743 5811 _"
771 5739 818 5792 Λ
844 5737 1151 5809 splendendi
1175 5755 1358 5794 causa.
1435 5741 1480 5772 ⁸³
1515 5743 1562 5795 Α
1596 5752 1759 5796 terra.

2054 5528 2096 5559 “
2129 5546 2280 5584 nemo
2304 5533 2442 5584 enim
2466 5561 2535 5570 --
2559 5535 2751 5588 caverit
2784 5551 2896 5587 om.
2952 5530 3056 5590 BC.

1994 5671 2036 5701 "
2071 5668 2162 5725 Sic
2189 5670 2270 5748 CA;
2290 5668 2339 5728 λ
2373 5668 2582 5730 Lineae
2598 5691 2664 5731 ea:
2683 5692 2789 5730 uno
2809 5687 3002 5747 puncto
3032 5668 3408 5748 procedentes.

1861 5739 1908 5774 "
1943 5757 2040 5798 suo
2077 5757 2190 5798 om.
2223 5744 2292 5798 Α.
2809 5739 2820 5747 ’
3032 5739 3051 5748 ’
3419 5751 3424 5754 ’

2162 5317 2184 5348 ³
2217 5316 2309 5374 Sic
2330 5317 2406 5384 C;
2437 5319 2480 5373 Α
2518 5309 2734 5375 causam
2759 5318 2908 5374 Filii.
2940 5320 3063 5377 Non
3090 5322 3226 5377 enim
3249 5322 3533 5376 secundum
3572 5334 3732 5378 natu-

2162 5404 2204 5425 u-
2270 5390 2480 5425 nan...”-
2535 5393 2910 5425 σηυιιλὸρηηιοηο
3018 5393 3039 5423 δ
3087 5393 3115 5425 Δ
3146 5393 3218 5425 δη.
3251 5403 3304 5425 ne
3432 5394 3453 5425 Ι
3489 5395 3515 5425 Δ
3579 5395 3646 5425 ἒια
3679 5406 3729 5425 ιιι

2705 5393 2927 5447 icantttr.
3018 5393 3039 5423 ⁸
3075 5393 3121 5447 Α
3146 5393 3219 5447 ita
3251 5403 3329 5449 ut.
3432 5394 3453 5425 '
3479 5395 3525 5447 Α
3579 5395 3648 5448 ita
3678 5406 3734 5450 et

2705 5463 2724 5494 "'
2757 5474 2806 5517 et
2849 5480 2958 5517 om.
2988 5463 3050 5518 A.
3131 5464 3153 5494 ⁸
3177 5463 3465 5518 catholicae
3515 5481 3625 5517 om.
3655 5471 3730 5528 Α.

3160 5535 3204 5566 ⁸³
3256 5535 3345 5589 Sic
3399 5536 3439 5590 (ἶ
3467 5553 3480 5599 ;
3509 5537 3551 5589 Α
3582 5552 3729 5589 num.

2795 5605 2836 5636 ⁸⁷
2869 5605 2957 5658 Sit:
2983 5605 3023 5656 (ἶ
3051 5621 3067 5670 ;
3109 5605 3148 5658 Α
3183 5620 3324 5658 ενοι-ι’.
3361 5608 3735 5677 proportione-

2811 5687 3002 5731 zmncto
3034 5683 3408 5731 procedentes.
3511 5676 3556 5707 ³ο
3595 5675 3734 5731 Cm

2134 5457 2157 5490 ⁸
2203 5475 2320 5516 uere
2373 5477 2486 5516 om.
2525 5457 2593 5516 Α.

2117 5599 2162 5672 ξ’
2187 5600 2232 5672 ᾼ
2276 5602 2676 5672 qualitaterque.
