4230 6068
533 279 636 336 ῦίΠ

1923 242 2209 310 JOANNIS
2252 236 2456 296 SCOTI

3694 242 3797 302 608

533 379 790 445 invicem,
838 383 1043 434 mm
1095 370 1241 431 omni
1287 369 1693 433 ωηιηι-ῖεωιο,
1750 363 2116 424 consentiunt.
2149 355 2384 423 Annius
2404 353 2680 422 essentne,
2709 363 2976 428 quantum
3013 355 3146 412 mihi
3168 355 3506 425 conceditur,
3531 357 3795 430 intelligo.

538 470 687 528 Disc.
737 467 852 526 Hae
879 466 1064 523 ultima
1097 464 1441 520 conclusione
1487 460 1725 531 undique
1772 465 1984 528 septum
2029 467 2118 509 me

540 561 722 624 video,
757 558 1067 627 nullamque
1105 557 1247 611 viam
1288 551 1551 610 evadendi
1579 563 1880 612 remanere,
1908 561 1974 602 ae
2020 559 2119 616 per

541 653 644 708 boc
659 651 826 723 priori
848 663 914 704 es
941 657 991 702 te
1006 647 1250 717 prolatae
1269 643 1572 700 sententiae
1599 639 1911 697 consentire
1931 651 2116 709 cogor,

541 753 680 798 utet
722 756 824 814 ego
865 742 1062 804 dicam,
1106 753 1287 818 unam‘
1312 750 1531 792 causam
1576 749 1644 790 ex
1691 733 1900 790 duabus
1942 729 2122 786 causis

2216 447 2495 520 Siquidem
2517 449 2980 519 impossibile-est,
3007 461 3064 504 ut
3087 461 3140 502 et
3156 451 3383 520 gignens
3408 460 3463 506 et
3496 452 3712 521 genitus
3734 464 3792 507 et

2219 544 2520 613 procedens
2543 557 2648 596 una
2681 541 2988 598 substantia
3020 543 3113 598 sit.
3132 542 3266 599 Tres
3288 552 3468 600 autem
3494 558 3616 600 esse
3641 555 3793 598 natu-

2220 633 2350 690 ralis
2363 637 2616 690 admouet
2633 634 2774 690 ratio
2787 637 3084 692 secundum
3100 635 3449 701 substantias,
3465 637 3594 692 dum
3607 649 3734 694 sunt
3748 641 3762 670 '
3775 645 3797 670 ‘

2220 741 2386 780 unum
2401 727 2704 781 secundum
2727 729 3042 783 essentiam.
3061 725 3194 780 Nam
3212 738 3262 782 et
3281 727 3553 783 Abraham
3571 741 3624 785 et
3642 729 3796 786 lanae

540 833 710 890 fluere
733 849 839 888 non
867 831 1027 887 facile
1057 815 1533 900 rationioccurrit.
1557 824 1697 880 Msa.
1749 821 1888 892 Quid
1916 821 2080 894 igitur
2099 820 2118 852 ⁸
2215 827 2272 871 et
2296 815 2466 872 Jacob
2497 832 2662 872 unutn
2694 819 2992 890 suutjuxu
3028 819 3072 854 ⁸³
3099 819 3403 875 naturalem
3434 823 3793 877 essentialita-

541 924 832 982 dieemus?
860 923 999 978 Num
1023 921 1285 991 Spiritum
1301 927 1568 980 sanctum,
1600 930 1765 986 quem
1788 910 2128 987 distributio-

545 1018 630 1074 nis
655 1017 917 1072 donorum
941 1014 1154 1068 divinae
1177 1010 1454 1074 bonitatis,
1482 1008 1600 1064 sive
1625 1021 1837 1068 eorum,
1859 1019 2000 1076 quae
2039 1018 2126 1060 se-

544 1107 776 1163 cundum
806 1104 1166 1161 substantiam
1221 1111 1349 1158 sunt
1394 1102 1439 1167 ³,
1487 1101 1602 1156 sive
1651 1114 1791 1170 quae
1828 1098 2126 1154 secundum

543 1201 797 1272 gratiam,
827 1197 1097 1253 infinitam
1138 1205 1192 1250 et
1222 1195 1599 1250 inexhaustum
1655 1191 2129 1263 largissimumque

542 1299 602 1346 et
627 1289 912 1361 plusquam
933 1287 1293 1356 largissitttam
1322 1298 1540 1338 causam
1570 1296 1692 1337 esse
1715 1278 1982 1336 calltolice
2001 1293 2132 1335 con-

545 1378 764 1433 fitemur
797 1377 841 1443 ³,
879 1393 948 1432 ex
999 1392 1100 1429 una
1129 1391 1315 1436 causa,
1346 1375 1448 1428 hoc
1494 1381 1600 1436 est,
1643 1387 1711 1425 ex
1754 1369 1938 1427 Patre.
1965 1384 2034 1422 an
2063 1382 2132 1423 ex

545 1470 754 1526 dualms
779 1467 979 1531 causis,
1003 1466 1165 1521 Patre
1185 1476 1239 1521 et
1269 1465 1423 1531 l-‘ilio,
1454 1462 1746 1533 procedere
1773 1459 2014 1531 profiteri
2040 1457 2136 1513 de-

537 1559 771 1631 bemus?
807 1558 955 1613 Disc.
985 1556 1076 1610 Illa
1102 1553 1371 1624 exempla,
1415 1566 1556 1623 quae
1598 1566 1662 1607 ex
1713 1560 1907 1604 natura
1953 1562 2133 1603 rerum

544 1648 889 1722 protulimus,
920 1649 1023 1703 hoc
1055 1648 1238 1702 dicere
1263 1645 1485 1701 omnino
1515 1642 1822 1714 prohibent,
1874 1641 1978 1696 hoc
2029 1647 2134 1705 est,

2217 917 2351 972 tem.
2389 917 2501 964 tres
2533 924 2663 964 vero
2712 911 3013 997 secundum
3061 913 3470 976 aubstantialem
3529 913 3787 970 didere»-

2226 1000 2378 1053 tiam.
2411 997 2478 1052 Et
2514 999 2616 1054 hoc
2642 999 2944 1069 exemplum
2976 1001 3029 1052 in
3055 1002 3308 1056 omnibus
3351 1001 3639 1070 generibus
3677 1010 3736 1055 et
3769 1000 3818 1034 ⁸⁸

2229 1086 2420 1144 formis
2470 1098 2525 1144 et
2577 1089 2867 1144 individuis
2918 1088 3178 1145 facillime
3209 1090 3472 1151 veritatis
3526 1090 3819 1162 inquisitor

2231 1179 2488 1236 inveniet.
2536 1179 2680 1236 Dtsc.
2718 1179 2856 1250 Quid
2885 1181 3065 1250 itaque
3093 1181 3160 1236 de
3201 1181 3306 1236 hac
3351 1181 3622 1252 praesenti
3651 1195 3818 1254 quae-

2231 1272 2407 1327 stione
2426 1271 2760 1341 multumque
2786 1272 2986 1337 difﬁcili
3012 1283 3276 1344 conceptu
3300 1274 3352 1328 in
3387 1273 3574 1330 animo
3593 1275 3816 1342 habeas,

2234 1363 2447 1434 detege,
2467 1363 2512 1418 si
2539 1362 2732 1432 placet,
2763 1378 2833 1418 ne
2859 1372 2967 1418 tam
2994 1362 3084 1417 ditt
3111 1363 3166 1418 in
3186 1363 3388 1418 eisdem
3418 1363 3552 1420 locis
3572 1365 3825 1421 demore-

2234 1471 2379 1522 mur,
2402 1457 2528 1510 dum
2550 1456 2836 1522 adcelera,
2859 1471 3000 1527 quae
3027 1463 3257 1524 restant,
3279 1458 3598 1528 exponenda
3625 1457 3826 1515 debea-
3887 1445 3892 1450 ’

2238 1561 2361 1604 mus
2382 1545 2710 1603 accelerare.

2306 1637 2394 1692 32.
2430 1637 2570 1694 alio.
2612 1639 2790 1704 Dicas,
2824 1646 2968 1708 peto.
3018 1636 3157 1694 Num
3201 1637 3294 1693 tibi
3335 1638 3552 1696 videtur
3588 1653 3658 1694 ex
3707 1638 3826 1711 igne

547 1747 658 1799 ‘tton
683 1756 751 1796 ex
779 1740 1007 1802 duabus,
1033 1740 1129 1794 sed
1159 1754 1226 1793 ex
1255 1753 1361 1792 una
1387 1737 1701 1806 procedere,
1732 1735 1833 1788 nisi
1856 1733 1996 1788 forte
2017 1731 2139 1802 quis
2170 1749 2215 1809 Β
2243 1729 2453 1784 radium
2485 1728 2658 1793 nasci,
2706 1736 2763 1782 et
2811 1744 2881 1784 ex
2913 1727 3068 1784 radio
3105 1728 3448 1798 splendorem
3491 1728 3828 1798 procedere?

547 1835 717 1897 dicat.
743 1835 1008 1888 rationem
1074 1846 1319 1887 summae
1360 1839 1524 1900 atque
1569 1827 1852 1883 ineti‘abilis
1877 1825 1898 1857 ⁵
1929 1825 2142 1881 divinae

549 1923 836 1980 Trinitatis
870 1932 1098 1978 naturae
1129 1919 1381 1977 conditae
1417 1917 1663 1990 exempla
1690 1929 1968 1988 superare.
1999 1913 2139 1969 hinc.

536 2005 612 2084 Si
640 2014 763 2086 quis
809 2013 910 2068 hoc
958 2010 1177 2074 dixerit,
1223 2009 1511 2066 confestim
1557 2005 1972 2080 interrogandus
2013 2003 2141 2069 erit,

555 2105 700 2158 unde
720 2117 851 2170 ergo
879 2100 1094 2157 divinae
1123 2100 1382 2156 bonitatis
1406 2099 1431 2133 ⁸
1455 2098 1776 2154 Trinitatem
1832 2098 1884 2152 in
1914 2096 2142 2162 unitate,

551 2203 609 2251 et
636 2195 899 2248 unitatem
935 2193 988 2248 in
1013 2191 1277 2246 Trinitate
1301 2203 1567 2261 quaerere
1588 2200 1644 2245 et
1667 2189 1997 2258 investigare
2020 2201 2146 2256 pos-

553 2300 761 2350 sumus,
785 2294 844 2339 ut
871 2283 1072 2354 aliquid
1114 2285 1181 2339 de
1205 2299 1294 2348 ea,
1320 2298 1429 2353 quo
1467 2298 1589 2338 eam
1620 2281 1921 2343 laudemus,
1949 2278 2144 2335 verisi-

554 2376 683 2431 mile
708 2376 1016 2440 credamus,
1066 2386 1121 2430 et
1162 2385 1426 2444 quantum
1457 2375 1638 2435 datur.
1671 2372 2057 2444 intelligamus,
2100 2371 2147 2426 si

555 2483 666 2524 non
697 2467 719 2498 ‘
763 2468 914 2538 prius
955 2467 1107 2537 quasi
1155 2466 1479 2536 quibusdam
1535 2464 1839 2538 gradibus'
1888 2461 2151 2533 exemplis

556 2572 788 2618 naturae
809 2561 876 2612 ab
895 2573 960 2614 ea
986 2558 1237 2613 conditae
1273 2559 1340 2614 ad
1367 2573 1488 2612 eam
1515 2557 1893 2620 ascendamus,
1925 2571 1989 2610 ea
2015 2556 2151 2612 duce

556 2660 723 2720 atque
770 2649 1180 2718 praecipiente:
1217 2647 1470 2713 Quaerite
1515 2655 1565 2700 et
1612 2647 1884 2701 invenietis
1909 2646 1956 2700 τ’
1987 2644 2153 2701 Prae-

557 2740 749 2798 sertim
781 2739 974 2796 Divino
1003 2739 1170 2796 Paulo
1200 2749 1435 2795 testante
1465 2755 1480 2793 :
1523 2736 1822 2793 Invisibilia
1852 2739 1990 2793 enim
2011 2737 2152 2809 ejus.

560 2833 761 2905 inquit,
786 2833 938 2886 idest
989 2830 1194 2896 Patris,
1237 2848 1270 2886 α
1303 2840 1544 2886 creatura
1573 2830 1756 2887 mundi
1795 2846 1889 2901 per
1925 2847 1988 2886 ea
2018 2847 2157 2902 quae

562 2923 708 2997 facta
729 2934 850 2978 sunt
877 2922 1138 2978 intellecta
1163 2923 1574 2992 conspiciuntur,
1611 2917 1926 2992 sempiterno
1951 2935 2156 2992 quoque

560 3013 679 3083 ejus
705 3013 892 3077 virtus,
919 3011 1022 3065 hoc
1047 3021 1131 3065 est
1156 3010 1349 3074 Filius,
1378 3020 1425 3064 et
1458 3011 1761 3075 aeternitas,
1787 3009 1890 3065 hoc
1920 3019 2005 3064 est
2033 3008 2158 3081 Spi-

2242 1817 2390 1875 Dtsc.
2417 1819 2673 1888 Quisquis
2715 1818 2820 1874 hoc
2862 1818 3083 1882 dixerit,
3116 1834 3184 1872 ex
3235 1828 3466 1874 naturae
3500 1833 3681 1874 rerum
3709 1817 3830 1872 dili-
3875 1878 3877 1880 ,

2243 1911 2387 1982 genti
2407 1909 2838 1966 consideratione
2867 1925 2973 1966 non
3003 1909 3294 1980 discrepat,
3324 1919 3384 1964 nt
3409 1911 3667 1966 arbitror.
3692 1909 3833 1984 Ignis

2242 2000 2412 2066 enim,
2437 2015 2561 2055 cum
2607 2000 2679 2054 sit
2720 2015 2817 2070 per
2859 2012 2918 2054 se
2943 1998 3246 2062 invisibilis,
3291 1999 3559 2054 visibilem
3592 1999 3634 2031 "
3677 2000 3833 2058 dese

2243 2092 2455 2147 radium
2483 2091 2674 2162 gignit,
2708 2091 2799 2160 qui
2828 2091 2994 2146 etiam
3021 2105 3120 2160 per
3156 2105 3217 2146 se
3248 2089 3534 2145 invisibilis
3558 2099 3708 2145 esset
3738 2105 3833 2144 na-

2245 2189 2401 2239 turae
2440 2197 2572 2237 suae
2615 2181 2962 2251 simplicitate
3018 2179 3341 2246 subsistens,
3399 2179 3447 2234 si
3504 2179 3835 2250 corpulentis

2245 2277 2554 2348 crassisque
2581 2276 2794 2331 naturis
2819 2292 2928 2332 non
2955 2275 3371 2331 immisceretur.
3403 2275 3573 2330 Aiunt
3616 2275 3662 2306 “
3693 2275 3834 2331 enim

2253 2369 2580 2443 phiIuSOphi.
2608 2369 2818 2424 radium
2849 2369 2992 2425 Solis
3015 2368 3330 2424 animalium
3360 2368 3606 2422 sensibus
3629 2368 3834 2422 incom-

2248 2461 2668 2534 prehensibilem
2702 2475 2843 2526 esse,
2873 2469 3101 2516 naturae
3127 2459 3296 2530 ipsius
3339 2460 3695 2515 subtilitatem
3735 2474 3838 2516 non

2250 2553 2545 2608 valentium
2572 2549 2617 2584 ¹⁹
2644 2553 2880 2616 sentire;
2921 2553 3046 2606 dum
3088 2561 3268 2606 autem
3308 2550 3576 2622 gradatim
3609 2567 3641 2604 a
3676 2547 3839 2606 solari

2249 2660 2480 2718 corpore
2511 2646 2580 2700 ad
2608 2645 2863 2700 inferiora
2913 2644 3178 2700 elementa
3219 2644 3521 2709 descendit,
3578 2643 3838 2711 paulatim

2253 2738 2441 2810 incipit
2469 2753 2756 2809 apparere.
2801 2736 3043 2792 Primum
3072 2737 3290 2808 quidem
3318 2737 3374 2792 in
3417 2738 3639 2792 aethere
3669 2737 3842 2806 puris-

2253 2830 2396 2886 simo
2423 2831 2513 2886 vix
2560 2829 2742 2886 lucere
2788 2829 3028 2895 inchoat,
3078 2830 3337 2900 quoniam
3386 2829 3558 2900 ipsius
3601 2829 3842 2886 aetheris

2254 2929 2449 2977 natura
2467 2920 2568 2992 ipsi
2582 2920 2854 2976 simillima
2871 2929 2988 2985 est;
3020 2921 3371 2992 progrediens
3399 2935 3530 2975 vero
3547 2919 3762 2992 longius
3779 2919 3845 2975 ad

2255 3013 2550 3085 superioris
2577 3010 2736 3081 hujus
2761 3011 2905 3066 aeris
2927 3021 3128 3082 partes,
3159 3010 3420 3080 paulatim
3457 3010 3714 3066 clarescit
3740 3025 3757 3076 ;
3782 3023 3846 3064 ac

562 3103 706 3159 ritus
731 3109 978 3182 sanctus.
1007 3101 1084 3155 lta
1115 3090 1260 3155 enim
1291 3101 1434 3155 hunc
1461 3097 1638 3155 locum
1673 3113 1865 3154 sacrae
1911 3097 2155 3169 Scriptu-

2258 3105 2474 3170 deinde,
2503 3105 2557 3160 itt
2585 3116 2845 3176 quantum
2871 3103 3410 3159 crassioresnatttras
3431 3105 3680 3174 penetrat
3699 3103 3848 3158 deor-

567 3208 663 3250 rae
692 3193 883 3249 beatus
935 3191 1202 3246 Maximus
1251 3191 1497 3265 upon-it.
1554 3189 1699 3245 Dtsc.
1733 3188 1895 3258 Quid,
1942 3189 1988 3245 si
2032 3188 2157 3260 quis
2259 3209 2380 3250 sum
2412 3211 2621 3261 versus,
2654 3196 2706 3250 in
2731 3204 2940 3249 tantum
2990 3193 3220 3250 lucidius
3246 3193 3438 3256 elucet,
3493 3195 3846 3262 sensibusque

567 3285 788 3348 dixerit,
818 3284 1038 3340 Patrem
1071 3293 1126 3337 et
1154 3281 1349 3337 Filium
1379 3297 1484 3342 non
1508 3283 1646 3336 duas
1673 3296 1869 3337 causas
1885 3296 2031 3347 esse,
2061 3280 2157 3336 sed
2260 3289 2538 3359 corporeis
2568 3287 3108 3359 comprehensibilem
3139 3302 3200 3342 se
3234 3294 3498 3358 praestat.
3540 3285 3744 3342 Verum
3781 3296 3846 3339 ex

565 3389 731 3430 unam
760 3382 817 3428 et
860 3371 1274 3444 inseparabilem
1311 3384 1551 3435 causam,
1576 3370 1693 3441 ipso
1725 3370 1862 3427 Filio
1902 3371 2156 3427 dicente:

575 3459 686 3535 Ego
705 3475 752 3520 et
776 3465 937 3520 Pater
950 3480 1110 3518 unum
1137 3479 1318 3517 sumus
1331 3463 1357 3516 7
1386 3462 1525 3518 uisu.
1549 3461 1688 3518 Huic
1707 3477 1923 3542 quoque
1939 3478 2180 3538 responﬁ

571 3559 804 3615 dendum
828 3566 932 3612 est.
959 3555 1093 3612 Tres
1106 3571 1304 3611 causae
1320 3553 1548 3611 divinae
1570 3555 1852 3621 bonitatis,
1873 3556 1941 3613 de
1964 3557 2162 3627 quibus

572 3665 719 3707 nunc
762 3648 992 3719 agimus,
1026 3661 1133 3704 non
1162 3648 1218 3702 in
1253 3647 1368 3717 ipsa
1393 3645 1652 3710 essentia,
1683 3659 1824 3716 quae
1866 3661 1970 3699 una
2001 3657 2164 3716 atque

572 3740 763 3796 eadem
795 3747 900 3804 est,
947 3738 1041 3794 sed
1079 3737 1133 3792 in
1171 3737 1286 3810 ipsa
1327 3737 1501 3808 ipsius
1531 3737 1804 3792 essentiae
1831 3737 2164 3792 substantia-

572 3845 698 3886 rum
739 3829 872 3885 vel'
925 3844 1276 3900 personarum
1325 3829 1595 3886 Triuitate
1646 3838 1998 3899 quaeruntur.
2048 3823 2166 3884 Non

575 3923 722 3980 enim
746 3921 1026 3980 confundit
1040 3923 1357 3980 dualitatem
1378 3923 1401 3958 '
1431 3939 1808 3999 personarum,
1838 3925 1967 3981 dum
1989 3924 2124 3980 dicit
2147 3938 2164 3978 :

575 4011 692 4087 Ego
715 4025 763 4069 et
787 4013 951 4070 Pater
969 4030 1131 4070 unum
1153 4031 1356 4069 suetus.
1382 4013 1518 4070 Nam
1538 4032 1646 4070 non
1672 4015 1750 4070 ait
1765 4034 1779 4072 :
1796 4001 1910 4086 Ego
1931 4025 1978 4070 et
2010 3999 2169 4071 Pater

579 4122 742 4180 unum
772 4122 906 4170 sum,
937 4105 1033 4161 sed
1055 4123 1259 4173 sumus,
1286 4106 1576 4164 ostendens
1611 4117 1668 4163 et
1694 4107 1965 4164 essentise
1987 4107 2170 4163 unita-

581 4205 690 4253 tem
720 4204 779 4252 ct
814 4197 1241 4252 snbstantiarnm
1269 4196 1630 4254 differentiam
1675 4200 1741 4254 ".
1788 4200 1856 4260 Et
1903 4199 2173 4270 siquidem

580 4287 789 4344 diceret
803 4304 815 4340 :
828 4287 936 4358 Ego
949 4300 996 4341 et
1013 4284 1177 4342 Pater
1188 4299 1234 4343 et
1249 4286 1482 4359 Spiritus
1498 4301 1711 4346 sanctus
1729 4291 1769 4322 “
1788 4307 1952 4346 unum
1966 4307 2172 4358 sumus,

583 4390 690 4438 non
720 4379 879 4436 aliter
905 4381 1354 4450 intelligeremns,
1381 4383 1484 4438 nisi
1536 4384 1697 4439 trium
1749 4386 2174 4445 substantiarum

2262 3379 2380 3448 ipso
2405 3377 2560 3433 radio
2586 3377 2838 3447 splendor
2867 3375 3326 3432 luculentissimus
3365 3384 3534 3431 totum
3586 3373 3848 3429 mundum

2262 3465 2512 3538 impletis,
2535 3476 2589 3522 et
2612 3482 2680 3521 ex
2696 3467 2938 3522 omnium
2962 3481 3250 3537 corporum
3271 3464 3556 3536 superﬁcie
3582 3463 3850 3528 resiliens,

2263 3556 2616 3627 diversasque
2637 3555 2883 3613 colorum
2912 3557 3122 3628 species
3143 3557 3402 3626 detegens
3420 3555 3712 3611 emittitur.
3738 3553 3854 3625 [pse

2263 3665 2480 3722 quoque
2505 3649 2735 3706 naturali
2757 3666 2855 3706 sua
2886 3651 3148 3707 tenuitate
3174 3649 3485 3720 corporales
3504 3663 3700 3705 sensus
3720 3647 3869 3702 etim”

2266 3754 2435 3817 geret,
2464 3745 2511 3799 si
2545 3759 2656 3800 non
2675 3760 2734 3800 se
2762 3743 3135 3814 corporalibus
3165 3743 3215 3775 "
3258 3743 3538 3799 elementis
3588 3751 3853 3811 tempcra-
3900 3810 3906 3816 ι

2270 3844 2371 3891 ret.
2398 3835 2541 3892 MAG.
2570 3833 2650 3891 ita
2670 3844 2776 3900 est,
2808 3844 2863 3890 et
2888 3845 3202 3891 naturarum
3251 3835 3530 3904 inquisitio
3555 3849 3662 3888 non
3703 3833 3857 3887 aliter

2271 3927 2389 3983 lieri
2429 3942 2590 3998 posse
2633 3929 2908 3998 perdocet.
2937 3925 3205 3996 Numquid
3236 3941 3366 3997 ergo
3410 3939 3668 3997 cogemur
3697 3923 3769 3990 “,
3801 3929 3858 3974 nt

2270 4018 2447 4093 ipsum
2491 4019 2857 4088 splendorem,
2900 4018 2992 4089 qui
3041 4033 3140 4089 per
3185 4014 3500 4073 nascentem
3532 4017 3742 4070 radium
3793 4012 3859 4068 ab

2274 4112 2398 4184 igne
2419 4111 2682 4180 procedit,
2702 4110 2837 4166 duas
2861 4125 3052 4165 causas
3077 4109 3278 4164 habere
3299 4108 3583 4163 dicamus?
3604 4105 3860 4175 Quamvis

2272 4206 2416 4261 enim
2443 4206 2514 4262 ab
2552 4203 2675 4276 igne
2714 4218 2812 4275 per
2851 4204 3061 4258 radium
3090 4202 3350 4273 procedat
3383 4201 3452 4268 “,
3496 4201 3634 4272 ignis
3683 4210 3857 4255 tamen

2274 4297 2612 4376 solummodo
2625 4312 2784 4352 causa
2804 4297 3088 4368 ipsiusest,
3107 4311 3213 4352 non
3242 4295 3442 4350 radius.
3473 4295 3628 4349 Sicut
3647 4291 3694 4325 "
3718 4291 3860 4346 enim

2279 4393 2393 4464 ipse
2416 4390 2600 4450 radius
2642 4405 2738 4459 per
2765 4403 2825 4444 se
2851 4405 2959 4445 non
3002 4389 3347 4454 subsisteret,
3388 4387 3431 4442 si
3459 4387 3526 4442 de
3552 4401 3717 4440 causa
3745 4396 3860 4447 sus,

585 4474 886 4531 trinitatem
926 4473 981 4528 in
1033 4467 1276 4547 ejusdem
1307 4463 1580 4530 essen'tiae
1625 4475 1833 4530 unitate
1870 4474 2176 4531 subsisten-
2204 4480 2256 4540 Β
2279 4463 2418 4555 quae
2436 4494 2516 4540 est
2546 4484 2704 4555 ignis,
2734 4499 2842 4540 non
2878 4490 3214 4546 nasceretur,
3245 4481 3318 4535 ita
3345 4468 3605 4551 splendor
3641 4493 3742 4549 per
3780 4491 3863 4533 ra-

587 4571 718 4618 tem.
748 4559 814 4619 Et
841 4565 1089 4635 quamvis
1115 4557 1195 4619 sic
1220 4565 1423 4620 dictum
1442 4580 1564 4621 esse
1586 4582 1692 4622 non
1720 4567 2180 4638 reperiamus,ve-

590 4655 805 4711 rissimc
829 4665 1010 4733 tamen
1043 4657 1114 4710 ita
1141 4671 1262 4713 esse
1297 4657 1656 4730 intelligamus
1677 4661 1744 4714 “.
1770 4643 1932 4717 Pater
1960 4662 2105 4718 enim
2125 4670 2182 4717 et

614 4741 782 4800 Filius
804 4757 857 4799 et
878 4744 1112 4814 Spiritus
1132 4757 1352 4803 sanctus
1380 4765 1544 4804 unum
1561 4759 1687 4804 sunt
1708 4761 1763 4806 et
1784 4761 1892 4806 tres
1923 4767 2108 4808 unum.
2131 4751 2179 4808 Δ

589 4833 752 4890 Patre
770 4837 1032 4907 siquidem
1051 4836 1217 4893 Filius
1239 4849 1321 4893 cst
1338 4840 1568 4908 genitus,
1592 4849 1648 4894 et
1663 4841 1732 4896 ab
1748 4843 1934 4898 eodem
1953 4843 2110 4900 Patre
2135 4843 2180 4876 "

592 4923 828 5001 Spiritus
849 4936 932 4982 est
965 4929 1279 4999 procedens.
1310 4931 1389 4985 Ac
1417 4944 1513 5001 per
1554 4933 1658 4988 hoc
1682 4932 1808 4987 dum
1836 4948 1993 4990 sacra
2032 4933 2184 4991 Scri-

591 5030 749 5092 ptura
773 5024 1122 5092 praedicante
1142 5032 1197 5078 et
1218 5025 1476 5080 suadente
1498 5025 1657 5080 audio
1678 5028 1983 5097 gignentetn
2005 5039 2061 5084 et
2081 5044 2180 5100 ge-

602 5105 775 5158 nitum
798 5112 852 5158 et
870 5110 1284 5169 riro-cedentem,
1305 5116 1414 5163 tres
1435 5109 1770 5164 substantias
1792 5125 1888 5164 seu
1909 5123 2172 5181 personas

2277 4577 2428 4632 dium
2458 4591 2563 4636 non
2588 4583 2751 4640 esset,
2787 4575 2889 4632 nisi
2912 4576 3062 4647 prius
3094 4590 3160 4630 ex
3201 4575 3366 4646 ipsius
3395 4573 3529 4628 radii
3553 4588 3717 4628 causa
3744 4585 3866 4644 pro-

2281 4668 2516 4724 cederet.
2545 4666 2708 4724 Vides
2732 4668 2936 4739 itaque,
2964 4667 3164 4722 nullam
3210 4665 3484 4730 rationein,
3520 4667 3765 4738 exigere.
3808 4670 3868 4717 nt

2283 4761 2540 4832 splendor
2557 4777 2622 4817 ex
2655 4762 2864 4818 duabus
2885 4761 3065 4816 causis
3091 4762 3368 4830 procedat,
3386 4760 3634 4829 (piatnvis
3655 4774 3722 4832 es
3747 4759 3867 4828 igne

2281 4869 2380 4926 per
2405 4854 2614 4908 radium
2641 4869 2868 4910 manare
2916 4852 3266 4924 intelligatur,
3295 4867 3481 4906 verum
3524 4867 3592 4913 ex
3621 4867 3727 4906 una
3765 4865 3865 4904 ea-

2283 4945 2514 5016 demque
2542 4961 2707 5001 causa
2735 4955 2790 5000 et
2812 4945 3024 5000 radium
3055 4944 3228 5010 nasci,
3268 4953 3324 4998 et
3367 4943 3712 5012 splendorem
3747 4957 3868 5015 pro-

2285 5037 2501 5102 cedere,
2533 5052 2597 5092 ac
2625 5052 2723 5108 per
2767 5037 2869 5092 hcc
2897 5045 2952 5092 et
2979 5035 3318 5107 splendorem
3360 5050 3425 5088 ex
3464 5035 3584 5104 igne
3615 5035 3869 5102 nitidque

2284 5119 2580 5181 procedere
2610 5114 2677 5176 ",
2713 5127 2909 5169 natura
2943 5130 3063 5183 ipsa
3086 5116 3131 5144 ³⁸
3159 5117 3422 5186 magistra
3455 5130 3564 5172 non
3594 5125 3760 5173 tacet.
3791 5115 3855 5172 Et

1897 5276 2132 5334 VARUE
2171 5275 2466 5338 LECTION
2475 5279 2578 5336 ES.

688 5443 702 5472 '
729 5445 772 5496 Α
805 5458 949 5515 ergo.
1027 5445 1048 5476 ¹
1104 5452 1226 5500 sunt
1266 5459 1399 5515 omn
1432 5443 1499 5498 A.

603 5511 938 5570 fortitntis'A
980 5516 1233 5570 divinam.

607 5577 649 5655 ξξ
675 5597 892 5655 structus
912 5602 1024 5644 om.
1052 5590 1122 5642 Α.
1201 5587 1238 5616 ν
1269 5585 1313 5640 Α
1340 5577 1710 5655 intelligam-

607 5653 650 5683 η
691 5652 780 5708 Sic
815 5657 898 5721 C;
955 5659 994 5712 Α
1036 5657 1364 5712 inuisibilem.
1441 5655 1486 5688 ⁸⁸
1516 5652 1578 5708 Ἀ
1613 5655 1832 5709 Dicunt.

1308 5515 1330 5547 ‘
1367 5514 1458 5570 Sic
1499 5513 1576 5579 C;
1621 5518 1663 5567 Λ
1700 5514 1824 5567 nisi.

1579 5443 1602 5477 ³
1634 5446 1682 5526 ᾼ
1742 5440 2073 5526 conﬁtentur.
2300 5445 2789 5526 etque_confestir_rt
2821 5447 3150 5526 jneﬂabilis.
3228 5451 3250 5484 ³
3308 5449 3626 5526 [ft-dego“
3659 5452 3850 5506 divina

1903 5513 1922 5542 ’
1953 5515 1994 5567 Δ
2028 5515 2332 5585 grandioris.
2375 5513 2432 5552 ’⁸
2462 5519 2506 5573 Α
2553 5513 2665 5572 aut.
2747 5519 2766 5550 ⁹
2814 5518 2857 5574 C

1797 5581 1839 5614 "
1860 5583 1905 5638 Α
1924 5595 1979 5637 et
2005 5581 2072 5640 a'b
2103 5603 2162 5640 eo
2185 5583 2378 5645 (Patre
2407 5592 2546 5651 om.)
2625 5588 2668 5621 "
2690 5591 2728 5643 Α
2763 5589 2893 5646 sint.
2923 5581 2938 5592 ’
2971 5593 3016 5623 ⁸⁸
3039 5599 3082 5647 Α
3121 5592 3427 5646 secundent.

1913 5655 1959 5684 “
2009 5655 2053 5712 C
2103 5658 2357 5712 valentes.

2911 5522 3254 5592 qualitatem.
3333 5521 3380 5552 ¹⁰
3429 5519 3472 5575 C
3518 5519 3848 5592 diﬂ'erentttr.

3508 5591 3551 5622 ³⁸
3581 5591 3634 5645 et
3656 5591 3848 5646 om.A.
3896 5617 3900 5622 -

2462 5659 2512 5691 '°
2546 5657 2638 5732 Sic
2667 5658 2746 5724 C;
2803 5661 2845 5713 Α
2877 5663 3341 5728 eorporotioribus.
3414 5661 3462 5694 "
3517 5663 3566 5732 Α
3595 5665 3850 5732 cogimur.

603 5721 650 5755 “
687 5728 821 5782 dunt
845 5745 1036 5796 causa:
1065 5727 1260 5783 habere
1289 5757 1360 5773 -ν
1408 5727 1643 5796 prendit
1663 5741 1784 5785 om.
1805 5724 1872 5782 ϐ.
1947 5725 2002 5778 _”
2023 5726 2068 5783 Α
2101 5725 2214 5783 Sic.
2293 5729 2424 5783 "ac
2457 5747 2554 5800 per
2587 5730 2682 5785 hoc
2711 5721 2781 5772 J—
2800 5721 3080 5800 proredere
3117 5748 3230 5792 om.
3264 5735 3333 5789 Α.
3409 5733 3457 5767 ³⁸
3487 5731 3527 5788 ιε
3566 5721 3694 5789 ἕδιιῖ.
