4230 6068
271 254 372 322 813

1085 258 1174 315 ns
1208 235 1936 314 mvrstoss'mwasu.
1973 284 2040 294 —
2079 249 2276 306 LiBi-th
2318 249 2700 306 secessus.

3425 251 3530 309 8M
3573 265 3578 268 '

271 383 504 446 ratione,
527 393 630 450 qua
652 385 707 433 et
720 375 992 433 credimus
1010 385 1064 432 et
1085 374 1450 445 intelligimus,
1477 371 1701 426 eundem
1727 367 1848 440 Spi-
1878 378 1924 434 Α
1955 369 2025 424 tia
2087 367 2264 424 Patris
2303 369 2383 422 vel
2425 382 2672 437 persona.
2725 365 2972 424 Essentia
3013 367 3280 438 siquidem
3319 364 3536 424 divinae

271 475 435 532 ritum
462 486 526 529 ex
561 484 664 527 una
691 485 875 536 causa,
907 469 960 525 id
989 477 1092 534 est,
1123 483 1190 523 ex
1237 466 1390 523 Patre
1422 462 1851 522 substantialiter

277 555 584 639 precedere.
615 563 714 618 Est
739 563 886 618 enim
927 560 1094 618 Pater
1136 573 1298 614 causa
1352 556 1628 612 nascentis
1673 555 1741 610 de
1791 569 1850 609 se

271 657 436 724 Filii,
467 663 522 714 et
549 654 887 727 procedentis
920 663 988 709 ex
1019 668 1077 709 se
1101 653 1362 724 Spiritus.
1389 650 1495 708 Sed
1543 649 1719 705 adhuc
1761 661 1852 702 ve-

275 747 368 805 lim
403 765 434 804 a
465 757 518 804 te
543 762 836 824 quaerere,
889 761 956 803 ex
981 746 1292 802 essentiaue
1336 746 1354 778 ⁸
1382 741 1560 798 Patris
1582 781 1597 808 ,
1627 757 1696 796 an
1721 739 1851 798 θυι)-

273 839 476 896 stantia
506 840 527 870 '
556 846 613 896 et
662 837 833 893 Filius
859 845 1020 892 natus
1052 845 1108 892 ct
1137 834 1373 905 Spiritus
1401 843 1621 889 sanctus
1657 845 1852 904 proce<

273 931 409 988 dens
437 940 522 987 est
537 930 594 985 ’ἲ
614 927 754 985 MAG.
777 929 852 984 De
877 929 980 984 hoc
992 927 1242 998 ambiguo
1268 924 1426 981 facile
1448 921 1784 995 purgabcris',
1808 921 1856 978 si

273 1021 426 1092 prius
455 1035 591 1090 pure
618 1022 949 1086 cegnoscas,
985 1015 1116 1086 quid
1163 1014 1236 1070 sit
1279 1013 1420 1070 inter
1463 1012 1757 1068 essentiam
1801 1019 1857 1066 et

274 1110 653 1168 substantiam,
672 1108 890 1164 divinae
929 1106 1210 1164 bonitatis.
1258 1105 1402 1160 Disc.
1437 1105 1512 1158 De
1552 1101 1856 1158 differentia

276 1201 490 1257 divinae
515 1198 786 1255 essentiae
813 1205 977 1266 atque
1000 1194 1335 1252 substantiae
1368 1193 1548 1248 docuit
1587 1207 1674 1248 me
1701 1194 1856 1254 then-

275 1291 414 1362 logia
439 1307 505 1346 ex
519 1290 726 1346 sanctis
750 1287 1002 1345 Patribus
1049 1287 1332 1359 utriusque
1361 1285 1598 1357 linguae,
1631 1293 1860 1356 graecae

278 1384 534 1440 videlicet
578 1393 742 1457 atque
787 1381 1008 1448 latinae,
1037 1381 1255 1436 tradita.
1285 1378 1562 1450 Siquidem
1596 1383 1817 1434 sanctus
1838 1377 1858 1408 ‘

275 1475 944 1548 Dionysius-Areopagum
981 1486 1034 1531 et
1065 1473 1359 1546 Gregorius
1398 1472 1733 1542 'l‘beologus,
1763 1483 1858 1524 eo-

275 1585 504 1640 rumque
529 1567 962 1641 elegautissitnus
991 1565 1268 1640 expositor
1291 1564 1576 1629 Maximus,
1606 1562 1862 1619 dilleren-

276 1662 406 1714 tiam
435 1675 560 1718 esse
587 1661 772 1716 dieunt
814 1661 956 1715 inter
989 1660 1200 1722 σὺσὲαν.
1235 1659 1287 1714 id
1327 1667 1410 1713 est
1439 1657 1732 1713 essentiam
1761 1697 1776 1720 ,
1805 1665 1866 1710 et

1956 459 2208 514 bonitatis
2235 473 2407 527 neque
2433 459 2650 530 propria
2675 457 2979 514 substantia
3003 467 3086 514 est
3111 457 3292 514 Patris
3309 500 3322 522 ,
3356 471 3532 528 neque

1953 548 2100 616 Filii,
2129 565 2301 620 neque
2332 549 2570 620 Spiritus
2596 547 2768 604 sancti
2789 587 2804 616 ,
2834 550 2929 604 sed
2961 563 3065 602 una
3095 558 3260 620 atque
3300 563 3532 604 commu-

1955 640 2039 696 nis
2067 640 2490 704 substantiarum
2519 639 2683 694 trium
2713 647 2940 704 natura;
2979 636 3143 693 Pater
3171 647 3352 694 autem
3383 653 3534 696 suam

1955 729 2422 801 propriam-habet
2443 730 2824 796 substantiam,
2858 729 3108 786 similiter
3145 739 3202 784 et
3239 727 3438 796 Filius,
3465 731 3541 804 si-

1957 824 2160 880 militer
2185 831 2238 880 et
2265 823 2498 895 Spiritus
2527 835 2750 880 sanctus
2784 837 2910 880 suas
2958 822 3236 894 possident
3285 823 3545 880 substan-

1959 917 2083 972 tias.
2109 914 2164 971 Si
2196 916 2358 988 igitur
2387 915 2566 970 divina
2599 915 2870 982 essentia,
2919 915 3046 986 quia
3093 929 3201 970 una
3245 923 3332 972 est
3378 922 3550 988 atque

1957 1009 2168 1070 eadem,
2197 1023 2370 1078 neque
2397 1007 2560 1062 Pater
2585 1017 2700 1072 est,
2731 1014 2904 1078 neque
2941 1007 3138 1072 Filius,
3167 1022 3346 1080 neque
3365 1006 3543 1080 Spiri-

1962 1109 2046 1156 tus
2065 1107 2306 1162 sanctus,
2335 1099 2432 1154 sed
2461 1099 2764 1162 communis
2790 1112 2980 1154 eorum
3010 1107 3205 1155 natura
3225 1139 3242 1163 ,
3275 1099 3541 1170 sequitur,

1961 1203 2068 1243 nun
2115 1189 2198 1244 ab.
2225 1203 2286 1242 ca
2323 1189 2468 1244 nasci
2501 1187 2717 1252 Filium,
2764 1203 2941 1260 neque
2986 1189 3248 1259 Spiritum
3293 1197 3544 1248 sanctum

1959 1277 2274 1352 procedere.
2298 1278 2434 1334 Nam
2469 1279 2514 1340 si
2540 1295 2608 1334 ex
2634 1294 2698 1334 ea
2727 1279 2896 1335 Filius
2934 1280 3195 1348 nascitur,
3220 1295 3328 1336 non
3357 1296 3425 1336 ex
3447 1279 3548 1338 Pa-

1965 1375 2046 1426 tre
2073 1371 2346 1438 nascitur;
2379 1371 2496 1442 ipsa
2525 1371 2690 1438 cnim,
2721 1383 2778 1426 ut
2809 1373 3066 1438 diximus,
3093 1371 3254 1428 Pater
3279 1388 3386 1428 non
3415 1383 3500 1429 est
3527 1391 3541 1427 :

1963 1461 2214 1518 similiter
2244 1463 2290 1517 si
2323 1477 2388 1518 ex
2413 1462 2602 1517 eadem
2633 1461 2870 1534 Spiritus
2897 1475 3120 1522 sanctus
3143 1465 3404 1536 procedit,
3439 1480 3544 1519 non

1962 1569 2027 1610 ex
2059 1555 2218 1609 Patre
2249 1555 2514 1625 procedit.
2549 1554 2606 1611 Si
2639 1567 2821 1612 autem
2862 1557 3131 1612 catholica
3175 1557 3308 1612 ﬁdes
3347 1556 3546 1612 ﬁrmis-

1967 1647 2104 1704 sime
2135 1658 2300 1716 atque
2332 1649 2618 1705 sanissime
2643 1659 2698 1704 ct
2745 1651 2920 1706 credit
2961 1661 3014 1706 et
3047 1652 3204 1708 docet
3248 1651 3442 1708 Filiam
3475 1665 3549 1708 ex

271 1751 582 1814 ὑπὸστασιν,
626 1752 678 1806 id
705 1759 790 1806 est
817 1749 1208 1812 substantiam;
1239 1751 1414 1806 οὑσίαν
1447 1747 1665 1818 quidem
1699 1746 1856 1802 intel-

1959 1736 2120 1792 Patre
2147 1721 2354 1801 natum,
2384 1739 2646 1809 Spiritum
2676 1755 2808 1794 vero
2829 1752 3074 1796 sanctmn
3107 1757 3176 1797 es
3219 1743 3410 1798 eodem
3437 1739 3546 1799 Pa-

270 1839 506 1912 ligentes
525 1842 740 1896 unicam
772 1841 916 1895 illam
943 1857 1004 1896 ac
1033 1841 1330 1911 simplicem
1359 1840 1574 1895 divinae
1599 1839 1882 1910 bonitatis

269 1941 560 1996 naturam,
605 1932 892 1990 ὑπόστασιν
937 1947 1068 1989 vero
1119 1932 1451 2003 singularum
1500 1945 1854 2002 personarum

267 2024 545 2094 propriam
571 2030 626 2077 et
661 2023 990 2078 individuam
1020 2023 1398 2080 substantiam.
1436 2021 1632 2078 Dicunt
1658 2022 1681 2054 ⁸
1711 2021 1854 2077 enim

267 2117 391 2188 μίαν
435 2115 612 2172 oderitis
673 2116 724 2170 ἓν
789 2117 954 2192 τρίσιν
999 2115 1372 2178 dmordere-ta,
1409 2113 1510 2169 hoc
1541 2122 1660 2176 est,
1692 2128 1855 2168 unam

272 2207 570 2262 essentiam
605 2209 656 2262 in
688 2209 861 2262 tribus
894 2209 1233 2265 substantiis.
1262 2208 1496 2264 Sanctus
1519 2224 1736 2279 quoque
1751 2209 1860 2263 Au-

267 2301 540 2368 gustinus,
569 2301 845 2370 ceterique
869 2299 1042 2356 sancti
1094 2294 1312 2356 Patres
1337 2299 1594 2356 latialiter
1617 2300 1860 2358 scriben-
1911 2347 1916 2354 .

270 2397 372 2453 tes,
425 2389 584 2445 ﬁdem
627 2399 850 2446 sanctae
887 2390 1170 2448 Trinitatis
1221 2391 1568 2462 exprimunt,
1618 2392 1860 2449 dicentes

267 2493 436 2532 unum
474 2479 836 2540 substantiam
867 2480 922 2536 in
951 2480 1123 2537 tribus
1165 2481 1450 2553 personis,
1493 2479 1862 2554 signiﬁcantes

267 2571 537 2625 unitatem
567 2569 782 2627 divinae
809 2581 1034 2628 naturae
1055 2587 1123 2629 eo
1149 2572 1368 2628 nomine
1387 2615 1401 2638 ,
1446 2574 1590 2643 quod
1617 2584 1702 2629 est
1734 2575 1860 2632 sub-’

265 2659 505 2724 stantia,
561 2659 758 2715 trinam
811 2661 936 2716 vero‘
991 2662 1418 2718 substantiarnm
1472 2665 1857 2736 proprietatem

269 2755 436 2806 trium
481 2765 834 2823 personarum
881 2753 1176 2808 vocabulis.
1218 2751 1372 2821 Quod
1409 2755 1572 2810 etiam
1614 2756 1857 2811 moderni

266 2839 606 2896 Graecorum
635 2840 930 2912 recipiunt;
973 2842 1158 2898 dicunt
1190 2843 1332 2898 enim
1363 2848 1484 2914 μίαν
1510 2844 1795 2902 ὑπόστασιν
1815 2845 1858 2906 ⁸.

265 2933 322 2988 id
353 2942 440 2988 est
481 2947 644 2988 unam
689 2933 1048 2990 substantiam
1069 2974 1083 2996 .
1109 2943 1168 2990 et
1191 2921 1313 3010 τρία
1347 2934 1644 3010 πρόσωπα,
1690 2937 1742 2991 id
1775 2947 1858 2990 est

269 3031 385 3076 tres
415 3036 693 3093 personas.
730 3020 846 3079 Una
875 3023 1174 3094 eademque
1203 3023 1337 3080 ﬁdes
1363 3035 1450 3079 est
1482 3025 1535 3080 in
1569 3027 1820 3082 omnibus
1839 3065 1853 3090 ,

1959 1837 2039 1884 tre
2069 1831 2484 1900 procedentem,
2517 1845 2698 1888 nonne
2725 1847 3062 1902 coiisequcns
3091 1841 3172 1886 est
3198 1875 3211 1897 ,
3246 1843 3303 1886 nt
3350 1831 3548 1890 credo.

1953 1937 2089 1980 ntus.
2122 1932 2180 1977 et
2227 1923 2610 1993 intelligamus,
2639 1939 2708 1978 ex
2739 1924 3042 1979 substantia
3085 1923 3262 1979 Patris
3296 1931 3354 1980 et
3398 1925 3548 1982 nasci

1953 2012 2171 2077 Filium,
2203 2023 2260 2068 et
2287 2015 2580 2088 procedere
2609 2013 2870 2087 Spiritum
2921 2017 3200 2071 sanctum?
3227 2015 3342 2070 Non
3385 2017 3549 2088 igitur

1956 2120 2024 2162 ex
2051 2105 2307 2168 essentia,
2341 2106 2436 2160 sed
2470 2117 2534 2162 ex
2553 2107 2866 2168 substantia
2891 2105 3064 2161 Putris
3101 2105 3174 2160 et‘
3201 2106 3222 2138 ’
3250 2105 3416 2162 Filius
3446 2123 3542 2160 na-

1958 2197 2149 2262 scitur,
2183 2208 2240 2252 et
2279 2199 2511 2269 Spiritus
2556 2210 2780 2255 sanctus
2813 2199 3080 2275 procedit.
3132 2195 3266 2254 Nam
3307 2207 3364 2268 et
3407 2197 3547 2269 apud

1959 2291 2209 2346 homines
2255 2306 2364 2346 non
2393 2291 2624 2348 dicimus
2671 2307 2740 2348 ex
2785 2291 3059 2348 communi
3089 2301 3310 2356 natura,
3345 2295 3442 2346 sed
3479 2305 3548 2346 ea

1957 2382 2174 2454 propria
2203 2391 2398 2438 natura
2431 2381 2582 2438 nasci
2611 2382 2754 2437 ﬁlios
2773 2383 2849 2448 ‘°;
2879 2382 3155 2454 propriam
3185 2391 3368 2438 autem
3389 2391 3548 2438 natu-

1921 2471 1924 2474 ’
1961 2489 2078 2530 ratu
2121 2471 2242 2530 dico
2279 2474 2706 2546 uniuscujusque
2749 2481 3012 2545 persollae
3055 2473 3390 2529 individuam
3419 2473 3544 2528 sub-

1959 2566 2235 2621 stantiam.
2259 2564 2394 2621 Nam
2420 2566 2465 2621 si
2486 2581 2554 2620 ex
2575 2567 2850 2622 connuuni
2875 2575 3065 2622 natura
3092 2566 3340 2623 homines
3359 2579 3550 2621 nasce-

1961 2667 2171 2720 rentur,
2194 2657 2372 2713 nullus
2399 2669 2554 2732 pater
2573 2659 2853 2728 proprium
2878 2657 3072 2726 ﬁlium,
3095 2657 3174 2716 sic
3203 2657 3386 2716 nullus
3406 2656 3550 2714 ﬁlius

1959 2747 2239 2820 proprium
2271 2757 2483 2819 patrem
2517 2748 2845 2819 possideret.

2031 2838 2120 2896 55.
2165 2839 2270 2896 Sed
2318 2841 2452 2896 haec
2483 2841 2643 2897 altius
2683 2853 2749 2898 ac
2790 2842 2970 2897 verius
2999 2841 3334 2916 cogitantur,
3381 2857 3546 2913 quam

1959 2918 2211 2987 sermone
2239 2931 2611 3004 proferuntur,
2655 2943 2708 2988 ct
2749 2933 2912 2990 altius
2941 2949 3004 2988 ac
3033 2935 3211 2990 verius
3247 2933 3590 3009 ἰιιιειιὶειιη-⁹
3663 2935 3668 2942 ’

1964 3021 2142 3084 tur“,
2170 3035 2328 3090 quam
2357 3022 2682 3093 cogitantur,
2717 3023 2877 3078 altius
2896 3033 3076 3080 autem
3108 3039 3171 3078 ac
3191 3023 3372 3079 verius
3402 3035 3551 3088 sunt,

263 3112 518 3182 quamvis
564 3112 1018 3183 signiﬁcationum
1061 3113 1348 3170 diversitas
1377 3116 1636 3170 videatur.
1670 3117 1854 3186 itaque
1885 3094 1928 3156 C
1963 3126 2124 3183 quam
2157 3111 2556 3185 intelliguntur;
2583 3130 2799 3171 onmem
2820 3116 3085 3186 siquidem
3107 3117 3438 3172 intellectum
3463 3133 3552 3172 su-

265 3204 566 3262 secundnnt
590 3203 830 3263 Graecos
848 3207 1096 3272 dicimus,
1126 3224 1230 3263 una
1258 3209 1558 3280 eademque
1581 3220 1664 3264 est
1705 3208 1856 3266 ὸὺσίκ

265 3299 452 3356 Patris
481 3311 536 3356 et
563 3300 686 3356 Filii
712 3309 768 3356 et
787 3301 1021 3374 Spiritus
1049 3303 1244 3365 sancti,
1265 3304 1362 3360 sed
1387 3321 1492 3358 non
1516 3319 1617 3358 una
1641 3305 1854 3359 eadem-

269 3406 381 3461 que
409 3400 492 3446 est
523 3394 838 3458 ὑπόστασις.
864 3393 1038 3450 Habet
1063 3395 1208 3449 enim
1229 3393 1390 3450 Pater
1410 3409 1562 3450 suam
1584 3395 1856 3465 propriam

266 3483 584 3546 ὑπόστασιν,
601 3497 741 3553 quae
764 3496 936 3553 neque
961 3481 1080 3538 Filii
1102 3499 1276 3556 neque
1301 3481 1535 3555 Spiritus
1555 3486 1730 3540 sancti
1753 3495 1855 3547 est,

265 3581 364 3634 sed
416 3577 586 3633 solius
626 3577 842 3645 Patris;
874 3579 1128 3635 similiter
1166 3579 1340 3638 Filius
1385 3595 1538 3636 suam
1581 3581 1856 3652 propriam

264 3670 590 3733 ὑπόστασιν,
619 3683 761 3742 quae
802 3683 980 3741 neque
1017 3669 1196 3726 Patris
1229 3686 1406 3742 neque
1444 3668 1678 3742 Spiritus
1728 3687 1858 3727 san-

267 3757 340 3810 cti
385 3765 499 3820 est,
551 3761 644 3814 sed
681 3759 868 3815 "solius
910 3759 1050 3816 Filii.
1101 3761 1301 3817 Eodem
1336 3763 1498 3818 modo
1540 3763 1608 3819 de
1653 3762 1858 3832 Spiritu

263 3855 465 3902 sancto
493 3847 802 3914 dicendum,
838 3851 1114 3921 propriam
1138 3851 1431 3913 ὑπόστασιν
1455 3852 1657 3908 habere
1676 3891 1690 3916 ,
1719 3866 1860 3922 quae

267 3951 456 4008 neque
498 3937 677 3993 Patris
705 3949 807 4000 est.
859 3955 1036 4012 neque
1077 3939 1236 4007 Filii,
1278 3943 1374 3997 sed
1414 3941 1580 3997 solius
1625 3941 1860 4013 Spiritus

266 4031 468 4086 sancti.
507 4029 694 4101 Neque
730 4032 877 4088 aliud
925 4043 1144 4102 praeter
1181 4035 1284 4090 hoc
1313 4034 1480 4088 latina
1511 4049 1615 4090 vox
1644 4035 1856 4100 edocet,

269 4131 386 4174 tres
423 4135 685 4190 personas
729 4122 780 4176 in
821 4138 926 4178 una
959 4123 1258 4182 substantia
1300 4127 1674 4194 pronuntians.
1720 4126 1860 4182 Sub.

265 4223 380 4266 stat
419 4211 450 4288 ’Δ
481 4225 612 4284 ergo
655 4211 820 4269 Pater
869 4229 966 4284 per
1007 4217 1112 4270 se'
1147 4255 1164 4282 ,
1212 4217 1424 4272 substat
1488 4215 1688 4282 Filius,
1733 4217 1858 4273 sub-

263 4311 382 4358 stat
411 4302 648 4376 Spiritus
669 4315 916 4370 sanctus,
948 4315 1004 4362 et
1033 4316 1144 4364 tres
1183 4307 1520 4366 substantiae
1559 4309 1614 4364 in
1645 4323 1750 4363 una
1775 4323 1859 4364 es-

263 4394 452 4450 sentia
473 4394 1010 4466 substaut,quoniam
1055 4397 1166 4454 tres
1191 4413 1358 4454 unum
1386 4407 1534 4456 sunt.
1559 4399 1858 4456 Lthnter

261 4485 610 4542 orthodoxae
630 4485 752 4543 ﬁdei
775 4488 1066 4558 participes
1089 4489 1231 4545 banc
1254 4489 1416 4548 ﬁdem
1443 4493 1858 4563 computaudam
1887 4489 1894 4534 έ

265 4576 532 4632 arbitror.
553 4573 674 4632 Jan]
701 4577 863 4648 igitur
884 4577 1186 4656 luculenter
1209 4590 1364 4652 potes
1391 4582 1706 4653 dignoscere
1733 4599 1862 4660 pro-
1909 4575 1914 4578 ’

266 4668 506 4740 ιιοείιειηι
529 4671 922 4739 quaestionem.
955 4669 1146 4728 Dixisti
1177 4674 1320 4728 enim
1343 4708 1358 4738 ,-
1392 4685 1444 4730 te
1479 4674 1762 4741 dubitare,
1787 4689 1856 4732 ex

165 4807 176 4818 .
261 4759 582 4815 essentiaue
608 4777 676 4814 an
703 4775 771 4816 ex
801 4761 1103 4818 substantia
1133 4762 1312 4820 Patris
1339 4773 1396 4820 et
1423 4776 1587 4821 natus
1605 4765 1647 4822 F
1653 4765 1778 4823 ilius
1801 4766 1886 4822 et;

263 4849 574 4922 procedens
616 4849 851 4924 Spiritus
890 4863 1130 4910 sanctus.
1169 4855 1252 4911 Ac
1295 4857 1341 4911 si
1391 4865 1579 4928 aperte
1611 4853 1852 4924 diceres,

267 4949 456 4994 utrum
503 4957 569 4998 ex
613 4953 926 5014 una'atque
965 4947 1238 5004 communi
1285 4949 1522 5006 essentia
1549 4950 1631 5006 vel
1660 4961 1856 5007 natura

264 5032 440 5088 trium
461 5033 886 5092 substantiarum
915 5037 998 5094 vel
1027 5053 1380 5109 personarum
1411 5043 1651 5100 nascitur
1663 5042 1855 5110 Filius.

265 5131 318 5180 st.
349 5115 598 5196 procedit
625 5123 859 5195 Spiritus
889 5137 1130 5194 sanctus,
1153 5145 1222 5184 an
1251 5145 1316 5185 ex
1359 5133 1576 5204 propria
1603 5131 1857 5189 substan-

1962 3215 2172 3276 perant.
2199 3204 2333 3262 Nam
2362 3221 2718 3278 quaecunque
2749 3209 2816 3264 de
2837 3208 3272 3280 simplicissimae
3293 3209 3554 3265 bonitatis

1966 3300 2211 3356 trinitate
2233 3301 2506 3364 dicuntur,
2543 3319 2638 3358 seu
2669 3305 2999 3374 cogitantur,
3031 3321 3125 3361 seti
3155 3305 3550 3377 intelliguntur,

1959 3390 2186 3461 vestigia
2213 3391 2479 3460 quaedam
2511 3401 2636 3447 sunt
2673 3403 2846 3464 atque
2880 3394 3244 3466 theopbaniae
3271 3397 3545 3456 veritatis.

1961 3499 2069 3540 non
2099 3491 2280 3538 autem
2317 3468 2430 3553 ipsa
2459 3485 2690 3550 veritas,
2721 3499 2861 3554 quae
2891 3495 3114 3556 superat
3137 3501 3354 3542 omnem
3401 3488 3554 3543 theo-

1963 3575 2102 3629 riam
2123 3589 2228 3632 non
2252 3573 2424 3629 solum
2450 3575 2750 3648 rationalis,
2773 3591 2960 3632 verum
2988 3577 3150 3632 etiam
3173 3575 3554 3636 intellectualis

1962 3675 2263 3723 creaturae.
2296 3666 2481 3739 Neque
2501 3669 2648 3726 enim
2671 3669 2791 3724 talis
2814 3670 2993 3724 unitas
3011 3679 3098 3725 est
3119 3685 3216 3733 seu
3237 3671 3451 3726 trinitas
3481 3671 3550 3736 ",

1961 3758 2140 3828 qualis
2161 3758 2230 3812 ab
2261 3757 2364 3812 ulla
2388 3769 2636 3814 creatura
2655 3768 2836 3829 potest
2859 3760 3156 3832 excogitari
3183 3776 3278 3819 seu
3300 3763 3548 3836 intelligi,

1961 3861 2056 3902 seu
2088 3847 2265 3918 aliqua
2293 3849 2604 3917 phantasia,
2631 3849 2878 3918 quamvis
2915 3851 3248 3908 lucidissima
3277 3863 3333 3908 et
3359 3855 3550 3912 verisi-

1963 3939 2209 4003 millima,
2236 3938 2479 3994 formari.
2515 3939 2662 3996 Haec
2691 3941 2839 3996 enim
2865 3943 3048 4000 omnia
3086 3943 3294 4011 fallunt,
3333 3947 3456 4001 dum
3496 3948 3550 4002 in

1961 4032 2042 4087 eis
2072 4031 2194 4086 ﬁnis
2213 4032 2682 4102 contemplationis
2701 4035 2936 4103 ponitur.
2963 4035 3242 4106 Siquidem
3267 4039 3552 4110 plusquam

1963 4126 2139 4182 unitas
2169 4123 2272 4193 eSt,
2300 4134 2355 4181 et
2380 4127 2668 4199 plusquam
2691 4128 2922 4194 trinitas,
2949 4131 3156 4188 habens
3183 4131 3228 4168 “
3255 4143 3432 4191 tamen
3456 4133 3554 4190 ali-

1959 4215 2090 4287 quid
2121 4217 2189 4273 de
2207 4232 2270 4272 ea
2297 4215 2482 4273 dicere
2507 4225 2564 4272 et
2583 4218 2822 4290 cogitare
2851 4229 2904 4274 et
2934 4219 3256 4294 intelligere,
3283 4229 3549 4298 quantum

1960 4305 2264 4363 intellectus
2300 4321 2421 4362 eam
2451 4305 2697 4379 attingit,
2732 4323 2884 4364 sacra
2919 4311 3183 4386 theolOgia
3213 4313 3351 4374 duce
3385 4323 3554 4388 atque

1965 4397 2244 4468 magistra,
2273 4406 2332 4452 ut
2352 4397 2588 4470 quodam
2613 4401 2776 4454 modo
2803 4403 3085 4458 materiam
3111 4404 3408 4462 habeamus
3436 4407 3552 4464 lau-

1963 4488 2125 4544 dandi
2153 4504 2274 4544 eam
2301 4499 2466 4560 atque
2489 4488 2862 4548 benedicendi.
2887 4491 3020 4550 Nam
3042 4502 3098 4548 et
3123 4501 3553 4570 summos’augo-

1960 4579 2044 4638 los
2061 4583 2446 4654 proximasque
2471 4584 2520 4640 ei
2553 4583 2780 4640 virtutes
2801 4585 2962 4664 veluti
2985 4589 3149 4658 pedes
3169 4597 3224 4646 et
3253 4591 3422 4649 facies
3451 4595 3551 4650 aiis

1959 4675 2074 4730 suis
2095 4673 2294 4740 velare,
2327 4689 2482 4732 sacra
2509 4679 2798 4733 conlirmat
2823 4678 2865 4709 “
2897 4680 3162 4755 theologia
3184 4723 3200 4749 ,
3233 4685 3388 4741 nobis
3415 4687 3546 4742 insi-

1959 4779 2134 4820 nuans
2173 4765 2220 4798 "
2245 4765 2508 4822 caelestes
2539 4767 2786 4831 virtutes,
2821 4783 3064 4826 summae
3114 4773 3340 4830 trinitati
3388 4787 3552 4850 atque

1959 4856 2154 4912 unitati
2187 4872 2404 4929 semper
2433 4868 2488 4916 et
2511 4861 2918 4916 intmntabilitt-r
2947 4863 3326 4932 adhaerentes,
3358 4867 3548 4926 timere

1964 4961 2050 5012 ea,
2079 4964 2220 5020 quae
2244 4963 2408 5022 supra
2451 4963 2510 5006 se
2554 4959 2698 5012 sunt.
2730 4965 2794 5008 ac
2828 4959 3140 5012 reverenter
3170 4958 3545 5030 contemplari.

1961 5041 2095 5100 Alae
2122 5041 2389 5118 siquidem
2423 5053 2612 5099 earum
2641 5043 2686 5075 “
2713 5045 2957 5102 tbeoriae
2979 5056 3127 5114 sunt,
3164 5047 3360 5120 quibus
3381 5053 3548 5122 pedes

1963 5145 2090 5188 suos
2113 5131 2290 5187 velare
2315 5132 2655 5190 aﬂirmantur
2686 5133 2750 5199 ν’,
2776 5141 2832 5191 et
2857 5133 3026 5193 facies
3052 5123 3303 5194 tientes
3325 5139 3545 5206 intueri,

1555 5261 1807 5320 VABIAE
1845 5263 2246 5330 LECTIONES.

341 5395 358 5430 ι
397 5388 490 5444 Sic
511 5387 583 5455 C;
611 5391 654 5446 Α
686 5409 755 5445 rm
776 5410 842 5448 ex
865 5397 1110 5451 essentia.
1183 5399 1258 5453 ’Δ
1288 5414 1354 5452 an
1381 5415 1444 5452 ea:
1473 5399 1792 5457 substantia.
1865 5399 1888 5432 ³
1913 5410 1988 5456 est
2011 5417 2120 5456 oni.
2149 5399 2210 5458 ϐ.

2292 5401 2314 5434 ⁸
2343 5401 2383 5458 C
2409 5401 2634 5480 Sanctus
2659 5406 2888 5478 quidem.
2967 5407 3060 5480 {A
3087 5411 3232 5466 dicit.
3307 5415 3328 5446 ⁶
3357 5415 3448 5472 Sic
3469 5417 3542 5480 C;

269 5463 565 5556 tractim-.1
669 5463 764 5556 Sic
809 5465 879 5556 ς
921 5467 966 5522 Α
995 5469 1254 5556 ξτιὸιίθιὶᾒ
1499 5471 1570 5534 (2;
1622 5471 1664 5525 Λ
1683 5471 1810 5553 ipse.
1933 5475 2079 5556 nasci
2103 5473 2276 5556 ﬁlium
2303 5462 2752 5556 et_pror_aden'—-
2767 5462 2816 5534 et
2839 5494 2946 5556 orn.
2989 5462 3542 5556 iuit-amr;

267 5533 443 5613 nasci.
475 5535 565 5583 sed
588 5549 652 5612 ea
675 5537 888 5613 propria
915 5549 1134 5613 natura.

261 5607 310 5658 Α
349 5615 537 5680 sacrae
561 5605 830 5659 trinitatis.
895 5607 953 5674 ,⁸⁸
980 5609 1044 5680 Α,
1073 5607 1230 5662 lubet.

263 5679 471 5724 malum
487 5705 502 5722 .

1217 5541 1257 5571 “
1289 5539 1524 5618 ciuilius
1573 5559 1636 5618 a_c
1689 5539 2333 5618 uerius__ittt_elligu_ntur—-_
2353 5539 2716 5618 intelliguntur
2746 5563 2856 5606 om.
2887 5546 2950 5605 C.

1313 5609 1356 5640 ”
1389 5611 1432 5665 Α
1488 5613 1772 5681 ranforme.
1853 5611 1900 5652 ³⁸
1951 5609 2172 5680 ὃὶο”ῦ;
2225 5614 2270 5670 Α
2315 5609 2604 5672 insinuant.
2660 5619 2729 5666 .“
2775 5636 2952 5674 rerum
2989 5637 3098 5676 om.
3149 5621 3208 5680 C.

3031 5551 3074 5582 "
3105 5551 3208 5608 Pro
3221 5569 3310 5608 seu
3333 5551 3546 5618 trinitas,

3031 5637 3098 5676 ill.
3149 5621 3208 5680 C.
3290 5623 3330 5657 "
3361 5625 3400 5680 C
3423 5623 3528 5692 [ομ

3449 5643 3528 5680 ομ
