4230 6068
319 254 422 314 Gl?

1132 254 1219 309 DE
1258 250 1592 307 DlVlSlONE
1638 241 1983 309 NATURAE.
2028 273 2096 286 σ-
2135 240 2334 299 LIBER
2374 235 2759 318 SECUNDUS.

320 374 373 428 ln
410 380 604 428 natura
643 380 820 424 rerum
863 368 1154 427 ium-nitur,
1198 383 1336 437 qua:
1388 386 1421 423 α
1456 363 1894 434 primordialibus
1927 364 1970 421 Α
2002 361 2265 413 unitatem.
2294 368 2338 408 et
2364 355 2723 410 ordinatorum
2746 362 2797 407 ut
2822 352 3184 406 ordinaturum
3212 365 3303 419 per
3325 365 3378 403 se
3420 350 3588 419 ipsum

320 456 500 517 αδηεΞὲ
529 458 784 517 ineﬂhbtli
816 459 1225 531 participatione.
1252 473 1353 512 non
1388 456 1661 527 procedat.
1704 454 1808 510 Sed
1834 469 1899 509 ne

320 552 443 623 quis
470 551 766 613 existumet.
795 566 934 620 uitae
971 551 1036 604 tle
1076 550 1509 620 primordialibus
1537 549 1725 603 causis
1756 546 1896 601 dixi-

318 657 465 706 mus,
490 640 689 696 nullius
709 642 1052 695 auctoritatis
1084 641 1383 694 munimine
1407 637 1605 701 fulciri,
1628 638 1897 707 quaedam

316 745 385 787 ex
421 729 561 787 libro
589 731 762 785 sancti
789 722 960 799 patris
1005 732 1021 762 ¹
1058 730 1293 801 Dionysii
1338 731 1404 783 de
1428 728 1625 784 divinis
1657 727 1898 783 Numini-

319 822 419 877 bus
448 822 575 877 huic
598 822 747 890 operi
796 821 1037 875 inserere
1076 837 1182 875 non
1219 821 1576 888 incongruum
1619 819 1893 873 duximus.

319 914 462 972 Disc.
495 912 581 968 Nil
614 914 829 999 aptius,
854 913 927 969 nil
960 913 1100 969 veris
1146 913 1445 969 rationibus
1486 913 1896 969 com‘euicnlins

313 1005 852 1079 subiungimuqnam
870 1015 1179 1061 sanctorum
1202 1005 1766 1084 Patruininconcnssa
1780 1018 1879 1073 pro
1892 1022 1915 1045 κ

314 1091 619 1171 babillsqne
654 1100 971 1155 anchrritas.
1016 1098 1156 1153 Msa.
1204 1099 1289 1152 Ait
1327 1114 1457 1170 ergo
1501 1097 1552 1153 in
1610 1097 1898 1153 undecimo

311 1190 574 1264 praedicti
595 1189 679 1246 sui
717 1185 839 1255 liliri
870 1190 1105 1261 capitulo
1133 1209 1143 1243 :
1179 1189 1319 1255 Quid
1349 1200 1521 1243 autem
1554 1190 1787 1253 omnino,
1815 1189 1896 1243 in-

305 1279 453 1355 quis.
493 1282 634 1354 quod
676 1298 770 1353 per
801 1281 1029 1351 seipsum
1086 1297 1195 1339 esse
1232 1282 1426 1335 dictum
1462 1290 1558 1342 cst,
1603 1288 1694 1333 aut
1737 1278 1759 1309 ³
1802 1294 1899 1350 per

312 1372 536 1444 seipsuut
567 1372 692 1437 vita,
730 1382 819 1425 aut
842 1386 1180 1444 quaecunque
1199 1368 1433 1427 absolute
1460 1380 1509 1425 et
1535 1368 1898 1440 principaliter
1926 1381 1932 1387 '

312 1480 421 1521 esse
471 1466 828 1534 exposuimus.
894 1463 1013 1518 Hoc
1068 1463 1290 1518 dicimus
1346 1480 1451 1519 non
1504 1474 1578 1518 est
1640 1468 1894 1533 proram,

312 1557 399 1612 sed
431 1566 649 1616 rectum.
690 1566 739 1611 et
776 1556 1062 1627 simplicem
1105 1554 1511 1610 declarationem
1551 1554 1725 1608 habet.
1770 1549 1895 1610 Non

308 1650 445 1704 enim
480 1650 760 1705 essentiam
792 1648 1057 1720 quandam
1089 1648 1319 1702 divinam
1352 1648 1428 1702 vel
1458 1647 1751 1718 angelicam
1780 1662 1892 1703 esse

2001 448 2406 509 ordinationem,
2436 457 2483 499 et
2517 444 2762 501 aliorum.
2804 455 3141 513 quaecunque
3184 438 3225 470 “
3274 440 3430 510 hujus
3479 442 3585 494 sive

1998 537 2155 608 hujus
2192 540 2294 591 sive
2340 538 2382 567 “
2429 536 2700 590 amborum
2746 531 3092 587 multorumve
3117 530 3163 561 ¹³
3185 530 3582 601 participantia.

1998 630 2096 684 hoc
2117 639 2206 682 aut
2236 632 2331 681 hoc
2354 637 2444 681 aut
2465 625 2621 681 ambo
2643 635 2733 679 aut
2765 622 2930 678 multa
2958 632 3103 685 sunt,
3129 637 3225 692 per
3246 637 3301 676 se
3326 623 3440 690 ipsa
3462 636 3587 690 par-

1998 719 2548 787 ticipantia’iurenies,
2585 717 2749 787 ipsius
2774 728 2884 768 esse
2906 713 3139 784 primum
3163 729 3227 766 ea
3261 711 3585 782 participan-

1998 810 2092 872 tia,
2121 820 2167 864 et
2200 811 2266 863 ab
2297 825 2357 864 eo
2387 824 2498 863 esse
2524 807 2752 877 primum
2788 803 2997 875 quidem
3022 799 3356 881 existentia;
3395 802 3585 856 deinde

1996 900 2155 969 hujus
2193 909 2284 953 aut
2317 899 2477 968 hujus
2514 897 2769 968 principia
2808 895 3104 959 eaistentio,
3137 902 3187 949 et
3219 893 3585 964 participando

1995 1005 2057 1044 eo
2082 988 2127 1022 "’
2151 1005 2262 1043 esse
2289 986 2563 1043 existentia
2597 985 2931 1057 participato.
2963 982 3024 1040 Si
3057 992 3234 1039 autem
3260 983 3389 1038 haec
3420 982 3589 1038 uorti-

1996 1081 2255 1152 eipatione
2274 1097 2385 1137 esse
2419 1087 2562 1145 sunt,
2593 1076 2756 1132 multo
2791 1075 2958 1148 magis
2982 1090 3162 1131 eorum
3189 1074 3581 1146 participantia.

1996 1172 2065 1228 Et
2099 1173 2260 1243 paulo
2306 1182 2428 1243 post
2468 1189 2483 1225 :
2525 1168 2734 1226 Etenim
2762 1170 2818 1224 in
2853 1167 3076 1223 monade
3119 1167 3289 1222 omnis
3337 1181 3583 1245 numerus

1997 1272 2118 1317 ante
2142 1262 2413 1328 subsistit,
2444 1271 2492 1316 et
2522 1261 2671 1315 habet
2699 1274 2906 1314 onmem
2932 1273 3204 1315 numerum
3246 1273 3428 1312 nionas
3454 1260 3507 1314 in
3526 1274 3585 1314 se

1997 1351 2111 1423 ipsa
2129 1346 2499 1422 singulariter,
2530 1360 2578 1405 et
2606 1349 2777 1406 omnis
2806 1364 3055 1404 numerus
3086 1349 3268 1402 unitur
3296 1348 3503 1417 quidem
3529 1351 3583 1403 in

1995 1443 2240 1501 monede.
2274 1442 2546 1511 Quantum
2582 1452 2757 1497 autem
2787 1459 2821 1495 a
2850 1441 2896 1474 “'
2927 1440 3151 1495 mouade
3181 1440 3439 1508 provenit,
3460 1446 3582 1495 tan-

1992 1544 2107 1593 tum
2132 1535 2446 1591 discernitur
2464 1541 2511 1589 et
2540 1522 2940 1605 multiplicatur.
2970 1529 3038 1585 Et
3060 1533 3114 1584 in
3135 1540 3312 1586 centro
3338 1546 3516 1585 omnes
3539 1531 3584 1565 "

1998 1627 2187 1686 circuli
2224 1627 2395 1683 lineae
2427 1626 2713 1682 secundum
2746 1624 2972 1697 primam
3006 1624 3262 1687 unitatem
3295 1624 3587 1691 consubsti-

310 1739 531 1795 dicimus
560 1739 583 1775 ⁸
622 1751 715 1811 per
735 1739 957 1811 seipsam
984 1740 1253 1794 existeudo
1294 1739 1571 1805 existendi,
1590 1755 1726 1813 quae
1745 1748 1889 1811 sunt,
1920 1736 1921 1739 “

1994 1729 2138 1775 tutae
2156 1727 2313 1785 sunt;
2339 1727 2387 1774 et
2406 1732 2585 1774 omnes
2603 1717 2753 1773 habet
2773 1716 2987 1787 signum.
3004 1714 3058 1769 in
3078 1719 3349 1786 semetipso
3368 1714 3586 1787 simplas

308 1834 546 1885 causam.
573 1826 912 1885 Solummodo
924 1830 1062 1885 enim
1084 1829 1339 1884 existendi
1369 1829 1567 1894 omnia,
1599 1816 1893 1902 quassum,

276 1894 353 1974 ἰι
380 1919 698 1976 subsistetnli
721 1919 742 1952 ‘
762 1921 933 1991 ipsum
956 1937 1069 1976 esse
1106 1922 1541 1991 superesseutiale
1574 1894 1898 1995 principium

304 2019 352 2064 et
410 2010 667 2066 esseutiae
705 2010 728 2043 ⁸
771 2010 1001 2073 causale,
1048 2026 1212 2086 neque
1248 2011 1383 2066 vitae
1418 2020 1686 2083 parentem
1730 2011 1896 2068 aliam

305 2101 555 2159 deitatem
592 2113 802 2176 praeter
835 2103 1226 2175 superdiriuam
1261 2104 1528 2169 omnium,
1555 2119 1898 2178 quaecunque

305 2193 485 2249 uiuunt
521 2201 572 2250 et
596 2193 771 2249 editae
803 2194 937 2249 vitae
963 2210 1182 2251 causam
1207 2196 1386 2251 vitam.
1408 2192 1517 2251 Sed
1544 2211 1645 2276 per
1663 2196 1897 2268 seipsum

303 2300 417 2341 esse
459 2292 509 2339 et
547 2300 643 2353 per
680 2285 905 2359 seipsam
946 2286 1109 2342 vitam
1140 2296 1191 2341 et
1232 2302 1328 2358 per
1377 2287 1606 2358 seipsant
1647 2287 1896 2345 deitatem

304 2376 532 2432 dicimus
560 2364 927 2448 principaliter
956 2376 1168 2449 quidem
1197 2374 1245 2433 et
1275 2377 1607 2451 deiformiter
1622 2390 1672 2434 et
1703 2396 1895 2440 causa-
1946 2424 1949 2425 γ

301 2466 424 2524 liter
444 2482 607 2523 unum
636 2474 872 2524 omnium
903 2469 1351 2541 superpriucipaie
1379 2481 1427 2526 et
1464 2472 1896 2543 superessentiele

298 2559 621 2631 principium
649 2569 701 2616 et
747 2578 987 2628 causam,
1010 2563 1394 2636 participoliter
1426 2574 1605 2621 autem
1628 2565 1800 2622 editas
1827 2583 1897 2625 es;

221 2728 225 2731 Δ
303 2650 415 2708 Deo
456 2668 564 2709 non
603 2655 953 2730 participante
990 2655 1236 2725 providos
1260 2657 1494 2723 virtutes,
1537 2673 1633 2730 per
1669 2658 1894 2729 seipsaas

300 2744 712 2817 dei/icationeut,
736 2762 869 2818 quas
894 2748 1168 2804 existentia
1194 2749 1409 2823 proprie
1440 2749 1649 2806 sibimet
1669 2751 1891 2821 portici-

236 2819 245 2833 ’
302 2845 453 2907 pani,
470 2846 520 2893 et
541 2836 839 2904 existentia,
860 2847 908 2893 et
924 2838 1167 2903 viventia,
1191 2819 1240 2895 et
1258 2819 1442 2894 divina
1462 2850 1611 2905 sunt,
1636 2819 1684 2894 et
1704 2840 1893 2897 dicun-

300 2939 414 2994 tur.
433 2938 484 2985 et
501 2928 613 2985 alia
640 2929 904 2986 similiter.
948 2927 1185 2987 Proinde
1215 2928 1238 2961 '
1264 2940 1314 2986 et
1339 2930 1632 3002 primarum
1655 2921 1892 3003 ipsarum

302 3022 532 3092 optimus
554 3021 866 3077 substitutor
890 3021 1086 3078 dicitur
1103 3038 1218 3079 esse
1234 3061 1251 3087 ,
1282 3023 1473 3078 deinde
1484 3021 1890 3093 particularium
1914 3032 1917 3033 '

1998 1807 2165 1865 lineas
2202 1807 2537 1880 uniformiter
2560 1807 2750 1883 unitas
2786 1806 2859 1864 ad
2892 1822 2949 1860 se
2976 1804 3197 1862 invicem
3234 1814 3284 1861 et
3312 1808 3381 1862 ad
3421 1822 3587 1867 unum

1996 1900 2339 1974 principium,
2366 1915 2433 1957 ex
2454 1915 2558 1970 quo
2580 1898 2891 1972 procedunt,
2919 1906 2968 1953 et
3001 1899 3060 1953 in
3088 1896 3199 1971 ipso
3228 1900 3436 1969 quidem
3464 1915 3584 1955 cen-

1995 2000 2078 2048 tro
2103 1989 2468 2048 uniuemliter
2492 1990 2819 2045 adunantur.
2844 1987 3124 2061 Paulisper
3148 1990 3189 2023 ⁸⁷
3219 2001 3391 2045 autem
3418 2007 3477 2045 eo
3505 1992 3583 2045 di-

1994 2090 2195 2139 stantes
2220 2079 2488 2154 paulisper
2504 2079 2549 2114 ¹⁸
2560 2079 2955 2147 discernuntur,
2971 2081 3138 2154 magis
3149 2092 3321 2137 autem
3338 2081 3582 2137 receden-
3604 2122 3608 2126 ι

1995 2186 2071 2235 tes
2110 2178 2280 2252 magis
2305 2186 2356 2234 et
2382 2176 2705 2248 simpliciter,
2740 2186 2999 2250 quantum
3037 2186 3212 2233 centro
3238 2178 3584 2247 prozitniores

1994 2279 2138 2337 sunt,
2183 2281 2391 2335 tantum
2435 2278 2483 2325 et
2529 2266 2630 2341 ipsi
2674 2276 2725 2326 et
2765 2268 2869 2326 sibi
2892 2268 3112 2325 laticem
3153 2270 3481 2335 adtinentur,
3531 2281 3581 2326 et

1992 2364 2248 2434 quantum
2272 2377 2359 2427 eo,
2385 2369 2594 2416 tantum
2612 2369 2663 2417 et
2683 2377 2716 2415 a
2740 2374 2798 2415 se
2830 2358 3052 2415 inuicem
3069 2353 3288 2431 distant,
3319 2358 3423 2415 Sed
3447 2370 3497 2415 et
3525 2361 3582 2418 in

1997 2463 2109 2510 tota
2149 2453 2384 2509 omnium
2420 2460 2616 2509 natura
2655 2465 2836 2507 omnes
2877 2449 3164 2507 secundum
3208 2449 3443 2525 singulas
3484 2469 3582 2507 na—

1992 2556 2144 2601 turae
2185 2544 2418 2602 rationes
2456 2540 2764 2599 conuolutos
2796 2551 2916 2598 sunt
2945 2558 3039 2613 per
3065 2558 3225 2599 uuam
3250 2543 3581 2613 inconfusam

1996 2636 2272 2700 unitatem,
2301 2643 2350 2691 et
2378 2634 2435 2689 in
2464 2631 2642 2689 anima
2671 2632 2713 2667 "
2732 2631 3070 2702 uniformiter
3096 2616 3382 2688 secundum
3405 2641 3580 2705 partes

1995 2715 2229 2783 omnium
2249 2726 2500 2800 providae
2526 2726 2688 2781 totius
2713 2718 2947 2795 cofporis
2968 2721 3199 2778 uirtutes.
3235 2721 3331 2779 Nil
3356 2740 3478 2798 ergo
3501 2727 3575 2779 in-

1995 2835 2335 2893 consequens,
2366 2834 2434 2876 ex
2472 2817 2707 2874 obscuris
2744 2815 3060 2887 imaginibus
3095 2815 3150 2869 in
3189 2816 3421 2869 omnium
3458 2832 3583 2869 cau-

1992 2913 2105 2970 sale
2127 2913 2487 2979 ascendentes,
2522 2927 2681 2983 super
2708 2908 2992 2965 mundanis
3025 2908 3193 2963 oculis
3238 2908 3607 2980 contemplari

1992 3007 2171 3062 autnia
2195 3007 2251 3061 iu
2270 3006 2504 3061 omnium
2523 3001 2748 3069 causali,
2777 3010 2824 3057 et
2847 3000 2946 3057 sibi
2963 3001 3181 3056 inuicem
3199 3000 3435 3072 apposita
3462 3003 3583 3056 uni.
3670 2996 3679 3007 ’

292 3091 559 3183 ipsarum,
586 3111 775 3167 deinde
804 3120 1033 3168 totarum
1059 3117 1202 3183 ipsas
1227 3091 1680 3183 participantium,
1701 3111 1888 3168 deinde
1915 3102 1960 3166 C
1993 3096 2234 3169 fonuitcr
2254 3105 2301 3152 et
2331 3099 2480 3152 unita
2503 3094 2549 3127 ¹⁹
2567 3111 2588 3161 ;
2606 3092 2923 3167 principium
2954 3091 3092 3147 enim
3117 3101 3193 3148 est
3220 3092 3576 3159 existentium,

297 3199 698 3272 particulariter
720 3219 810 3257 eas
842 3202 1297 3274 participautiusn.
1330 3201 1399 3257 Et
1435 3201 1563 3275 quid
1589 3210 1789 3273 Oportet
1824 3201 1891 3257 de

299 3292 384 3348 ltis
412 3292 620 3357 dicere,
646 3294 860 3365 quando
888 3292 1101 3366 quidam
1142 3293 1441 3349 diuinorum
1470 3304 1768 3349 nostrorum
1795 3310 1887 3349 sa-

299 3397 517 3441 crorum
542 3385 914 3456 magistrorum
940 3401 1034 3455 per
1061 3386 1286 3454 seipsam
1318 3383 1557 3442 bonitatis
1585 3394 1636 3439 et
1677 3384 1889 3439 deitatis

300 3472 713 3531 substitutricens
759 3476 782 3508 ⁷
822 3475 972 3531 aiunt
1019 3476 1299 3550 plusquam
1346 3478 1597 3548 optimam
1662 3483 1711 3529 et
1742 3474 1895 3546 plus-

299 3581 460 3637 quam
490 3565 742 3627 dirinam,
763 3583 857 3638 per
892 3569 1117 3639 seipsans
1155 3569 1436 3624 bonitatem
1464 3582 1512 3623 et
1541 3568 1889 3630 divinitatem,

295 3654 530 3715 dicentes
551 3675 664 3714 esse
689 3659 972 3729 beneficam
1015 3670 1066 3714 et
1106 3660 1351 3731 deiﬁcum
1375 3676 1441 3716 ex
1472 3659 1582 3715 Deo
1604 3664 1888 3730 proceden-

298 3761 400 3806 tem
429 3750 767 3807 donationem
788 3793 805 3818 ,
855 3761 905 3807 et
930 3769 1024 3824 per
1046 3769 1101 3808 se
1129 3754 1297 3824 ipsam
1332 3753 1558 3824 formam
1576 3763 1671 3824 per
1696 3769 1774 3817 se,
1804 3753 1888 3824 ip—

300 3858 414 3898 sam
434 3840 753 3914 formificam
766 3842 1050 3914 fusionem,
1074 3853 1125 3898 et
1147 3854 1311 3900 totum
1337 3844 1584 3915 foratum,
1599 3855 1647 3900 et
1664 3845 1893 3916 particu-

295 3931 465 3988 larem
500 3932 752 4002 formans,
785 3944 835 3988 et
875 3933 1242 3991 uniuersaliter
1265 3934 1424 4002 bona,
1454 3947 1503 3991 et
1550 3952 1889 4007 quaecunque

298 4022 407 4077 alia
434 4023 725 4080 secundum
747 4025 968 4081 eundem
1009 4025 1152 4081 dicta
1176 4037 1298 4081 sunt
1319 4038 1366 4082 et
1390 4026 1631 4083 dicentur
1654 4031 1885 4090 modum,

300 4113 632 4169 tleelarantia
688 4115 1066 4186 prouidentiam
1113 4128 1163 4173 et
1212 4119 1497 4173 bonitatem
1546 4120 1887 4191 participatas

300 4206 366 4260 ab
386 4205 753 4270 existentibus,
779 4220 845 4260 ex
875 4205 981 4262 Deo
1018 4223 1121 4264 non
1144 4211 1493 4281 participante
1511 4208 1888 4277 proreuientes,

244 4287 248 4290 ’
297 4308 346 4354 et
374 4297 399 4331 "
423 4296 637 4368 copiosa
679 4296 884 4374 fusione
912 4310 959 4353 et
980 4309 1417 4368 superscatentes,
1443 4311 1501 4355 ut
1533 4298 1754 4371 diligens
1776 4317 1887 4355 om-

302 4386 449 4444 nium
472 4386 705 4442 causalis
730 4389 1005 4443 summitas
1039 4391 1274 4446 omnium
1306 4401 1353 4446 et
1382 4392 1813 4462 superessentiale
1838 4402 1886 4447 et

1990 3204 2057 3245 ex
2082 3205 2185 3262 quo
2208 3198 2257 3243 et
2283 3189 2454 3261 ipsum
2481 3203 2611 3253 esse,
2637 3196 2685 3240 et
2717 3184 2891 3240 omnia
2912 3193 3170 3256 utcunque
3196 3184 3243 3219 ⁸⁸
3278 3185 3575 3251 existentia,

1994 3289 2145 3339 omne
2169 3281 2502 3353 principium,
2540 3279 2710 3337 omnis
2734 3279 2878 3349 finis,
2900 3293 2963 3332 ac
2982 3278 3030 3309 ”
3055 3278 3227 3333 omnis
3256 3279 3380 3342 rita,
3409 3279 3579 3334 omnis

1992 3373 2382 3436 immortalitas,
2406 3374 2573 3427 omnis
2594 3369 2871 3443 sapientia,
2901 3372 3069 3425 onmis
3090 3370 3243 3432 ordo.
3269 3370 3440 3426 omnis
3460 3370 3582 3425 har-

1994 3468 2204 3525 monia.
2241 3464 2408 3520 omnis
2434 3464 2627 3528 virtus,
2655 3462 2823 3520 omnis
2853 3460 3122 3525 custodia,
3151 3461 3317 3515 omnis
3347 3460 3581 3516 colloca-

1992 3559 2069 3613 tio
2094 3556 2164 3622 ”,
2193 3558 2363 3611 omnis
2390 3555 2721 3619 distributio,
2751 3554 2923 3611 omnis
2947 3549 3258 3618 intellectus,
3287 3553 3455 3613 omnis
3485 3568 3577 3607 ra-

1994 3653 2086 3717 tio,
2114 3652 2284 3708 omuis
2304 3667 2511 3717 sensus,
2535 3650 2707 3706 omnis
2734 3650 2965 3713 habitus,
2988 3649 3158 3706 omnis
3190 3648 3378 3713 status,
3407 3649 3578 3703 omnis

1992 3753 2185 3807 motus,
2219 3745 2388 3798 omnis
2416 3746 2608 3804 unitas,
2634 3757 2787 3797 omne
2810 3741 3099 3812 judicium,
3122 3741 3288 3796 omnis
3317 3742 3576 3807 amicitia,

1997 3834 2165 3889 omnis
2193 3834 2498 3905 compactio,
2530 3832 2700 3889 omnis
2728 3832 2998 3896 discretio,
3025 3835 3196 3887 omnis
3224 3834 3501 3897 terminus,
3524 3846 3573 3889 et

1989 3923 2099 3979 alia
2128 3924 2438 3980 nominatius
2461 3922 2535 3989 ν’,
2558 3939 2897 3996 quaecunque
2931 3923 2997 3977 ab
3015 3940 3129 3999 esse
3153 3923 3428 3979 existentia
3456 3941 3573 3979 om-

1992 4018 2085 4091 nia
2112 4018 2548 4073 characterizant.
2576 4016 2644 4072 Et
2668 4025 2791 4090 post
2814 4015 3090 4087 aliquanta
3124 4034 3139 4072 :
3168 4015 3228 4073 Si
3255 4016 3390 4072 enim
3409 4018 3573 4088 juxta
3662 4064 3667 4069 ,

1993 4125 2087 4165 nos
2128 4109 2212 4166 sol
2248 4108 2572 4165 sensibilium
2600 4108 2855 4164 essentias
2879 4119 2927 4164 et
2961 4108 3265 4180 qualitates,
3285 4119 3333 4162 et
3364 4108 3574 4179 quidem

1992 4203 2187 4259 multas
2211 4216 2261 4259 et
2286 4204 2540 4259 discretas
2554 4203 2854 4264 existentes,
2876 4198 3052 4258 tamen
3068 4201 3177 4271 ipse
3191 4217 3325 4253 unus
3344 4201 3526 4255 existet
3544 4221 3573 4259 ι

1990 4306 2038 4352 ct
2054 4294 2330 4363 uniformis
2342 4293 2649 4349 illumiuans
2661 4294 2754 4348 lux
2770 4302 3000 4355 renouat,
3014 4300 3064 4347 et
3079 4291 3312 4354 nutrit,ct
3330 4289 3572 4355 custodit,

1995 4400 2041 4446 et
2066 4388 2292 4460 perﬁcit,
2322 4396 2370 4441 et
2395 4387 2667 4451 discernit,
2694 4398 2742 4441 et
2790 4386 2922 4451 unit,
2945 4386 2995 4441 et
3024 4385 3239 4457 refovet,
3274 4394 3322 4438 et
3348 4385 3581 4453 fecunda

297 4477 700 4549 supernaturnle
723 4479 935 4539 omnino
974 4482 1333 4553 superemllit
1372 4499 1458 4547 ea,
1488 4500 1624 4553 quae
1652 4492 1772 4538 sunt
1808 4501 1889 4538 se-
1922 4474 1968 4533 Ι.)
1992 4497 2105 4537 esse
2134 4480 2282 4549 facit,
2305 4490 2354 4535 et
2380 4489 2559 4549 auget,
2583 4490 2631 4533 et
2651 4489 2838 4541 mutat,
2858 4486 2907 4532 et
2935 4476 3178 4539 collocat,
3205 4487 3255 4530 et
3271 4474 3474 4548 plantat
3501 4476 3575 4543 ³⁸,

297 4568 528 4627 cundum
553 4568 967 4641 qualemcunque
990 4572 1265 4629 essentiam
1286 4582 1333 4626 et
1360 4584 1627 4651 naturam.
1657 4572 1788 4637 Item
1815 4588 1882 4628 es

297 4660 487 4716 eodem
519 4659 661 4717 libro
691 4661 930 4731 capitulo
968 4661 1161 4733 quinto
1194 4681 1208 4717 :
1244 4662 1513 4734 Principia
1552 4665 1885 4721 eaisteutium

300 4748 473 4805 omnia
500 4749 523 4783 '
550 4750 715 4822 ipsius
739 4766 852 4807 esse
891 4754 1283 4824 participanda.
1308 4764 1355 4811 et
1379 4763 1522 4816 sunt,
1549 4763 1597 4810 et
1621 4754 1884 4824 principia

299 4852 443 4907 sunt,
472 4853 520 4898 et
542 4842 715 4917 primo
727 4853 872 4907 sunt,
891 4843 1079 4897 deinde
1098 4844 1519 4915 principiasunt.
1548 4843 1621 4910 Et
1639 4845 1685 4907 si
1701 4844 1821 4917 quis
1838 4843 1891 4877 ¹⁰ί

300 4932 405 4990 uult
439 4934 719 4992 virentium
749 4946 803 4990 ut
841 4933 1121 4991 uisentium
1158 4936 1476 5006 principium
1494 4936 1666 5001 dicere
1700 4954 1794 5007 per
1828 4953 1886 4991 se

300 5028 468 5097 ipsum
514 5028 694 5092 vitam,
732 5036 781 5082 et
820 5026 1079 5096 similium
1114 5036 1169 5081 ut
1203 5028 1455 5081 similium
1487 5043 1580 5098 per
1602 5042 1676 5082 ese
1716 5028 1889 5099 ipsum.

299 5119 719 5188 similitudinem,
755 5132 802 5177 et
843 5121 1110 5176 unitorum
1134 5129 1187 5174 ut
1226 5120 1488 5174 unitorum
1519 5137 1611 5190 per
1636 5137 1689 5174 se
1718 5121 1883 5188 ipsum

1987 4583 2034 4628 et
2077 4565 2283 4627 renovat
2310 4572 2394 4636 ",
2438 4579 2488 4626 et
2529 4568 2752 4641 uiuificat
2782 4569 2990 4632 onuiia,
3029 4579 3077 4623 et
3111 4569 3347 4623 omnium
3379 4584 3574 4622 unum-

1987 4662 2227 4736 quodque
2267 4662 2474 4735 proprie
2508 4660 2608 4715 sibi
2635 4661 2857 4715 eundem
2888 4670 2937 4714 et
2974 4675 3135 4713 unum
3165 4658 3322 4713 solem
3356 4660 3581 4728 partici-

1985 4764 2100 4825 pat,
2148 4762 2195 4807 et
2231 4751 2516 4808 multorum
2548 4751 2971 4823 participantium
3000 4767 3135 4805 unus
3175 4750 3255 4805 sol
3293 4766 3480 4806 causas
3517 4753 3573 4805 in

1985 4848 2153 4917 seipso
2166 4844 2795 4917 uuiformiterpraeambit
2810 4844 2874 4906 ",
2884 4844 3045 4899 multo
3060 4844 3223 4917 magis
3237 4854 3574 4913 superterrae

1986 4946 2038 4991 et
2064 4937 2232 5007 ipsius
2258 4946 2305 4990 et
2329 4936 2506 4999 quinia
2533 4934 2581 4968 ”
2607 4936 2836 4989 causalis
2851 4937 3168 5003 praeterisse
3187 4935 3232 4968 ⁷⁸³
3250 4936 3367 5007 ipse
3387 4936 3435 4967 “
3457 4949 3572 4990 om-

1992 5026 2136 5081 nium
2155 5026 2876 5096 existentium.paradigmata
2900 5029 3186 5082 secundum
3210 5042 3369 5084 unam
3392 5042 3574 5091 super-

1991 5116 2323 5181 esseutiolem.
2363 5116 2620 5182 unitatem
2653 5115 3057 5177 concedendum.
3094 5111 3293 5174 Deinde
3320 5124 3365 5169 al
3397 5131 3577 5171 essen-

1582 5249 1836 5306 VARlAE
1873 5247 2278 5312 LECTIONES.

365 5396 385 5431 ⁸
413 5397 580 5468 patris
600 5410 712 5468 οῃι.
759 5397 825 5449 Α.
903 5405 923 5468 ξ
953 5397 993 5450 Α
1022 5400 1195 5468 atque.
1271 5395 1292 5426 ³
1321 5394 1363 5447 (1
1388 5393 1645 5468 dicantur.

1725 5394 1746 5424 ⁸
1774 5392 2087 5447 subsistendi
2109 5406 2219 5445 om.
2263 5389 2328 5443 Α.

2399 5388 2423 5423 ³
2445 5390 2490 5443 Δ
2519 5388 2815 5443 essentiam.
2894 5387 2917 5418 ⁶
2944 5387 2983 5439 Α
3017 5385 3263 5443 Perinde.
3297 5404 3300 5408 '
3342 5389 3357 5418 '
3390 5386 3431 5441 C
3453 5389 3570 5443 sub-

298 5456 568 5536 stantiam.
641 5465 667 5500 ⁸
684 5477 733 5521 et
762 5482 871 5522 om.
894 5466 960 5522 Α.
1034 5464 1057 5536 ξ
1084 5456 1129 5518 λ
1151 5468 1404 5519 omnium.
1484 5465 1526 5497 ³ο
1608 5480 1727 5536 quc.
1766 5463 1806 5494 ³⁸
1832 5464 1873 5518 Α
1894 5464 2211 5536 quicunque.
2284 5459 2454 5536 “sive
2472 5459 2629 5536 hujus
2651 5474 2765 5536 oui.
2788 5458 2851 5536 Α,
2927 5456 3033 5536 "is
3062 5458 3365 5536 multorum.
3407 5458 3486 5536 _“'
3513 5474 3577 5536 eo

296 5552 407 5595 om.
442 5535 511 5593 Α.
569 5536 617 5570 ’³
642 5553 677 5591 a
704 5552 814 5591 om.
836 5537 897 5592 (ἶ.
978 5537 1021 5568 ¹⁶
1051 5530 1100 5591 Ἀ
1128 5552 1326 5590 omnes.

300 5676 571 5743 utrambit.
649 5676 696 5711 ⁸⁸
726 5681 773 5737 Λ
800 5680 1052 5733 omnium.

1405 5536 1445 5566 ”
1474 5535 1522 5590 Α
1562 5532 1810 5591 Breviter.
1888 5534 1932 5566 "
1954 5532 2001 5588 Α
2029 5532 2265 5586 breuiter.

299 5618 592 5672 utrunque.
666 5608 713 5642 ι’
742 5623 804 5661 ac.
850 5609 1046 5663 om.A.
1115 5606 1480 5667 “Acollatio.
1557 5606 1605 5638 “
1652 5605 1965 5659 nominatim
2011 5619 2120 5659 om.
2144 5602 2190 5658 Λ
2263 5601 2311 5638 ⁸³
2341 5612 2388 5655 et
2430 5607 2629 5672 mantat
2680 5615 2787 5655 om.
2842 5600 2906 5653 Α.
2977 5600 3023 5630 ²⁶
3052 5597 3095 5655 C
3127 5608 3364 5654 removet.

1132 5677 1176 5714 ι’
1203 5678 1249 5733 Α
1287 5677 1617 5746 praeterisse.
1695 5673 1809 5731 ’“A
1834 5676 1887 5731 in
1937 5692 2012 5731 se.

2720 5526 2768 5559 ‘°
2808 5530 2848 5581 (3
2899 5531 3117 5586 unitate.
3192 5530 3235 5562 "
3268 5526 3361 5585 Sit;
3399 5528 3470 5584 C:
3508 5529 3576 5585 ,Α

2720 5615 2766 5632 In
2849 5600 2877 5632 Δ
2977 5600 3023 5630 26
3052 5597 3092 5632 ί*
3127 5608 3344 5632 rauenna!
3443 5598 3486 5632 27
3540 5606 3568 5632 Δ

3500 5654 3505 5659 .
3533 5606 3581 5660 Α

2342 5530 2388 5569 ⁸9
2410 5532 2455 5584 Α
2501 5531 2630 5584 alia.
