4230 6068
613 204 713 269 819

1969 202 2251 263 JOANNIS
2291 204 2485 262 SCOTl

3774 211 3883 272 σω

615 329 716 377 tias
758 319 973 376 adducit
1011 319 1174 389 juxta
1201 319 1267 373 ab
1312 318 1536 372 essentia
1565 332 1930 388 egressionem.
1965 315 2196 370 Paradi-
2228 326 2273 382 Α
2303 319 2530 373 cundum
2554 334 2685 390 quas
2709 319 2824 389 ipsa
2851 318 3297 392 supernantia“:
3319 319 3596 377 existentia
3623 323 3802 380 orn-tia
3828 334 3879 386 et

613 429 787 486 gmatn
825 423 1000 467 autent
1035 411 1255 464 dicimus
1293 425 1404 462 esse
1449 407 1586 477 ipsas
1626 408 1679 462 in
1709 407 1814 462 Deo
1863 408 2193 462 uiuentium

614 506 1004 573 aubstunliﬁcas
1033 514 1080 556 et
1112 502 1445 569 uniformiter
1470 509 1765 570 praetextas
1791 499 2038 561 rationes,
2062 516 2193 568 quas

615 600 872 666 thcotogia
921 594 1421 666 praedestinatioues
1454 602 1599 647 tacut
1641 601 1690 646 et
1736 591 1939 646 divinas
1971 602 2017 644 rt
2059 592 2196 659 opti-

613 708 726 743 mea
755 689 1044 744 rota-itam
1062 685 1396 740 uiuentium
1425 684 1723 739 discretim:
1754 694 1800 738 et
1833 681 2072 751 furtivas,
2105 698 2187 734 re-

2299 409 2704 481 prardeuinaeit
2730 417 2780 465 et
2802 408 3046 464 adduait.
3075 408 3145 464 Et
3167 408 3281 480 jam
3327 411 3344 442 ‘
3375 411 3501 467 huic
3525 411 3666 467 libro
3692 414 3882 470 terrui.

2302 519 2402 558 nus
2426 513 2514 557 est
2556 500 2910 572 imponendus
2937 509 2998 557 ut
3026 501 3280 563 arbitror.
3309 500 3456 560 Diae.
3499 502 3580 559 Ita
3603 502 3721 560 ﬁat.
3767 501 3883 584 Ειη

2302 597 2450 668 plit‘il
2478 596 2616 652 liber
2645 594 2917 652 secundus
2945 604 3074 652 nam
3099 600 3358 653 eumn.

1582 872 1973 968 lNClPlT
2034 870 2344 986 LIBER
2377 869 2827 962 TERTIUS
2853 854 2903 948 '.

591 1117 610 1135 .
687 1053 826 1108 Mac.
859 1052 915 1106 ιη
944 1039 1180 1106 sectiudo
1201 1052 1341 1108 libro
1381 1060 1488 1105 tota
1518 1049 1631 1105 fere
1659 1058 1877 1108 nostrae
1907 1050 2199 1104 ratiocina-

615 1151 778 1204 tionis
809 1148 1036 1202 intentio
1063 1155 1146 1202 est
1185 1146 1478 1202 constituta
1519 1147 1586 1201 de
1614 1146 1847 1204 secunda
1880 1144 2200 1199 universalis

616 1253 841 1296 naturae
867 1240 1321 1304 consideratione,
1351 1249 1425 1304 et,
1465 1248 1521 1292 ut
1562 1239 1635 1294 ita
1663 1239 1859 1299 dicam,
1890 1237 2059 1293 forma
2086 1253 2201 1293 sire

621 1336 818 1404 specie,
855 1323 1211 1404 quaecunque
1267 1330 1577 1386 verisimilia
1610 1329 1765 1384 nobis
1804 1330 1913 1384 visa
1955 1339 2100 1390 sunt,
2144 1336 2198 1383 et

613 1429 679 1481 ad
713 1428 997 1496 liquidum,
1027 1437 1082 1481 ιιι
1111 1427 1364 1489 arbitror,
1396 1423 1644 1486 deducta,
1679 1436 1944 1492 veraeque
1976 1421 2202 1476 rationis

615 1518 1058 1573 conclusionibus
1095 1519 1413 1571 inconcusse
1443 1527 1672 1572 minuta.
1704 1515 1876 1569 literis
1916 1515 2193 1568 mandare.

620 1607 956 1663 Universalis
981 1616 1161 1662 autem
1193 1616 1420 1669 naturae
1447 1607 1681 1661 secunda
1703 1603 2098 1660 'consideratio
2113 1611 2196 1656 est

617 1701 672 1757 in
713 1716 775 1753 ea
819 1691 988 1770 ipsius
1025 1708 1199 1770 parte,
1232 1714 1371 1769 quae.
1400 1707 1454 1753 et
1496 1707 1716 1753 creatur
1747 1706 1802 1751 et
1842 1704 2013 1759 creat,
2043 1705 2100 1748 et
2140 1694 2193 1748 in

618 1807 718 1858 qua
749 1805 928 1846 rerum
961 1790 1199 1845 omnium
1231 1789 1513 1860 principia,
1545 1788 1650 1843 boe
1681 1797 1783 1850 est,
1825 1784 2200 1856 primordialcs

617 1897 832 1945 causae,
864 1896 980 1946 seu,
1010 1888 1071 1936 ut
1107 1895 1269 1950 saepe
1303 1879 1506 1934 dictum
1546 1887 1647 1942 est,
1681 1876 2203 1946 praedestinatioues

618 1987 797 2030 rerum
827 1975 1205 2036 creandarum,
1234 1988 1327 2028 seu
1353 1972 1566 2026 divinae
1593 1969 1916 2034 voluntates,
1946 1978 2003 2022 et
2035 1970 2051 2000 ⁸
2077 1983 2174 2024 san

618 2068 825 2119 ciorum
847 2065 1068 2120 Patrum
1101 2065 1418 2129 auctoritas,
1440 2075 1492 2118 et
1524 2063 1638 2138 ipsa
1663 2072 1806 2118 recta
1834 2055 2042 2118 ratione
2073 2075 2173 2114 ron

615 2157 755 2212 salta
801 2155 1001 2210 veritas
1038 2155 1227 2210 edocet
1273 2167 1391 2208 esse
1437 2154 1848 2210 consideranda.
1897 2151 1997 2208 Ubi
2037 2151 2200 2206 etiam

616 2262 730 2316 ipsa
757 2246 776 2278 '
817 2243 1193 2316 disputationis
1222 2245 1516 2300 necessitas
1545 2243 1814 2315 exigebat,
1843 2244 2108 2315 quaedam
2137 2244 2204 2298 de

620 2338 986 2392 incidentibus
1041 2338 1444 2408 quaestionibus
1499 2337 1811 2407 principalis
1867 2337 2202 2407 quaestionis

621 2427 1140 2499 revelamlacgratia
1174 2427 1536 2481 introducere.
1567 2425 1718 2480 lNulla
1751 2426 2019 2496 siquidem
2050 2425 2169 2496 prin

617 2519 808 2590 clpalis
835 2519 1083 2589 quaestio
1119 2527 1220 2578 est,
1260 2528 1318 2573 ut
1352 2519 1562 2588 opinor,
1594 2535 1733 2590 quae
1762 2534 1867 2572 non
1902 2511 2204 2574 incidentes

617 2609 985 2679 quaestiones,
1019 2607 1145 2662 dum
1186 2607 1428 2677 diligenti
1469 2609 1665 2662 mentis
1703 2608 1944 2662 contuitu
1980 2607 2202 2662 investi-

616 2712 797 2769 gatur,
830 2699 1074 2770 recipiat.
1121 2699 1354 2766 Enodari
1386 2701 1530 2754 enim
1559 2701 1716 2754 aliter
1745 2699 2073 2769 impossibile
2097 2710 2198 2765 εει,

619 2793 937 2863 praesertim
955 2807 1078 2847 cum
1097 2793 1458 2846 necessarium
1478 2802 1639 2861 atque
1665 2792 1686 2822 ⁸
1702 2791 2009 2846 inevitabile
2026 2791 2202 2856 lieret,

622 2869 747 2937 dum
784 2887 850 2938 de
883 2883 1163 2953 principiis
1195 2899 1371 2937 rerum
1411 2884 1834 2954 disputabamus.
1869 2883 1972 2939 lioc
1999 2894 2103 2946 est,
2136 2884 2203 2940 de

571 2953 578 2960 .
635 2975 1087 3046 primordialibus
1109 2974 1311 3037 cauéis,
1331 2972 1400 3026 dc
1425 2988 1534 3025 uno
1553 2971 1716 3027 etiam
1741 2969 1983 3024 omnium
2007 2969 2212 3041 princi-

635 3067 744 3137 pio,
777 3067 887 3118 Deo
932 3063 1209 3124 videlicet,
1241 3061 1332 3132 qui
1361 3064 1512 3115 solus
1537 3070 1622 3115 cst
1647 3060 1764 3115 sola
1790 3075 1854 3115 ac
1883 3061 2057 3130 prima
2085 3070 2212 3113 cau-

630 3173 820 3210 sarum
848 3155 1092 3209 omnium
1147 3171 1332 3214 causa,
1381 3166 1434 3207 et
1483 3153 1885 3222 super-causalis
1932 3169 2119 3217 causa,
2156 3165 2211 3209 et

631 3249 1103 3319 superesseutialis
1133 3250 1371 3310 bonitas,
1397 3247 1553 3316 cujus
1575 3247 1998 3316 participatione
2025 3246 2210 3302 Omnia

631 3345 984 3414 prine'pia,ct
1003 3356 1193 3400 omnes
1210 3358 1402 3396 causae
1417 3342 1659 3406 omnium
1680 3356 1862 3404 rerum
1876 3341 2206 3406 subsistunt.

629 3440 744 3503 ipse
772 3429 897 3491 vero
923 3436 1132 3490 nullum
1153 3435 1465 3505 participat,
1490 3436 1616 3506 quia
1642 3434 1790 3489 omni
1821 3434 2092 3504 principio
2113 3449 2204 3491 suo

629 3531 828 3598 periuri
859 3543 918 3582 se
952 3528 1036 3582 vel
1084 3542 1270 3581 secum
1321 3529 1596 3592 existenti,
1636 3543 1744 3582 non
1791 3538 1972 3582 tamen
2001 3529 2018 3558 ⁷
2051 3541 2205 3585 caeso

621 3605 839 3677 sentiali
867 3619 993 3681 sibi,
1017 3621 1246 3673 omnino
1269 3637 1347 3672 can
1364 3631 1438 3680 et,
1461 3624 1603 3686 quod
1642 3623 1831 3678 animo
1847 3623 2196 3685 occurrebat,

624 3701 786 3755 inseri
832 3703 873 3753 ⁸.
913 3701 1044 3768 Quis
1067 3703 1210 3756 enim
1240 3702 1306 3756 de
1344 3704 1540 3767 creatis
1567 3706 1743 3762 causis
1775 3715 1919 3759 recte
1949 3705 2076 3773 quid
2113 3707 2194 3759 di-

623 3804 730 3854 ret,
761 3791 858 3847 nisi
893 3793 1040 3862 prius
1067 3793 1282 3848 unicam
1317 3795 1558 3848 omnium
1589 3810 1808 3851 causam
1841 3811 1936 3865 per
1968 3812 2027 3857 se
2069 3799 2185 3851 sub-

621 3883 927 3948 sistentem,
965 3893 1020 3940 et
1061 3901 1092 3938 a
1132 3885 1276 3938 nulla
1308 3887 1648 3956 praecedenti
1694 3903 1750 3941 se
1792 3898 2028 3945 creatam
2067 3905 2198 3959 pure

621 3974 932 4043 perspiciat,
968 3974 1021 4028 in
1048 3984 1308 4044 (piantum
1327 3975 1392 4029 de
1418 3974 1671 4030 ineiiabili
1701 3977 1861 4030 datur
1881 3977 2004 4039 fari.
2028 3981 2200 4047 deque

623 4065 1154 4138 incomprelieusibili
1194 4070 1610 4137 comprehendi.
1654 4070 1720 4124 de
1757 4082 2045 4139 superante
2078 4087 2197 4128 om-

619 4172 744 4214 nem
786 4159 1114 4216 intellectum
1145 4160 1405 4231 intelligi?
1438 4160 1572 4215 Cum
1614 4162 1699 4217 bis
1738 4163 1906 4218 etiam
1933 4166 2197 4234 quaedam

620 4248 690 4306 de
721 4249 894 4307 reditu
926 4265 1104 4305 rerum
1129 4251 1465 4306 mutabilium
1491 4262 1653 4322 atque
1677 4264 2076 4326 segregatarum
2105 4271 2200 4325 per

621 4340 869 4398 diversas
899 4352 1130 4398 naturae
1163 4343 1456 4399 divisiones
1484 4353 1537 4401 ct
1579 4355 1779 4416 partes,
1808 4347 2002 4417 quibus
2039 4367 2192 4402 imm—

618 4434 723 4490 dus
765 4435 866 4489 iste
899 4432 922 4464 ⁹
959 4433 1275 4505 perﬁcitur,
1316 4437 1509 4490 iterum
1552 4437 1605 4490 in
1650 4437 1910 4507 principia
1960 4455 2088 4503 sua,
2127 4454 2192 4494 ex

618 4529 817 4600 quibus
851 4534 1163 4600 procedunt,
1206 4539 1260 4584 ct
1298 4531 1349 4584 in
1390 4531 1584 4600 quibus
1623 4533 2032 4594 innuutabiliter
2067 4535 2167 4589 sub
2225 4527 2234 4535 ’

618 4622 841 4685 sistunt,
880 4619 1008 4675 dum
1039 4621 1160 4676 ﬁnis
1192 4623 1429 4676 omnium
1457 4623 1681 4683 venerit,
1715 4640 2028 4696 eorumque,
2057 4641 2197 4696 quae

625 4713 680 4766 in
717 4723 858 4766 motu
893 4721 1039 4778 sunt,
1069 4722 1242 4767 status
1271 4713 1613 4784 apparuerit,
1657 4725 1778 4784 post
1802 4715 1843 4747 “
1865 4731 2022 4786 quem
2065 4715 2197 4774 nihil

622 4802 963 4867 movebitur,
1019 4803 1253 4859 breviter
1302 4803 1716 4872 praelibavimus
1751 4807 1810 4860 “.
1871 4805 1964 4861 llis
2020 4809 2200 4877 itaque

622 4896 874 4966 aliisque,
908 4906 967 4950 ut
997 4896 1248 4961 diximus,
1283 4897 1500 4952 secundi
1527 4899 1788 4953 sermonis
1818 4899 1950 4953 ordo
1980 4902 2196 4957 texitur.

624 4989 828 5044 Deinde
851 4989 1235 5058 consequentia
1276 4991 1672 5057 quaestionum,
1717 4993 1765 5046 ni
1800 4991 1973 5058 fallor,
2012 4993 2199 5066 exigit,

633 5082 843 5137 tertium
880 5080 1095 5142 librum,
1123 5083 1229 5136 Deo
1266 5083 1418 5148 duce,
1448 5082 1514 5138 de
1551 5084 1704 5137 tertia
1746 5083 2064 5140 nnivu-salis
2103 5101 2197 5139 na-

2301 1060 2456 1104 turae
2485 1045 2938 1112 consideratione,
2963 1045 3067 1102 hoc
3091 1057 3194 1113 est,
3220 1045 3287 1103 de
3307 1061 3371 1103 ea
3397 1057 3553 1118 parte
3575 1058 3882 1118 creaturae,

2299 1154 2440 1211 quae
2469 1147 2685 1194 creatur
2705 1147 2758 1194 et
2775 1153 2880 1192 non
2909 1147 3075 1201 creat,
3103 1139 3357 1210 quicquid
3379 1140 3536 1196 nobis
3559 1140 3612 1195 in
3637 1143 3881 1198 mente"

2301 1247 2389 1286 ,ιιι
2420 1242 2638 1286 aeterna
2655 1229 2990 1302 patefecerit,
3020 1232 3149 1292 tesi.
3178 1231 3325 1301 Disc.
3358 1231 3475 1298 Dion
3505 1233 3666 1290 aliter
3688 1235 3876 1306 dispu-

2302 1325 2450 1380 tandi
2495 1324 2635 1378 viam
2687 1323 2892 1393 ingredi
2938 1333 3185 1393 oportet,
3231 1333 3290 1379 ut
3342 1320 3594 1389 aestimo.
3651 1325 3788 1382 Nam
3834 1329 3876 1382 si

2303 1417 2510 1487 primus
2539 1415 2674 1470 liber
2699 1414 2767 1471 de
2795 1425 2988 1480 natura
3012 1415 3058 1446 ¹³
3083 1425 3276 1471 cuncta
3306 1425 3593 1480 creanteat
3620 1433 3650 1482 ιι
3673 1417 3818 1483 nullo
3837 1418 3881 1450 "

2301 1518 2511 1570 creata,
2549 1509 2721 1579 deque
2745 1507 2860 1564 solo
2889 1508 2998 1564 Deo
3031 1508 3323 1574 intellecta,
3353 1512 3625 1565 secumlus
3659 1526 3790 1577 vero
3816 1511 3880 1566 de

2302 1616 2386 1671 ea,
2428 1616 2569 1671 quae
2595 1611 2649 1653 et
2681 1610 2898 1655 creatur
2919 1610 2973 1656 et
3003 1610 3173 1668 creat,
3203 1611 3258 1656 et
3286 1601 3339 1655 iu
3368 1601 3678 1671 primordiis
3703 1615 3878 1668 rerum

2301 1695 2666 1766 cognoscitur,
2707 1695 3008 1767 rationabili
3059 1702 3257 1754 tractat
3299 1695 3724 1766 progressione:
3755 1712 3884 1763 num

2299 1801 2532 1860 sequens
2567 1787 2610 1818 "
2639 1797 2743 1852 est,
2787 1795 2850 1842 ut
2875 1779 2936 1848 et
2967 1788 3157 1846 tertius
3193 1787 3258 1843 de
3285 1787 3462 1852 tertia,
3489 1802 3628 1857 quae
3667 1798 3884 1857 creatur
3951 1857 3962 1864 _

2299 1887 2352 1932 et
2393 1891 2498 1930 non
2529 1887 2708 1942 creat,
2752 1876 3154 1932 constitutionis
3192 1893 3322 1936 suae
3365 1879 3651 1949 materiam
3699 1878 3877 1936 susci-
3949 1877 3962 1882 ’

2299 1967 2450 2042 piat?
2479 1966 2585 2023 Sed
2631 1967 2946 2039 priusquam
2989 1971 3056 2023 ad
3096 1968 3434 2030 enodandam
3471 1969 3614 2026 hanc
3659 1979 3885 2033 naturae

2301 2068 2508 2130 partem
2555 2069 2916 2123 transeamus,
2958 2075 3114 2116 nosse
3154 2060 3336 2125 velim,
3367 2075 3474 2134 qua
3514 2062 3728 2122 ratione
3761 2075 3880 2136 eam

2303 2163 2576 2214 naturam,
2609 2167 2748 2222 quae
2793 2151 2860 2209 ab
2901 2153 3142 2208 omnium
3177 2137 3492 2213 naturarum
3533 2147 3886 2210 uni'er-sitalo

2300 2258 2396 2312 per
2420 2243 2795 2299 excellentiam
2843 2253 2927 2300 sul
2978 2253 3143 2314 atque
3189 2244 3509 2302 infinitatem
3553 2253 3883 2323 removetur,

2307 2333 2464 2390 veluti
2499 2334 2745 2404 .primam
2788 2343 2996 2406 partem
3043 2335 3211 2406 ipsius
3255 2336 3625 2392 universitatis
3676 2323 3884 2407 ponere

2302 2426 2518 2482 voluisti
2611 2425 2948 2491 Uuiyersitas
2995 2427 3261 2499 siquidem
3312 2427 3608 2484 formarum
3663 2442 3882 2486 summi

2303 2523 2646 2592 partiumque
2675 2521 2916 2576 muneris
2941 2521 3214 2592 impletur,
3247 2537 3311 2576 ac
3353 2535 3447 2590 per
3484 2520 3587 2576 hoc.
3617 2519 3670 2575 in
3705 2518 3882 2581 iniiui-

2306 2620 2416 2666 tum
2465 2626 2571 2665 non
2623 2610 3005 2683 progreditur;
3057 2611 3170 2665 suis
3214 2610 3359 2666 enim
3407 2610 3608 2667 ﬁnibus
3667 2609 3880 2668 sumtu.

2304 2718 2497 2758 versus
2533 2711 2695 2772 atque
2731 2703 2984 2759 deorsum
3033 2703 3370 2764 terminatur.
3408 2701 3490 2756 Ab
3535 2701 3881 2759 iutellectuali

2303 2794 2568 2864 siquidem
2599 2805 2868 2857 creatura,
2901 2808 3038 2862 quae
3069 2794 3120 2847 in
3152 2793 3355 2865 angelis
3378 2803 3464 2848 est
3491 2793 3806 2858 constituta,
3832 2802 3886 2857 et

2306 2893 2363 2939 ut
2391 2884 2550 2940 altius
2579 2885 2952 2949 ascendamus,
2984 2901 3012 2937 a
3034 2884 3468 2953 primordialibus
3497 2887 3699 2950 causis,
3724 2900 3884 2956 supra

2305 2994 2439 3048 quas
2482 2993 2603 3031 vera
2652 2977 2792 3032 ratio
2835 2977 2906 3032 nil
2947 2976 3196 3047 superius
3238 2992 3452 3048 praeter
3496 2978 3669 3033 solum
3718 2979 3882 3034 Deum

2307 3071 2545 3138 reperit,
2590 3071 2890 3133 incbuans,
2942 3085 3037 3140 per
3092 3068 3368 3125 naturales
3411 3071 3632 3126 ordines
3685 3071 3881 3125 inteJli-

2303 3162 2544 3233 gibilium
2597 3161 3023 3233 i‘aelcstiumque
3068 3162 3424 3217 essentiarum
3474 3172 3530 3217 et
3593 3163 3882 3232 visibilium

2303 3255 2558 3307 nmudum
2606 3255 2765 3307 istum
2798 3253 3260 3316 constituentium,
3299 3269 3466 3322 usque
3487 3253 3553 3308 ad
3581 3244 3887 3318 extremum

2306 3344 2470 3398 tutius
2509 3354 2791 3398 creaturae
2816 3326 3083 3404 ordinem,
3113 3345 3204 3414 qui
3235 3344 3552 3412 corporibus
3575 3359 3883 3416 curporunh

2301 3451 2406 3506 que
2453 3435 2799 3490 incrementis
2839 3450 2902 3489 ac
2950 3435 3287 3494 detrimentis
3311 3436 3355 3466 "
3397 3435 3669 3505 impletur,
3722 3435 3885 3489 variis

2302 3541 2516 3596 quoque
2539 3527 2944 3581 decessionibus
2971 3536 3024 3582 et
3047 3526 3484 3582 successionibus
3509 3527 3550 3559 ⁸⁷
3575 3541 3674 3600 per
3693 3526 3882 3582 catho-

2303 3621 2530 3674 licorum
2559 3620 2950 3677 elementorum
2992 3621 3046 3674 in
3078 3622 3292 3690 propria
3332 3620 3556 3682 coitum,
3589 3617 3883 3690 eorumque

2301 3715 2494 3768 iterum
2515 3714 2554 3744 "
2577 3715 2627 3766 iu
2646 3712 2906 3774 catholica
2925 3713 3246 3772 solutionem
3271 3715 3566 3782 peragitur,
3586 3714 3878 3769 descendit.

2298 3806 2541 3860 Ct‘calt'ix
2566 3822 2692 3861 vero
2717 3807 2756 3841 ³⁸
2782 3806 2944 3861 totius
2976 3806 3344 3861 universitatis
3387 3814 3597 3868 natura,
3629 3805 3882 3876 quoniam

2303 3901 2508 3954 inunita
2541 3908 2644 3962 est,
2681 3897 2843 3955 nullis
2875 3898 3076 3953 ﬁnibus
3117 3913 3332 3954 sursum
3362 3897 3444 3951 vel
3473 3896 3725 3954 deorsum
3755 3911 3882 3953 con-

2307 3989 2577 4052 cluditur;
2620 3991 2734 4060 ipsa
2770 3989 3036 4060 siquidem
3089 3989 3257 4045 ambit
3303 3987 3516 4056 omnia,
3555 3995 3608 4042 et
3658 4001 3688 4048 a
3736 3987 3883 4043 nullo

2299 4081 2555 4134 ambitur.
2602 4080 2712 4137 Nec
2775 4081 3005 4145 mirum,
3052 4081 3178 4135 dum
3229 4093 3330 4136 nec
3375 4095 3406 4133 a
3453 4079 3631 4148 seipsa
3680 4075 3877 4137 ambiri

2298 4165 2582 4238 sinitur",
2605 4174 2729 4244 quia
2782 4171 3158 4228 universaliter
3192 4171 3364 4234 nescit
3398 4169 3628 4234 ambiri;
3687 4183 3875 4238 quem.

2300 4265 2586 4319 admodum
2642 4261 3016 4318 universaliter
3068 4276 3098 4315 a
3145 4260 3341 4329 seipsa,
3367 4269 3572 4329 quanto
3613 4257 3786 4329 magis
3814 4257 3884 4312 ab

2306 4354 2436 4416 alio,
2458 4352 2860 4423 comprehendi,
2882 4366 2976 4406 seu
3008 4350 3058 4404 in
3084 4349 3266 4418 aliquo
3286 4347 3506 4405 definito
3525 4345 3606 4400 vel
3627 4342 3882 4406 delinibili

2306 4444 2791 4515 supermtturaliter
2850 4440 3040 4512 effugit
3099 4439 3342 4508 intelligi.
3394 4437 3508 4493 Risi
3567 4436 3709 4493 forte
3761 4435 3884 4508 quia

2305 4538 2485 4600 dicat,
2515 4537 2567 4592 in
2612 4537 2713 4593 hoc
2751 4534 2866 4591 solo
2903 4548 2961 4589 se
2999 4532 3197 4594 ambit,
3230 4533 3354 4587 dum
3409 4545 3469 4585 se
3508 4530 3650 4610 sapit
3686 4528 3882 4585 ambiri

2309 4643 2415 4683 non
2446 4641 2636 4698 posse;
2670 4627 2722 4680 in
2769 4626 2872 4681 hoc
2917 4639 2974 4680 se
3014 4621 3444 4692 comprehendit,
3483 4621 3608 4684 dum
3650 4635 3711 4678 se
3746 4620 3889 4691 sapit

2302 4720 2845 4792 comprehensibilem
2871 4719 2916 4751 "
2945 4733 3048 4773 non
3075 4732 3226 4782 esse;
3281 4717 3333 4773 in
3372 4717 3472 4772 hoc
3511 4729 3572 4771 se
3615 4715 3883 4787 intelligit,

2305 4815 2431 4870 dum
2460 4815 2623 4884 sapit,
2662 4815 2715 4868 in
2748 4812 2856 4867 ullo
2886 4826 2945 4868 se
2971 4810 3195 4882 intelligi
3229 4807 3556 4881 impossibile
3585 4821 3731 4876 esse,
3757 4807 3885 4881 quia

2306 4923 2468 4962 omne
2497 4908 2640 4977 quod
2666 4915 2768 4972 est,
2801 4916 2856 4960 et
2882 4914 3059 4977 potest
3094 4917 3236 4966 esse,
3274 4911 3511 4972 supcrat.
3558 4899 3624 4956 Et
3655 4916 3781 4956 cum
3815 4897 3886 4958 ita

2306 4998 2400 5060 sit,
2430 4995 2714 5068 nullusque
2755 5006 2901 5053 recte
2939 4993 3431 5065 philosophantium
3471 4992 3557 5048 bis
3587 4991 3889 5046 rationibus

2311 5099 2515 5145 temere
2545 5090 2782 5158 resistat,
2813 5105 2911 5145 cur
2949 5089 3086 5154 intra
3121 5087 3489 5157 universitatis
3517 5085 3815 5154 divisiones
3856 5101 3886 5141 a

1903 5221 2150 5278 \‘ARIAE
2187 5222 2584 5281 LECTIONES.

697 5354 713 5386 ¹
766 5354 807 5409 C
865 5355 996 5409 Item
1047 5357 1183 5416 huic,
1274 5357 1306 5389 ³
1337 5354 1388 5411 ‘C
1431 5355 1624 5409 litteris
1671 5332 1906 5410 miniatis
1971 5376 1980 5407 :

631 5424 768 5478 libri.
847 5425 934 5480 Ἀ
966 5428 1241 5482 secundae.
1320 5425 1342 5456 δ
1382 5427 1422 5480 Α
1473 5426 1602 5480 sicut
1633 5435 1705 5480 et.

623 5497 710 5548 ea
765 5495 859 5548 iste
907 5498 1149 5552 mundus.
1233 5497 1272 5529 ¹⁶
1323 5496 1362 5548 Α
1409 5512 1515 5564 per.

1785 5429 1806 5457 ⁸
1841 5427 1951 5494 ipsa
1985 5446 2091 5482 om.
2127 5429 2186 5482 (Σ.

1596 5498 1634 5528 ¹¹
1663 5499 1700 5550 Α
1743 5495 2122 5562 periibarintus.

627 5634 674 5674 ³⁸
708 5637 748 5690 Α
797 5655 896 5692 non
937 5634 1149 5695 sinitur.
1224 5642 1262 5670 ¹¹
1296 5640 1336 5694 Α
1385 5638 1852 5708 σοιτιργροίεηεέὸιιρ.

2205 5501 2246 5532 ’⁸
2275 5499 2363 5555 Sic
2390 5501 2466 5563 (3;
2492 5502 2604 5556 Ain
2639 5514 2874 5558 mentem.

630 5564 731 5638 ξξᾼ
769 5582 899 5620 nunc
930 5585 1259 5638 consequens.
1317 5568 1359 5599 “
1387 5567 1427 5620 Α
1459 5569 1774 5621 detrimentis
1802 5584 1914 5633 quc.
1977 5573 2011 5601 “
2043 5584 2088 5625 et
2127 5571 2534 5633 incursionibus
2587 5587 2694 5628 om.
2749 5571 2814 5632 Δ.

2051 5357 2485 5436 Ιηιξέρίι,ιςνεὶαε
2547 5360 2675 5436 ᾄῦξν
2724 5366 2844 5436 περὶ
2890 5372 3104 5434 γυπῶν.
3139 5363 3602 5436 νᾉΔνακι-ςαὶαοωςις
3668 5357 3884 5436 seemed-ﬁ

2264 5430 2358 5483 Ἀ
2411 5441 2478 5484 et.
2552 5430 2710 5488 "Pro
2767 5430 3095 5487 tien'tumru
3128 5434 3166 5484 (3
3222 5444 3268 5485 et
3325 5430 3446 5484 non.

2955 5503 2998 5536 ⁸⁸
3031 5503 3076 5557 Α
3110 5506 3173 5558 de
3193 5513 3493 5558 (omnium.
3574 5498 3615 5532 "
3649 5500 3684 5552 Α
3717 5501 3877 5555 nulla.

2882 5574 2923 5606 ¹⁸
2955 5576 3140 5628 iterum
3168 5589 3276 5636 om.
3304 5574 3365 5628 Α.
3433 5572 3471 5603 "
3524 5588 3645 5624 vero
3675 5585 3780 5632 om.
3815 5573 3874 5624 Α.

3524 5429 3610 5482 Ἀ
3675 5429 3880 5494 inferri.
3955 5468 3990 5477 -
