4230 6068
320 308 417 371 εει

1165 310 1252 373 os
1291 311 1634 376 DinSlONE
1671 312 2025 377 NATURAE.
2060 345 2126 399 -έ
2167 307 2372 372 uoca
2412 272 2742 369 manus.

3483 309 3596 365 622

320 440 376 490 to
416 430 778 488 constituatur
819 431 862 496 ⁸,
926 447 1034 488 non
1074 433 1232 504 plane
1273 432 1466 495 video.
1498 431 1637 488 Mss.
1680 431 1736 486 lu
1766 427 1903 486 divi-
1932 437 1986 493 Α·
2007 443 2228 488 causam
2257 426 2667 481 'univers’itatis
2707 423 2959 480 conditae
2986 421 3306 480 rrcatrieent
3335 436 3597 494 superum

319 525 565 585 tionibus
631 524 1002 581 universitatis
1064 523 1311 581 conditae
1365 523 1510 579 nullo
1569 525 1727 580 modo
1787 537 1906 578 eam

321 616 622 690 posuerim.
648 615 704 670 lu
733 616 1090 672 divisionibus
1115 627 1295 675 autem
1328 616 1496 687 ipsius
1521 614 1906 680 universitatis,

325 723 469 782 quae
495 723 600 764 uno
630 717 858 764 naturae
899 707 1217 764 universalis
1241 707 1513 764 vocabulo
1559 707 1910 779 comprehenc

321 796 490 862 ditur,
519 816 625 856 non
655 816 782 864 uno,
809 785 903 856 sed
929 799 1206 869 multiplici
1240 799 1464 855 rationis
1490 799 1685 854 intuitu
1713 814 1912 871 ponen-

321 893 446 948 dam
467 890 730 961 judicavi.
762 891 838 946 Eo
869 908 1103 962 namque
1135 892 1372 952 nomine,
1403 891 1546 961 quod
1577 900 1660 947 est
1691 900 1908 955 natura.

323 996 428 1038 non
476 981 649 1036 solum
696 991 879 1039 creata
924 982 1270 1048 universitas,
1305 997 1487 1036 verum
1532 981 1698 1036 etiam
1739 980 1913 1053 ipsius

322 1072 559 1128 creatrix
585 1072 714 1127 solet
740 1072 1056 1144 signiﬁcari.
1081 1072 1260 1126 Prima
1294 1073 1560 1140 siquidem
1593 1081 1648 1126 et
1673 1072 1912 1129 maxima

323 1163 516 1218 divisio
529 1173 614 1219 est
636 1163 957 1219 universalis
977 1174 1205 1218 naturae
1227 1164 1277 1218 in
1293 1163 1616 1218 creatricem
1645 1163 1913 1218 universi-

325 1256 451 1309 tatis
469 1253 803 1316 conditae,et
825 1265 1064 1308 creatam
1083 1255 1135 1308 in
1161 1254 1270 1323 ipsa
1297 1255 1509 1308 condita
1533 1253 1909 1317 universitate.
1950 1261 1957 1266 '

324 1345 582 1405 nimirum
613 1363 737 1403 cum
767 1338 1030 1403 naturalis
1062 1347 1163 1403 ista
1192 1347 1383 1403 divisio
1418 1348 1471 1402 itt
1496 1347 1748 1403 omnibus
1785 1347 1910 1402 uni-

325 1430 672 1498 versitatibus
705 1442 759 1498 itt
796 1442 1067 1498 inﬁnitum
1107 1441 1448 1497 tmit‘ormiter
1478 1450 1746 1498 servetur.
1775 1439 1910 1496 Nam

325 1533 648 1590 universalis
677 1534 801 1589 boni
828 1533 1002 1611 prium
1027 1533 1196 1602 sectio
1224 1543 1308 1588 est
1355 1533 1408 1588 in
1436 1531 1565 1588 illud
1595 1547 1759 1593 unum
1798 1547 1865 1587 ac
1887 1532 1912 1563 ¹

322 1639 594 1680 summum
658 1625 1100 1681 incommutabile
1143 1638 1264 1697 per
1319 1639 1380 1679 se
1436 1633 1491 1680 et
1551 1622 1912 1679 substantiale

324 1715 633 1781 bonum,ex
656 1699 764 1786 quo
778 1730 938 1770 mune
961 1714 1158 1771 bonum
1183 1723 1385 1778 nutriat,
1400 1726 1454 1768 ct
1469 1713 1521 1769 in
1547 1715 1673 1775 illud
1688 1712 1909 1778 bonum,

322 1803 466 1872 quod
507 1804 926 1876 participatione
962 1805 1158 1860 summi
1207 1816 1262 1860 et
1306 1804 1760 1864 incommutabilis
1786 1804 1908 1860 boni
1942 1791 1987 1854 Β

324 1895 528 1952 bonum
565 1904 672 1950 est.
722 1893 986 1951 Similiter
1023 1896 1348 1952 universalis
1375 1897 1664 1962 essentiae,
1692 1896 1908 1955 univer-

324 1983 459 2038 salis
481 1983 644 2049 vitae,
663 1985 986 2041 universalis
1003 1987 1324 2056 sapientiae.
1347 1987 1667 2043 universalis
1697 1987 1913 2044 virtutis

322 2075 514 2128 cadent
538 2074 854 2146 principalis
888 2066 1082 2130 divisio
1103 2085 1204 2130 est.
1235 2075 1288 2130 In
1319 2077 1404 2132 bis
1430 2073 1573 2133 enim
1609 2078 1913 2148 ceterisque

323 2163 596 2218 similibus
635 2165 813 2236 primo
861 2167 1194 2220 discernitur
1244 2182 1308 2220 ea
1359 2177 1550 2221 natura
1577 2207 1592 2232 ,
1636 2183 1775 2238 quae
1817 2183 1913 2237 per

325 2258 584 2326 seipsam,
623 2273 652 2313 a
683 2258 882 2329 seipse,
923 2258 976 2314 in
1017 2260 1194 2330 scipsa
1241 2274 1368 2314 vere
1408 2268 1464 2315 et
1505 2260 1915 2318 inmmtabiiiter

323 2351 563 2404 essentia
604 2358 708 2413 est.
744 2361 801 2406 et
840 2352 972 2414 vita,
1010 2360 1064 2406 et
1103 2351 1390 2422 sapientia.
1435 2361 1487 2406 ct
1526 2352 1717 2418 virtus,
1751 2353 1820 2408 ab
1847 2367 1912 2410 ea

325 2453 546 2506 natura,
589 2457 730 2512 quae
752 2441 774 2474 ⁸
793 2443 1207 2514 participatione
1229 2445 1424 2500 summi
1451 2445 1574 2501 boni
1591 2456 1684 2502 attt
1705 2457 1912 2505 tantum

325 2541 443 2598 cst;
479 2543 565 2588 aut
589 2545 643 2587 et
678 2542 781 2594 est.
809 2543 862 2588 et
890 2535 1014 2589 vivit
1046 2551 1060 2599 ;
1095 2531 1184 2589 aut
1210 2543 1263 2589 et
1287 2545 1392 2598 est,
1421 2546 1476 2591 ct
1504 2537 1652 2601 vivit,
1676 2549 1728 2593 et
1752 2540 1916 2596 sentit

327 2635 381 2680 ct
418 2625 850 2694 ratiocinatttr‘;
885 2636 977 2680 aut
1028 2641 1082 2683 ct
1105 2628 1130 2660 ⁸
1153 2636 1258 2693 est,
1289 2638 1344 2684 et
1379 2631 1532 2696 vivit,
1569 2639 1622 2684 et
1663 2631 1827 2687 sentit
1861 2625 1919 2686 cf

328 2717 685 2789 ratiocinator
704 2727 760 2772 et
779 2719 920 2789 sapit
942 2718 980 2769 ‘.
1009 2719 1262 2784 Videsne,
1279 2721 1731 2790 quemadmodum
1750 2723 1932 2778 totius

328 2806 708 2862 universitatis
743 2808 997 2863 conditor
1027 2810 1261 2880 primum
1292 2810 1345 2865 in
1386 2809 1741 2866 divisionibus
1775 2805 1917 2866 obti-

329 2907 423 2955 net
453 2897 674 2955 Iocum?
701 2897 810 2954 Nr'c
852 2901 1141 2965 immerito,
1180 2902 1304 2956 dum
1338 2903 1408 2956 sit
1451 2897 1770 2973 principium
1801 2919 1916 2958 om-

330 2989 504 3056 nium,
541 2999 596 3045 et
642 2989 1022 3060 inseparabilis
1066 2994 1134 3046 ab
1176 2993 1325 3049 omni
1372 2993 1707 3057 diversitate,
1750 3011 1914 3064 quant

332 3080 596 3145 condidit,
611 3091 666 3136 et
680 3081 800 3136 sine
824 3097 931 3152 quo
957 3083 1254 3159 subsistere
1281 3085 1562 3140 conditor'
1592 3100 1695 3139 non
1713 3096 1904 3156 potest.

2012 518 2241 576 turaletn
2270 534 2406 580 esse,
2437 527 2492 572 et
2525 515 3056 591 superessentialcm,
3081 522 3138 582 et
3179 528 3343 585 supra
3385 529 3601 570 omnem

2010 614 2199 677 vitam,
2229 621 2287 667 et
2323 609 2665 682 sapientiam.
2705 617 2756 663 et
2801 607 3079 670 virtutem,
3105 613 3160 661 et
3189 619 3354 676 supra
3395 605 3598 667 omnia.

2009 721 2153 778 quae
2176 705 2450 770 dicuntur,
2487 712 2543 756 et
2573 700 2962 771 intelliguntur,
2994 707 3049 755 et
3077 696 3222 753 omni
3247 711 3408 752 sensu
3431 712 3603 766 perci-

2011 799 2252 868 piuutur,
2273 796 2400 850 dum
2431 793 2502 850 sit
2529 792 2724 848 borum
2748 787 2988 844 omnium
3013 785 3338 858 principium
3364 785 3601 850 causale,

2009 899 2065 943 et
2095 887 2332 943 medium
2366 884 2594 956 impletis
2623 878 2933 945 cssentiale,
2963 890 3020 934 et
3046 876 3170 934 linis
3195 887 3603 939 consummatis.

2009 986 2335 1047 omnemque
2357 983 2564 1030 motum
2586 971 2912 1035 stabilitans,
2940 969 3294 1042 quietumque
3321 969 3346 1002 '
3378 968 3604 1034 faciens,

2009 1080 2060 1125 et
2093 1068 2350 1132 ambitus,
2381 1065 2588 1130 omnia,
2619 1077 2760 1136 quae
2786 1071 2912 1120 sunt
2940 1073 2995 1118 et
3027 1078 3168 1133 quae
3191 1077 3296 1118 non
3323 1073 3466 1120 sunt.
3498 1062 3604 1118 cir-

2011 1161 2404 1218 cumscribens.
2427 1160 2571 1216 Dtsc.
2589 1157 2687 1215 llis
2703 1157 2846 1214 altae
2860 1166 3164 1229 cautosque
3179 1157 3608 1213 ratiocinationis

2010 1251 2394 1309 collationibus
2437 1251 2480 1282 "
2528 1251 2759 1307 libenter
2802 1249 2975 1314 cedo,
3021 1265 3088 1305 ac
3135 1248 3461 1304 verisimiles
3509 1263 3609 1303 eas

2012 1345 2274 1417 approbo.
2312 1343 2422 1402 Sed
2463 1344 2774 1415 priusquam
2814 1341 2883 1398 ad
2919 1340 3344 1398 considerandos
3383 1339 3609 1397 eﬂ‘cctus

2013 1439 2447 1512 p‘rimordialium
2487 1452 2802 1502 causarum,
2829 1451 2897 1492 ex
2935 1436 3132 1506 quibus
3161 1435 3396 1491 maxime
3432 1438 3605 1506 prima

2012 1532 2253 1590 omnium
2291 1542 2346 1588 et
2379 1549 2484 1588 una
2519 1532 2559 1565 ⁸⁸
2602 1528 2836 1587 ereatrix
2876 1527 3040 1586 causa
3076 1529 3214 1586 solet
3247 1529 3607 1592 denomiim-i,

2014 1625 2278 1685 accedas.
2333 1625 2582 1682 ordinent
2625 1623 2927 1680 naturalem
2973 1639 3162 1680 earum
3214 1638 3376 1678 nosse
3412 1639 3610 1676 convu-

2016 1715 2097 1772 nit
2133 1733 2146 1770 :
2180 1717 2358 1772 adlmc
2390 1715 2536 1771 enim
2573 1715 2786 1771 mixtim
2825 1713 3244 1788 indistincteque
3275 1713 3612 1769 introductus

2015 1824 2136 1866 esse
2201 1809 2461 1864 arbitror.
2525 1807 2690 1870 Nam.
2775 1806 2829 1862 ni
2893 1805 3083 1872 fallor,
3124 1805 3193 1863 ad
3240 1819 3429 1864 earum
3480 1809 3610 1859 elle-

2013 1913 2307 1977 ctttumque
2337 1917 2558 1957 suorum
2586 1900 2884 1972 perfectam
2916 1899 3164 1956 notitiam
3200 1915 3306 1954 non
3335 1901 3608 1955 mediocre

2013 1994 2272 2066 auxilium
2321 1994 2710 2066 quaerentibus
2761 1992 3092 2064 praestabit,
3143 1991 3191 2048 si
3243 1991 3396 2063 prius
3446 2002 3603 2046 uatu-

2017 2069 2165 2138 ralis-
2191 2082 2344 2145 ordo,
2390 2098 2498 2153 quo
2524 2097 2555 2138 a
2578 2093 2828 2139 creatore
2856 2082 3108 2138 conditae
3135 2090 3283 2144 sunt.
3309 2080 3610 2141 luculenter

2015 2170 2314 2242 patefactus
2348 2170 2531 2227 fuerit.
2562 2170 2703 2228 Μλθ.
2742 2170 3182 2234 Primordia'linm
3208 2186 3494 2227 causarum
3518 2188 3600 2226 se.

2016 2263 2151 2320 rietn
2174 2263 2387 2320 divinae
2420 2264 2799 2336 providentiae
2819 2264 3356 2335 solcrsinvestigatur
3385 2275 3609 2318 sanctus

2016 2355 2303 2428 Dionysius
2336 2355 2660 2429 Areopagita
2687 2355 2740 2413 in
2765 2355 2906 2413 libro
2951 2357 3019 2411 de
3057 2356 3252 2411 divinis
3289 2354 3610 2412 Numinibus

2013 2449 2359 2521 apertissime
2377 2450 2422 2487 "
2443 2437 2726 2522 disposuit.
2755 2448 3019 2510 Summae
3035 2450 3301 2520 siquidem
3326 2450 3602 2511 bonitatis.

2016 2556 2156 2612 quae
2179 2524 2377 2615 nullius
2401 2540 2706 2615 particeps,
2754 2535 3008 2610 Quoniam
3035 2551 3134 2611 per
3153 2555 3215 2596 se
3248 2541 3419 2610 ipsam
3449 2539 3606 2593 boni-

2017 2639 2219 2696 tasest,
2233 2631 2461 2704 pritnam
2478 2631 2820 2688 donationem
2834 2641 2885 2687 et
2908 2631 3381 2703 participationem
3403 2629 3446 2661 ¹³
3460 2646 3608 2684 assc-

2018 2727 2090 2784 rit
2117 2743 2238 2783 esse
2256 2741 2362 2799 per
2381 2743 2441 2783 se
2458 2727 2631 2800 ipsam
2657 2728 2976 2794 bonitatem,
3001 2726 3154 2798 cujus
3170 2729 3608 2799 participatione,

2016 2834 2391 2891 quaecunque,
2409 2818 2599 2875 bona“
2617 2829 2762 2875 sunt.
2781 2819 3013 2890 Ideoque
3033 2835 3129 2893 per
3148 2819 3379 2890 scipsam
3398 2819 3612 2876 bonitas

2018 2915 2237 2981 dicitur,
2256 2916 2379 2986 quia
2403 2930 2502 2985 per
2521 2916 2751 2986 scipsam
2775 2931 3047 2971 summurn
3070 2916 3271 2974 bonum
3295 2914 3605 2985 participat.

2017 3003 2212 3070 Cetera
2225 3006 2370 3062 enim
2393 3006 2532 3062 bona
2552 3023 2656 3061 non
2680 3023 2774 3078 per
2796 3008 2971 3079 seipsa
2993 3022 3264 3062 summum
3287 3015 3337 3062 et
3360 3007 3610 3063 substan-

2021 3098 2147 3153 tiale
2168 3099 2366 3156 bonum
2389 3100 2738 3170 participant,
2761 3100 2853 3154 sed
2871 3115 2969 3173 per
2983 3115 3126 3165 cam,
3144 3115 3285 3172 quae
3309 3107 3392 3155 est
3407 3115 3505 3170 per
3524 3115 3612 3155 se-

329 3171 387 3228 ln
435 3173 556 3246 ipso
592 3173 736 3230 enim
787 3173 1197 3233 imntntabiliter
1254 3185 1311 3232 et
1376 3176 1740 3232 essentialiter
1791 3189 1914 3233 sunt
1943 3159 1989 3220 ί)
2022 3191 2200 3263 ipsam
2216 3159 2412 3246 smnmi
2440 3192 2566 3245 boni
2588 3159 2773 3262 prima
2807 3159 3178 3264 pai‘ticipatio.’
3201 3192 3266 3247 Et
3294 3193 3340 3226 "
3367 3159 3503 3248 haec
3526 3207 3612 3247 re-

329 3268 536 3334 omnia,
564 3277 621 3324 et
661 3267 776 3338 ipse
817 3276 904 3324 est
951 3267 1146 3324 divisio
1195 3279 1251 3327 et
1304 3269 1552 3326 collectio
1595 3269 1918 3326 universalis

327 3368 642 3422 creaturae,
683 3368 734 3414 et
771 3374 963 3431 genus,
996 3368 1052 3415 et
1080 3361 1314 3431 species,
1345 3368 1399 3416 et
1437 3369 1634 3425 totum,
1677 3371 1733 3417 et
1771 3377 1919 3432 pars,

330 3449 458 3507 dum
505 3451 709 3506 iutilius
743 3451 813 3506 sit
848 3451 932 3508 vel
973 3466 1164 3525 genus,
1202 3453 1284 3507 vel
1324 3453 1554 3524 species.
1586 3471 1678 3508 seu
1725 3465 1918 3516 totum.

328 3556 426 3598 seu
457 3557 607 3614 pars,
634 3544 729 3598 sed
756 3543 896 3601 haec
925 3544 1107 3600 omnia
1141 3562 1208 3601 ex
1253 3546 1397 3616 ipso,
1419 3555 1474 3601 et
1510 3547 1562 3601 in
1603 3547 1744 3618 ipso,
1770 3557 1822 3603 et
1853 3549 1920 3602 ad

331 3634 510 3703 ipsum
555 3642 702 3688 sunt.
734 3632 870 3690 Nam
900 3645 953 3690 et
991 3652 1180 3691 manas
1204 3639 1532 3708 principium
1571 3632 1920 3706 numerorum

329 3732 438 3790 est,
464 3725 748 3796 primaque
773 3728 1101 3798 progressio,
1129 3738 1184 3784 et
1213 3730 1281 3784 ab
1312 3743 1375 3784 ea
1397 3732 1638 3785 omnium
1665 3749 1922 3803 numero-

335 3829 456 3870 rutn
506 3814 788 3886 pluralitas
811 3817 1066 3884 inchoat,
1089 3822 1495 3890 cer-undemque
1527 3823 1729 3877 reditus
1759 3836 1924 3893 atque

332 3907 588 3967 collectio
653 3910 706 3966 in
770 3925 836 3966 ea
891 3923 1322 3968 consummatur.
1387 3913 1666 3985 Siquidem
1729 3931 1924 3974 outnes

333 4001 549 4058 numeri
576 4003 958 4060 tmiversalite‘r
975 4015 1032 4060 et
1065 4005 1582 4062 incommutabiliter
1611 4009 1662 4067 in
1695 4015 1924 4069 monade

332 4093 659 4158 subsistunt,
695 4087 768 4150 et.
792 4095 846 4150 in
893 4096 1144 4149 omnibus
1164 4096 1250 4150 eis
1281 4107 1452 4153 totum
1480 4107 1536 4154 et
1565 4116 1692 4168 pars
1719 4112 1824 4165 est,
1869 4113 1927 4161 et

334 4185 504 4240 totius
545 4185 830 4242 divisionis
861 4186 1245 4260 primordium,
1285 4190 1412 4244 dum
1437 4191 1508 4245 sit
1532 4192 1647 4262 ipsa
1671 4194 1725 4249 in
1745 4197 1921 4268 scipsa

333 4291 515 4348 neque
548 4291 808 4334 numerus
854 4283 1026 4349 neque
1059 4295 1186 4351 pars
1227 4281 1366 4352 ejus.
1413 4283 1615 4339 Eadem
1659 4288 1797 4342 ratio
1839 4298 1924 4346 est

334 4368 510 4422 centri
540 4367 594 4423 in
619 4369 822 4426 circulo
844 4387 939 4427 seu
969 4373 1226 4442 spitaera,
1254 4374 1388 4446 signi
1418 4377 1470 4430 in
1521 4375 1923 4452 ligura.‘puueti

336 4457 389 4512 in
430 4455 594 4512 linea.
642 4456 775 4512 Cum
813 4459 978 4532 igitur
1011 4463 1174 4516 totius
1203 4463 1575 4520 universitaris
1617 4470 1811 4524 divisio
1855 4472 1924 4527 ab

338 4548 509 4618 ipsius
560 4565 724 4607 causa
766 4559 822 4607 et
870 4555 1132 4609 creati-ica
1178 4555 1424 4627 incipiat,
1455 4573 1560 4613 nun
1596 4577 1716 4615 eam
1764 4563 1924 4620 veluti

336 4643 566 4714 primam
593 4657 801 4714 partem
830 4646 911 4700 vel
938 4641 1174 4716 speciem
1202 4648 1463 4706 debemus
1483 4652 1801 4724 intelligere,
1831 4657 1922 4713 sed

336 4737 408 4794 ab
442 4750 510 4794 ea
545 4751 763 4796 omnem
794 4738 1114 4797 divisionem
1151 4752 1205 4797 ct
1254 4745 1602 4813 partitionem
1641 4749 1921 4820 inchoare,

338 4829 594 4900 quoniam
643 4829 825 4892 omnis
879 4833 1248 4890 universitatis
1302 4837 1626 4914 principium
1678 4853 1805 4908 est,
1864 4853 1925 4902 et

341 4921 599 4986 medium,
626 4929 683 4979 et
707 4922 846 4978 linis.
880 4921 945 4980 Et
967 4923 1094 4980 dum
1119 4926 1252 4982 baec
1280 4929 1345 4982 de
1371 4945 1432 4983 ea
1457 4937 1513 4984 et
1544 4932 1929 5001 praedicantur

340 5019 394 5066 et
423 5011 824 5084 intelliguntur,
864 5015 967 5071 hoc
1000 5025 1112 5080 est,
1143 5017 1269 5072 dum
1307 5020 1360 5074 in
1395 5020 1755 5080 divisionibus
1801 5026 1924 5081 uni-

344 5102 660 5158 versitatum
685 5103 916 5174 primum
949 5104 1123 5161 locum
1154 5109 1423 5175 obtineat,
1454 5127 1616 5169 nemo
1638 5125 1818 5172 tamen
1843 5128 1929 5174 est

343 5193 429 5263 pie
452 5193 788 5250 credentium
818 5205 874 5251 ct
899 5196 1183 5253 veritatem
1220 5199 1651 5273 intelligentiam,
1687 5206 1778 5276 qui
1819 5223 1925 5263 non

343 5286 621 5354 continuo,
655 5287 861 5380 absque
900 5287 1005 5344 ulla
1048 5291 1392 5348 cunctatione
1429 5295 1721 5362 exclamet,
1763 5299 1927 5354 totius

2019 3283 2142 3356 gula
2166 3284 2219 3337 itt
2236 3284 2484 3339 omnibus
2501 3272 2939 3353 primordialibus
2959 3279 3502 3344 cauSiS-uuit‘urmiter
3517 3286 3608 3340 ob-

2021 3384 2292 3438 servatur,
2324 3375 2428 3429 hoc
2459 3383 2564 3437 est,
2592 3373 2733 3445 quod
2774 3390 2870 3446 per.
2892 3391 2951 3430 se
2977 3377 3126 3448 ipsas
3170 3375 3617 3447 participationes

2021 3465 2346 3536 principales
2360 3475 2488 3522 sunt
2509 3466 2668 3522 unius
2686 3465 2927 3521 omnium
2950 3464 3170 3531 causae,
3188 3481 3329 3537 quae
3347 3468 3489 3522 Deus
3506 3474 3630 3528 cata

2021 3557 2284 3624 Quoniam
2311 3573 2438 3614 vero
2464 3574 2710 3615 summae
2733 3575 2985 3618 ac.vet'ae
3019 3569 3248 3620 naturae
3280 3561 3453 3632 prima
3485 3575 3620 3618 con-

2020 3648 2278 3705 sideratio
2297 3659 2403 3714 est,
2426 3666 2531 3722 qua
2555 3651 2873 3724 intelligitur
2892 3669 3104 3709 summa
3128 3671 3192 3711 ac.
3220 3670 3348 3710 vera
3375 3654 3616 3721 bonitas,

2019 3742 2256 3798 secunda
2276 3758 2425 3807 vero,
2449 3760 2552 3814 qua
2569 3744 2886 3820 intciligitur
2901 3762 3112 3802 summa
3128 3763 3191 3818 ac
3209 3763 3333 3802 vera
3351 3747 3611 3811 essentia.
3662 3807 3666 3811 ,

2021 3833 2213 3904 nec."
2265 3834 2538 3891 immerito
2577 3836 3031 3908 primordialium
3080 3854 3366 3894 musarum
3423 3854 3622 3896 secun-

2022 3928 2147 3984 dum
2164 3922 2342 3985 locum
2351 3929 2555 3985 obtinet
2569 3945 2666 4003 per
2676 3930 2906 4002 seipsam
2917 3932 3322 4004 .essentia,quae
3335 3949 3456 3989 cum
3470 3950 3619 3990 sum~

2023 4035 2145 4076 mae
2167 4034 2233 4076 ac
2253 4033 2415 4076 verae
2436 4022 2706 4078 essctttiae
2731 4023 2904 4094 prima
2929 4022 3274 4096 participatio
3294 4025 3388 4090 sit,
3409 4027 3613 4089 omnia,

2023 4125 2163 4183 quae
2186 4119 2308 4184 post.
2334 4126 2394 4167 se
2423 4121 2571 4175 sunt.
2596 4128 2692 4168 sua
2719 4115 3139 4185 participatione
3165 4115 3437 4188 accipiunt
3462 4131 3610 4183 esse.

2023 4218 2090 4260 ac
2115 4219 2211 4273 per
2236 4204 2339 4260 boc
2372 4220 2479 4262 non
2509 4204 2686 4260 solum
2715 4207 2880 4269 bona,
2911 4221 3098 4262 verum
3126 4206 3292 4266 etiam
3323 4208 3618 4264 existentia

2023 4304 2176 4360 sunt,
2208 4295 2367 4351 tertia
2392 4295 2606 4352 divinae
2633 4305 2860 4352 naturae
2891 4297 3120 4355 intentio
3147 4309 3250 4363 est,
3281 4315 3388 4370 qua
3418 4298 3618 4354 intelli-

2023 4385 2171 4457 gitur
2209 4401 2421 4440 summa
2455 4401 2692 4457 veraque
2732 4387 2863 4451 vita,
2914 4389 3145 4464 ideoque
3195 4390 3352 4446 tertia
3403 4390 3456 4457 in
3504 4392 3618 4462 pri-

2007 4479 2381 4548 mordialibus
2417 4481 2599 4534 causis
2638 4496 2736 4551 per
2773 4482 3008 4552 seipsam
3041 4482 3146 4540 vita
3170 4497 3616 4549 connumeratur,

2031 4584 2172 4642 quae
2213 4585 2462 4625 summae
2493 4587 2560 4626 ac
2605 4587 2766 4626 verae
2809 4573 2948 4628 vitae
2987 4577 3160 4646 prima
3188 4592 3284 4647 per
3313 4592 3371 4632 se
3397 4577 3620 4650 partici-

2030 4661 2180 4732 patio
2201 4661 2527 4724 subsistens,
2549 4671 2607 4717 ttt
2627 4665 2809 4719 omnia
2842 4676 2963 4734 post
2989 4682 3109 4720 eam
3143 4667 3373 4725 viventia
3398 4669 3617 4738 partici-

2029 4751 2254 4831 potione
2287 4751 2404 4822 ejus
2435 4753 2701 4818 viverent,
2725 4767 2910 4813 creata
2937 4765 3022 4812 est
3052 4774 3064 4810 τ
3107 4757 3232 4815 biuc
3255 4759 3544 4814 conﬁcitur
3562 4772 3622 4817 et

2029 4840 2195 4907 bons,
2212 4851 2268 4898 et
2286 4842 2326 4874 "
2340 4843 2652 4909 existentia,
2673 4851 2730 4901 et
2752 4844 2988 4902 viventia
3007 4861 3151 4902 esse.
3173 4846 3426 4916 Ejusdem
3452 4856 3614 4905 natu-

2029 4948 2126 4991 rae
2138 4942 2327 5004 quarta
2345 4934 2578 5000 tlteoria,
2593 4951 2697 5006 qua
2721 4950 2932 4991 summa
2953 4952 3019 4992 ac
3041 4953 3168 4993 vera
3183 4940 3322 4994 ratio
3335 4940 3619 5011 cognosci-

2031 5035 2138 5081 tur.
2155 5024 2291 5090 Hinc
2304 5025 2628 5096 perspicitur
2640 5029 2891 5099 quartam
2912 5029 2954 5062 ¹³
2968 5028 3109 5084 inter
3131 5030 3508 5104 primordiales
3523 5045 3622 5104 per

2031 5131 2090 5172 se
2143 5116 2317 5188 ipsam
2349 5117 2490 5174 ratio
2522 5117 2842 5184 sessionem,
2899 5119 3238 5194 primamque
3286 5140 3529 5181 summae
3555 5141 3622 5181 ac

2031 5222 2192 5262 verae
2231 5208 2458 5263 rationis
2502 5209 2998 5282 participationem,
3027 5216 3378 5283 oumimnquc
3409 5226 3527 5286 post
3555 5233 3616 5272 se

2031 5297 2472 5366 rationabiliutu,
2534 5301 2636 5357 boc
2697 5312 2822 5364 cst,
2882 5304 3110 5360 rationis
3166 5307 3610 5380 participautium

1614 5404 1864 5462 VAliiAE
1905 5406 2287 5462 LECTIONES

412 5579 431 5614 ⁸
466 5577 908 5652 ὒᾼωωιιωμων.
944 5651 950 5652 ί
987 5579 1007 5611 ’
1045 5579 1088 5634 A
1118 5591 1185 5634 et.
1261 5575 1288 5614 ⁸
1323 5576 1366 5633 C
1392 5595 1519 5652 qua.
1561 5577 1618 5652 Αδ
1657 5583 1930 5652 present“
1953 5591 2001 5631 ε.
2035 5594 2076 5652 r.
2111 5580 2149 5629 Α
2175 5579 2349 5652 μηρία.
2427 5577 2449 5609 ⁸
2486 5590 2533 5635 et
2555 5593 2664 5652 om.
2689 5579 2758 5636 Α.
2831 5581 2853 5612 ⁸
2893 5582 3167 5636 Ptoscun';
3195 5595 3245 5638 ei
3272 5554 3626 5652 ratiocinator

333 5665 384 5707 et
410 5650 552 5777 sapit
577 5651 625 5707 Α
658 5650 794 5724 sapit
824 5659 882 5708 et
907 5651 1141 5706 virtutem
1170 5650 1472 5724 participat.

333 5719 468 5777 locat
495 5718 702 5777 ortibus.
780 5722 817 5753 ”
857 5733 907 5777 et
949 5738 1053 5774 no.1
1099 5737 1206 5775 om.
1247 5724 1307 5774 Α.
1387 5725 1428 5754 ²³
1470 5767 1472 5774 λ

331 5718 732 5778 Ιοωῑίοηίὺιωᾘ
780 5722 817 5753 ⁸⁸
857 5733 907 5777 et
949 5738 1053 5774 τινα
1099 5718 1206 5775 orn.
1247 5724 1307 5774 .-\.

1551 5649 1570 5683 ⁷
1610 5648 1853 5705 conditor
1877 5663 1990 5704 om.
2023 5648 2090 5703 Α.
2168 5650 2191 5679 ⁸

1387 5725 1428 5754 ³³
1470 5724 1508 5777 Α
1555 5715 1853 5787 aptissime.
1924 5719 1974 5753 ⁸⁸
2009 5722 2053 5774 Δ
2081 5720 2442 5791 put-titionem.

2295 5665 2513 5707 causam
2545 5650 2727 5706 totius.

2803 5655 2824 5689 ⁸
2863 5654 2907 5708 Α
2927 5669 3297 5723 «tuamnnan.
3355 5654 3417 5693 -“‘
3445 5657 3484 5706 Δ
3509 5650 3623 5723 eol-

2525 5720 2566 5754 “
2605 5724 2772 5778 curia.

2853 5725 2895 5757 ³⁸
2935 5723 3007 5785 Et
3044 5739 3153 5780 0m.
3191 5721 3258 5779 Α.
3341 5725 3378 5754 ³³
3423 5723 3458 5778 C
3496 5721 3622 5780 Non

339 5787 637 5852 inmerito.
716 5782 768 5824 δ”
797 5804 840 5847 et
865 5808 971 5850 om.
1013 5791 1073 5848 (Ξ.
1153 5795 1196 5824 ⁸⁸
1235 5793 1271 5849 (⁸
1304 5790 1438 5848 Hinc
1479 5804 1552 5851 est
1581 5782 1720 5863 quod
1747 5801 1992 5864 quartam
2022 5782 2092 5867 (A'
2113 5801 2346 5882 qaut-ta).
