4230 6068
528 209 639 274 επ

1877 212 2160 276 mmsis
2198 168 2391 277 scort

3676 223 3784 279 σαι

528 322 805 394 possidere
867 320 887 357 ⁸
941 321 1255 396 primordia.
1331 324 1555 381 Divisae
1616 320 1844 400 naturae
1918 329 2182 401 quintaA
2210 330 2482 387 Creatoris
2525 332 2607 388 sui
2641 332 2990 393 voluntatem.
3020 333 3086 392 Et
3115 300 3445 405 notandum,
3477 343 3620 408 quod
3647 339 3781 393 ordo

527 412 734 469 tiu-aria
779 413 1085 479 in‘suntma
1132 430 1198 470 ac
1242 429 1369 472 vera
1418 417 1768 490 intelligentia
1818 432 2101 490 versatur;

527 505 832 561 intellectus
874 505 1020 562 enim
1068 516 1149 561 est
1195 507 1502 577 intelligens
1543 512 1746 575 omnia,
1792 513 2105 583 priusquam

525 598 682 651 tiam.
725 593 804 651 Ac
848 610 944 667 per
971 597 1074 651 hoc
1120 599 1311 667 quinta
1350 600 1401 653 in
1436 599 1627 654 ordine
1674 602 2103 671 primordialium

521 686 873 760 cognoscitur
896 703 995 760 per
1019 690 1254 760 seipsam
1286 690 1634 763 intelligentia
1665 693 1710 759 ’,
1748 696 1903 765 cujus
1927 695 1948 728 ³
1987 711 2109 766 par-

525 779 844 853 ticipatione
890 779 1219 853 intelligunt,
1264 795 1621 853 quaecunque
1648 782 1953 857 intelligunt
1978 786 2020 845 ⁴,
2050 794 2106 839 et

523 872 833 929 intellectus
868 879 1025 936 sunt;
1062 874 1177 942 ipsa
1209 886 1338 925 vero
1372 872 1544 943 pritua
1569 864 1912 946 participatio
1956 893 2105 930 sum-

526 978 649 1020 mae
674 960 739 1019 ac
759 978 915 1019 verae
937 964 1321 1039 intelligentiae
1344 966 1561 1021 condita
1651 976 1755 1023 est.
1783 966 1947 1023 Sexta
1973 986 2105 1024 con-

526 1053 804 1125 templatio
824 1054 1036 1109 divinae
1057 1038 1284 1110 natutae
1304 1056 1357 1109 in
1382 1071 1507 1111 vera
1529 1072 1846 1129 summaque
1888 1060 2103 1128 sapien-

527 1144 599 1199 tia
621 1145 991 1199 constituitur.
1026 1144 1160 1199 Iliae
1184 1160 1290 1200 non
1319 1146 1591 1202 intnterito
1620 1148 1761 1203 inter
1783 1149 2104 1218 primordia-

519 1233 601 1291 les
621 1250 815 1290 rattsas
843 1221 999 1290 sexto
1031 1235 1149 1290 loco
1175 1251 1272 1305 per
1301 1236 1531 1307 seipsam
1559 1241 1824 1310 sapientia
1868 1241 2099 1295 collora-

522 1343 631 1395 tur,
667 1344 815 1401 quae
841 1331 1012 1403 prima
1060 1333 1405 1403 participatio
1442 1342 1525 1388 est
1570 1348 1815 1389 summae
1846 1351 1910 1390 ac
1941 1350 2100 1391 verae

518 1420 836 1491 sapientiae,
885 1414 1303 1492 participatitme
1337 1439 1467 1480 vero
1493 1424 1574 1479 sui
1603 1426 1854 1482 omnibus
1894 1436 2015 1498 post
2040 1442 2101 1483 se

515 1511 855 1582 sapientibus
868 1512 1287 1584 sapiendi‘causa
1319 1526 1501 1570 creata
1529 1527 1632 1571 est.
1662 1515 1836 1572 Verae
1861 1532 1925 1572 ac
1952 1533 2104 1573 sunt-

516 1615 643 1659 mae
687 1614 911 1659 naturae
938 1604 960 1637 '
989 1607 1216 1674 septima
1241 1607 1625 1677 contemplatio
1644 1615 1903 1678 est,qnae
1920 1608 2101 1664 consi—

2209 424 2309 479 iste
2336 422 2766 495 pritnordialium
2797 441 3103 491 causarum.
3131 442 3293 499 quem
3324 446 3353 483 a
3380 443 3465 484 me
3496 430 3690 499 exigis,
3715 430 3782 483 ad

2205 523 2413 571 certum
2447 516 2827 585 progrediendi
2853 517 3071 573 modum
3100 518 3379 575 ineonluse
3405 519 3639 573 discerni
3674 529 3782 571 non

2206 604 2259 657 itt
2292 604 2439 675 ipsis,
2469 606 2561 661 sed
2584 606 2641 659 in
2671 606 2896 669 tttcoria,
2940 606 3048 663 hoc
3093 618 3198 670 est,
3245 607 3299 662 itt
3337 607 3550 661 animae
3579 605 3625 638 ¹⁶
3652 620 3778 662 con-

2206 696 2343 749 tuitu
2373 699 2686 766 quaerentis
2718 712 2811 752 eas
2842 697 2882 730 ιτ
2904 737 2921 761 ,
2965 713 3282 768 earumque,
3312 708 3571 768 quantum
3597 696 3780 761 datur,

2205 788 2452 858 notitiam
2475 787 2527 841 in
2550 788 2725 859 seipso
2749 787 3783 859 concipientis,eatnqne'quodammodo

2204 878 2507 934 ordinantis
2543 882 2870 934 constitutus
2906 881 2998 942 sit,
3038 890 3097 935 ut
3123 883 3191 936 de
3215 881 3296 937 eis
3324 890 3530 936 certum
3578 880 3784 951 aliquid

2205 983 2450 1038 puraque
2491 969 2841 1040 intelligentia
2881 968 3161 1025 definitum
3202 971 3552 1041 pronuntiare
3586 968 3779 1041 possit.

2201 1057 2354 1127 ipsae
2378 1058 2644 1128 siquidem
2675 1060 2882 1130 primat:
2919 1074 3115 1115 causae
3143 1060 3196 1114 in
3223 1062 3415 1133 seipsis
3442 1077 3607 1134 unum
3632 1070 3779 1127 sunt,

2203 1159 2258 1203 et
2282 1148 2574 1219 simplices,
2607 1148 2845 1218 nullique
2868 1152 3085 1222 cognito
3112 1152 3305 1207 ordine
3329 1153 3602 1219 delinitae,
3630 1161 3723 1207 aut
3745 1169 3782 1207 ει

2202 1253 2262 1295 se
2294 1238 2522 1295 invicem
2549 1253 2894 1312 segrt-gatae;
2942 1243 3045 1297 hoc
3092 1242 3237 1297 enim
3264 1245 3328 1300 in
3347 1243 3629 1300 emat-tibus
3666 1245 3783 1301 suis

2202 1330 2483 1401 patiuntur
2506 1331 2569 1384 ⁸⁸.
2599 1329 2666 1386 Ει
2688 1332 2830 1386 sicut
2851 1332 2904 1387 itt
2935 1332 3191 1398 t‘nonade,
3210 1335 3336 1394 dum
3354 1349 3547 1402 onntes
3568 1336 3779 1391 numeri

2201 1419 2314 1475 Sola
2368 1419 2578 1476 ratione
2616 1420 2937 1487 subsistunt,
2986 1422 3165 1477 nullus
3206 1432 3387 1491 tamen
3430 1438 3684 1479 numerus
3713 1425 3780 1478 ab

2201 1509 2310 1563 alio
2334 1509 2939 1576 numerodiscernitur;
2977 1528 3141 1566 unum
3187 1515 3331 1574 enim
3369 1524 3517 1580 sunt,
3559 1525 3614 1569 et
3645 1515 3778 1571 sint-

2203 1601 2327 1672 ple:
2380 1619 2567 1669 unum,
2619 1613 2673 1659 et
2717 1617 2821 1657 non
2863 1619 2930 1659 ex
2963 1598 3149 1659 multis
3196 1596 3551 1675 compositum
3586 1622 3772 1667 unum.

517 1689 673 1748 derat
715 1706 982 1750 summam
1023 1694 1274 1764 ipsiusac
1320 1710 1502 1750 veram
1558 1695 1835 1751 virtutem.
1877 1696 1960 1754 Ac
2000 1713 2098 1768 per
2126 1701 2172 1760 B
2200 1694 2465 1767 siquidem
2491 1711 2556 1750 ex
2583 1696 2811 1750 monade
2833 1696 3008 1750 onmis
3033 1696 3780 1775 numerorummultiplicatio

517 1783 623 1864 hoc
644 1798 742 1853 per
767 1783 1001 1861 seipsam
1026 1784 1200 1840 virtus
1225 1786 1366 1841 inter
1386 1786 1767 1858 primordiales
1806 1789 2094 1859 septimam

514 1877 703 1934 sedem
750 1888 996 1951 occupat,
1046 1888 1104 1934 et
1144 1888 1231 1935 est
1263 1879 1439 1950 prima
1477 1880 1822 1952 participatio
1849 1896 2096 1939 summae

514 1984 581 2024 ac
630 1983 791 2027 verae
838 1971 1084 2036 virtutis;
1131 1980 1348 2027 ceterae
1384 1987 1513 2028 vero
1540 1981 1665 2043 post
1689 1988 1809 2027 eam
1839 1973 2094 2045 virtutum

513 2047 725 2132 species
767 2063 1208 2137 participatioaes
1236 2063 1404 2134 ipsius
1428 2063 1453 2096 τ
1492 2074 1636 2119 sunt.
1672 2063 1912 2120 Octavus
1942 2066 2096 2120 theo-

514 2153 632 2209 riae
655 2156 858 2226 gradus
880 2164 985 2222 εει,
1016 2154 1068 2210 in
1092 2169 1383 2225 quontens
1408 2171 1543 2228 pura
1575 2172 1785 2212 summa
1809 2170 2048 2225 veraque
2071 2155 2093 2188 ⁸
2137 2216 2149 2231 ,

513 2245 727 2302 divinae
756 2245 982 2304 naturae
1020 2247 1407 2303 beatitudinem
1432 2247 1693 2315 intuetur.
1716 2245 1882 2316 Cujus
1913 2248 2091 2319 prima

512 2338 859 2410 participatio
878 2348 967 2395 est
991 2338 1012 2370 '
1037 2338 1135 2410 per
1172 2353 1234 2394 se
1253 2336 1551 2402 beatitudo,
1576 2354 1737 2409 quam
1761 2338 1924 2394 veluti
1952 2349 2097 2393 octa-

514 2441 640 2482 vam
676 2427 1106 2498 pritnordialinm
1150 2428 1501 2499 participant,
1540 2425 1811 2496 beataqne
1853 2437 1978 2482 sunt
2024 2427 2093 2494 ⁸ο,

513 2514 869 2588 quaecunque
909 2525 1033 2591 post
1055 2531 1115 2575 se
1146 2516 1301 2572 beata
1331 2523 1479 2582 sunt,
1510 2515 1712 2571 omnia.
1741 2514 1890 2571 Nona
1922 2516 1975 2570 in
2002 2532 2096 2571 or-

511 2606 671 2663 dine-
707 2607 911 2664 tlteoria
956 2607 1172 2662 divinae
1216 2620 1282 2660 ac
1330 2618 1573 2661 summac
1619 2605 1886 2670 veritatis,
1941 2604 2094 2675 cujus

511 2699 685 2768 prima
729 2697 1078 2772 participatio
1118 2705 1205 2752 est
1233 2696 1276 2731 ¹²
1303 2710 1400 2765 per
1426 2697 1660 2764 scipsam
1715 2695 1935 2761 veritas,
1970 2705 2092 2767 post

510 2804 672 2859 quam
716 2799 774 2844 et
813 2803 911 2859 per
951 2804 1112 2858 quam
1158 2787 1312 2858 quasi
1360 2786 1788 2857 primordialium
1817 2800 2012 2840 nonam
2047 2787 2090 2818 ⁸³

509 2895 637 2937 vera
686 2891 829 2941 sunt,
870 2896 1226 2952 quaecunque
1263 2895 1389 2934 vera
1432 2891 1579 2943 sunt,
1631 2879 1833 2935 omnia.
1876 2881 2092 2936 Decima

506 2974 730 3045 ponitur
754 2987 852 3044 per
875 2974 1108 3042 seipsam
1138 2972 1453 3037 aeternitas,
1488 2986 1632 3041 quae
1660 2971 1833 3040 prima
1866 2971 2089 3041 partici-

2198 1788 2542 1856 progreditnr
2578 1788 2637 1843 in
2668 1790 2960 1855 intinitum,
2994 1807 3098 1847 non
3124 1802 3305 1848 autem
3340 1808 3528 1848 manas
3546 1807 3615 1847 ex
3644 1791 3770 1867 tnui-

2198 1880 2471 1949 tiplicibtts
2494 1891 2550 1934 et
2577 1896 2609 1936 a
2634 1896 2693 1938 se
2721 1884 3192 1955 progredientibus
3242 1889 3483 1943 numeris
3521 1887 3683 1942 veluti
3726 1888 3778 1943 in

2196 1970 2662 2029 unum'collectis
2716 1974 3005 2029 coniicitur
3045 1992 3059 2029 :
3109 1976 3358 2031 similiter
3406 1976 3782 2046 primordialcs

2196 2073 2415 2123 causae,
2447 2062 2576 2116 dum
2616 2059 2668 2116 in
2707 2064 2975 2135 principio
3002 2067 3268 2131 omnium,
3304 2068 3354 2121 in
3388 2067 3562 2123 Verbo
3591 2067 3779 2123 videli-

2194 2158 2282 2206 cet
2314 2151 2405 2206 Dei
2432 2154 2706 2223 unigenito
2734 2156 2800 2219 ³⁹,
2834 2156 3164 2211 substitutae
3192 2159 3581 2230 intelliguntur,
3614 2174 3777 2214 unutu

2193 2242 2421 2313 simplex
2449 2253 2613 2314 atque
2637 2246 2971 2302 individuum
2998 2259 3142 2315 sunt,
3176 2250 3302 2307 dum
3327 2265 3454 2306 vero
3477 2250 3530 2305 in
3556 2249 3777 2307 elleetns

2193 2346 2323 2388 suos
2362 2332 2414 2387 in
2462 2335 2732 2391 inliuitntn
2769 2339 3157 2409 multiplicatos
3184 2343 3500 2413 procedunt,
3531 2357 3777 2400 numero-

2193 2435 2310 2477 sam
2350 2424 2764 2496 ordinatatnque
2806 2428 2889 2484 sui
2930 2431 3293 2506 pluralitateru
3333 2433 3771 2504 recipiunt,’non

2191 2512 2317 2582 quia
2343 2528 2506 2570 causa
2528 2516 2769 2577 omnium
2795 2519 2929 2578 ordo
2956 2532 3060 2575 ttOn
3084 2521 3156 2576 sit
3184 2520 3264 2576 vel
3293 2521 3580 2585 ordinatio,
3610 2521 3694 2577 vel
3723 2522 3772 2555 "

2190 2619 2291 2675 per
2339 2606 2574 2676 seipsam
2622 2608 2900 2664 ordinatio
2928 2608 2980 2665 iu
3018 2611 3298 2682 principiis
3326 2627 3508 2668 rerum
3537 2628 3644 2667 non
3662 2628 3773 2668 .nu-
3813 2649 3819 2653 -

2192 2705 2453 2761 meretur,
2498 2711 2620 2755 cum
2645 2713 2805 2754 omne
2831 2700 3136 2767 ordinatum
3166 2704 3574 2775 participatione
3604 2704 3775 2776 ipsius

2190 2786 2264 2842 sit
2304 2788 2645 2856 ordinatum;
2692 2792 2786 2845 sed
2818 2792 2944 2862 quia
2977 2794 3154 2850 omnis
3174 2798 3309 2851 ordo
3337 2796 3391 2851 in
3413 2812 3624 2854 summa
3652 2798 3774 2854 om4

2189 2878 2339 2934 niutu
2386 2891 2660 2946 causa,et
2685 2883 2738 2936 in
2773 2884 2944 2953 ipsius
2967 2886 3139 2954 prima
3185 2886 3775 2957 participatioueunus

2193 2986 2257 3028 ac
2282 2971 2509 3043 simplex
2538 2984 2640 3039 est,
2674 2976 2943 3046 nullisque
2965 2976 3284 3034 dill‘erentiis
3311 2979 3656 3045 discernitur,
3680 2980 3775 3038 ubi

507 3066 656 3141 patio
675 3075 761 3123 est
788 3080 1036 3121 snnnnae
1063 3079 1129 3121 ac
1156 3078 1319 3120 verae
1338 3064 2087 3135 aeternitatis,ctpostquam
2118 3061 2162 3121 C
2194 3075 2382 3119 omnes
2424 3065 2643 3119 ordines
2668 3083 2697 3119 a
2731 3067 2925 3137 seipsis
2975 3083 3078 3122 non
3126 3070 3457 3142 discrepant,
3508 3071 3768 3144 quoniam

505 3168 568 3215 et
612 3173 712 3231 per
766 3173 928 3229 quam
985 3166 1209 3212 aeterna
1259 3166 1413 3218 sunt,
1468 3171 1819 3227 quaecunque
1869 3150 2086 3215 aeterna

507 3259 637 3305 sunt
666 3246 738 3313 ”,
765 3247 970 3303 onmia.
1004 3245 1205 3303 Eadem
1230 3246 1367 3303 ratio
1388 3258 1472 3303 est
1510 3237 1579 3302 do
1602 3248 1987 3323 magnitudine,
2022 3249 2089 3305 de

509 3352 697 3394 arnore
741 3346 798 3393 et
844 3352 998 3410 pace,
1051 3337 1118 3392 de
1148 3336 1353 3394 unitate
1382 3346 1439 3394 et
1467 3337 1827 3409 perfectione;
1867 3354 1963 3409 per
1991 3340 2088 3395 bas

507 3429 658 3487 enim
700 3426 1077 3501 primortliales
1121 3442 1313 3484 causas
1348 3444 1382 3482 a
1417 3444 1625 3484 summa
1653 3430 1895 3513 otnnitpn
1924 3446 2087 3486 causa

508 3518 865 3584 descendunt,
898 3533 1255 3589 quaecunque
1292 3520 1691 3591 magnitudinis,
1732 3521 1954 3586 amoris,
1988 3538 2087 3592 pa-

505 3611 608 3678 eis,
644 3610 890 3675 unitatis,
944 3611 1292 3681 perfectionis
1335 3612 1712 3684 participanlia
1754 3623 1899 3669 sunt.
1933 3615 2085 3670 Sulli-

505 3703 658 3759 einnt
687 3696 843 3769 haec,
866 3710 925 3757 ut
952 3703 1208 3768 arbitror,
1244 3705 1311 3758 ad
1338 3718 1424 3769 ea,
1454 3718 1595 3773 quae
1622 3705 1886 3781 volumus,
1917 3707 2090 3761 mani-

506 3792 785 3851 festautla.
818 3792 1103 3850 Praedicta
1141 3795 1407 3864 siquidem
1434 3796 1637 3851 tlteoria
1664 3789 2006 3853 unifortniter
2028 3800 2083 3853 in

503 3883 762 3941 omnibus
803 3899 987 3940 rerum
1040 3884 1280 3938 euntium
1331 3886 1655 3956 principiis.
1714 3887 1767 3942 in
1815 3888 2114 3943 infinitum.

502 3975 993 4049 progredientibus,
1016 3974 1212 4030 mentis
1228 3975 1509 4031 obtutibus
1529 3975 1865 4043 deiformiter'
1881 3977 2088 4035 arridet

504 4066 727 4137 ubique,
779 4066 894 4121 sive
929 4067 983 4120 in
1023 4066 1132 4130 liis,
1160 4082 1298 4136 quae
1327 4077 1381 4121 et
1409 4065 1455 4099 “
1485 4067 1704 4139 intelligi
1734 4078 1789 4124 et
1815 4068 2083 4127 nominari

503 4167 750 4231 possunt,
780 4158 897 4214 sive
918 4158 971 4212 in
1001 4158 1107 4223 bis.
1135 4173 1278 4228 quae
1311 4157 1427 4215 solo
1466 4158 1739 4214 intellectu
1779 4160 2088 4231 percipiun-

505 4260 614 4314 tur,
666 4246 1154 4320 significotionibus
1179 4259 1358 4304 tamen
1401 4249 1677 4315 deﬁciunt,
1726 4252 1841 4308 sive
1877 4250 1930 4308 in
1975 4253 2079 4316 llis,

499 4356 642 4411 quae
677 4357 779 4401 nec
814 4339 1087 4396 intellectu
1126 4341 1670 4411 totttpreltetttlutttttr,
1705 4358 1805 4397 nec
1836 4342 2083 4396 nomina-

2181 3169 2357 3213 ,unum
2391 3154 2747 3226 inseparabile
2778 3166 2926 3220 sunt,
2966 3157 3107 3215 unde
3135 3175 3317 3215 rerum
3360 3163 3600 3219 omnium
3639 3163 3777 3221 mulo

2192 3244 2354 3314 tiplex
2399 3248 2535 3301 ordo
2578 3249 2875 3304 descendit.
2921 3247 3068 3307 Ordo
3110 3250 3295 3324 itaque
3328 3255 3775 3325 ‘pritnordialium
3826 3275 3841 3285 ‘

2189 3350 2475 3390 causarum
2498 3334 2652 3407 juxta
2678 3340 3096 3408 eontetnplantis
3124 3340 3291 3398 animi
3322 3345 3607 3403 arbitrium
3642 3365 3774 3407 con-

2187 3428 2459 3490 stituitur,
2512 3428 2565 3484 in
2610 3440 2871 3499 quantum
2926 3445 3112 3486 earum
3159 3433 3396 3505 cognitio
3442 3436 3510 3490 de
3556 3436 3762 3496 divinis

2188 3517 2368 3572 causis
2412 3519 2813 3588 disputantibus
2860 3519 3044 3575 datur.
3098 3519 3247 3576 Licet
3267 3522 3412 3576 enim
3438 3524 3525 3593 pie
3548 3539 3613 3582 ac
3636 3541 3773 3597 pure
3814 3508 3831 3517 ﬂ

2189 3608 3144 3680 philosopltantibusabunaquaque
3190 3626 3404 3677 earnm,
3446 3624 3603 3683 prout
3633 3616 3767 3685 vult,

2190 3700 2468 3767 inchoare,
2494 3711 2550 3756 et
2575 3712 2905 3772 perceleras
2931 3702 3126 3757 mentis
3146 3688 3383 3768 oculum,
3410 3706 3498 3773 qui
3529 3713 3615 3759 est
3636 3719 3770 3763 vera

2190 3793 2351 3857 ratio,
2395 3792 2586 3848 ordine
2628 3793 2861 3863 quodam
2910 3793 3384 3863 contemplationis
3415 3793 3765 3863 convolvere,

2185 3902 2396 3952 omnes,
2432 3901 2783 3958 quascunque
2825 3895 3022 3955 potest,
3080 3886 3405 3956 percipiens,
3434 3895 3488 3940 et
3514 3885 3566 3941 in
3592 3885 3763 3958 quali.

2186 3993 2397 4046 cunque
2423 3992 2613 4032 earnm
2650 3978 2937 4031 terminum
2980 3993 3111 4033 suae
3146 3977 3387 4036 theoriae
3416 3977 3762 4038 constituero.

2186 4066 2340 4123 Sicut
2362 4081 2503 4122 nunc
2530 4067 2848 4141 intentionis
2882 4078 3098 4124 nostrae
3149 4066 3368 4123 humilis
3398 4068 3671 4135 capacitas
3691 4082 3762 4134 ex

2185 4158 2428 4213 bonitate
2467 4157 2897 4228 primordialium
2946 4173 3272 4222 causarum,
3315 4158 3480 4213 veluti
3524 4156 3762 4228 quodam

2184 4249 2376 4306 ordine
2412 4249 2856 4315 constitutorum,
2896 4264 3185 4307 numerum
3210 4248 3391 4319 coepit
3419 4260 3761 4319 computare,

2185 4351 2240 4397 et
2266 4340 2318 4394 in
2341 4355 2429 4400 ea.
2466 4354 2606 4411 quae
2651 4339 2847 4395 dicitur
2883 4354 2981 4411 per
3017 4339 3249 4410 seipsatn
3286 4337 3566 4411 perfectio,
3596 4338 3761 4395 veluti
3798 4412 3813 4425 Ι

502 4431 742 4489 tionibus
771 4431 1174 4503 exprimuntur;
1205 4430 1417 4509 fugiunt
1443 4432 1587 4487 cnim
1615 4424 2077 4494 omnent'seusum
2111 4430 2157 4490 υ
2183 4432 2373 4502 quinto
2409 4431 2616 4488 decimo
2659 4430 2776 4487 loco
2807 4431 3097 4486 constituta
3127 4430 3287 4487 linem
3316 4432 3564 4503 exemplo
3589 4424 3758 4497 dedit,

496 4535 830 4593 omnemque
871 4522 1070 4579 utentis
1101 4522 1441 4584 contuittnn;
1475 4523 1641 4578 nimia
1668 4524 1933 4594 siquidem
1955 4525 2073 4580 alti-

500 4613 704 4670 tudinis
729 4631 861 4670 suae
890 4616 939 4651 ⁸³
958 4615 1203 4673 claritate
1244 4619 1621 4676 obscurantur.
1656 4619 1711 4675 lu
1769 4620 1884 4692 ipso
1931 4622 2075 4677 enitn

497 4717 643 4766 sunt.
669 4707 736 4763 tie
758 4722 867 4778 quo
884 4706 1179 4777 Apostolus
1206 4708 1377 4763 dixit:
1399 4707 1502 4775 Qui
1522 4707 1665 4766 solus
1685 4711 1835 4765 liabet
1856 4711 2078 4767 immor-

497 4800 777 4874 talitatem.
795 4811 842 4855 et
867 4800 1034 4855 lucem
1055 4801 1257 4856 habitat
1280 4792 1706 4857 inarceasibilem.
1724 4791 1835 4857 Nec
1855 4804 2076 4868 mirum,

497 4897 545 4951 si
591 4911 792 4952 causae
832 4896 1209 4967 pritnortliales
1253 4896 1306 4952 in
1353 4896 1620 4952 infinitum
1659 4897 2073 4966 protenduntur.

499 4985 573 5046 Ut
593 4990 740 5044 enim
776 4989 950 5058 prima
989 4989 1231 5044 omnium
1270 5002 1456 5052 causa,
1502 5001 1569 5042 ex
1610 5003 1739 5059 qua,
1782 4998 1836 5043 et
1858 4988 1917 5043 in
1942 5004 2075 5058 qua.

494 5088 553 5133 et
578 5093 677 5151 per
701 5095 887 5150 quam,
914 5088 968 5131 et
994 5079 1062 5133 ad
1084 5094 1247 5149 quam
1277 5078 1521 5137 conditae
1550 5089 1695 5140 sunt.
1732 5079 1937 5137 infinita
1968 5089 2070 5139 est,

498 5170 576 5227 ita
597 5180 652 5225 et
676 5170 826 5243 ipsae
857 5169 1018 5227 fluctu
1047 5173 1319 5233 nesciunt;
1344 5186 1455 5246 quo
1484 5151 1823 5237 claudantur,
1864 5184 2075 5243 praeter

1768 5286 2022 5343 VARIAE
2056 5281 2455 5341 LEC'I‘lONES.

2057 5377 2080 5409 ³
2102 5375 2142 5431 C
2179 5375 2355 5429 unius.

1658 5450 1682 5482 ⁸
1704 5450 1749 5503 Α
1780 5466 2072 5521 veramque.
2149 5447 2172 5479 ⁹
2201 5456 2275 5499 est
2307 5459 2415 5501 om.
2440 5442 2501 5498 C.

1761 5520 1806 5559 ⁸³
1825 5514 2164 5591 quaecunque
2192 5525 2402 5591 aeterna
2420 5524 2549 5591 sua!
2570 5527 2678 5591 om.
2693 5514 2755 5577 ιζ.

1954 5580 2341 5656 “A'ingcnito.
2418 5584 2468 5618 ³⁸
2497 5582 2537 5645 ς
2591 5584 2668 5639 vel
2710 5599 2811 5639 non
2853 5597 2967 5653 per.
3044 5582 3084 5617 ³⁸
3111 5598 3215 5638 tua
3245 5597 3351 5645 om.
3381 5580 3443 5637 Α.

572 5375 590 5408 ⁸
623 5374 665 5429 C
689 5376 935 5443 possidet.
1008 5386 1032 5421 ι
1066 5387 1299 5449 versatur
1320 5408 1391 5421 —
1415 5377 1757 5449 intelligentia
1782 5394 1891 5434 om.
1920 5377 1980 5433 C.

496 5444 586 5498 ’.Α
619 5456 842 5518 naturae
867 5462 974 5503 om.
1004 5448 1068 5504 Α.
1146 5448 1169 5483 ⁷
1196 5449 1359 5518 ipsius
1375 5466 1482 5505 tnn.
1516 5449 1583 5504 Δ.

494 5517 710 5583 (no.6).
787 5518 1050 5575 “astant.
1079 5520 1145 5575 Α.
1216 5517 1267 5556 ί¹³
1289 5536 1478 5577 nonam
1509 5536 1596 5577 om
1618 5523 1683 5576 Α.

499 5584 792 5644 "Carcimi
817 5629 830 5641 .
909 5589 952 5624 ι’
991 5606 1077 5646 eas
1114 5606 1222 5647 om.
1253 5592 1314 5649 Α.

1396 5592 1442 5624 ¹⁸
1467 5589 1509 5647 C
1542 5589 1873 5664 partiuntur.

494 5654 659 5714 lenm.

2177 4525 2430 4598 quoniam
2477 4524 2703 4594 exetnpli
2745 4524 2919 4596 gratia
2956 4524 3053 4578 ltus
3078 4523 3405 4596 principales
3440 4539 3632 4581 causas
3661 4539 3761 4595 pro

2177 4617 2384 4672 viribus
2430 4615 2741 4671 intentionis
2768 4629 2899 4670 suae
2921 4615 3102 4685 elegit,
3150 4622 3228 4679 et,
3275 4623 3334 4670 ut
3357 4615 3409 4670 ei
3442 4614 3617 4671 visum
3650 4621 3758 4679 est,

2178 4712 2477 4777 ordinavit;
2503 4727 2608 4765 non
2631 4712 2772 4779 quod
2795 4710 2868 4764 ita
2890 4717 3079 4764 natura
3103 4722 3198 4763 sua
3214 4707 3258 4741 “
3281 4707 3391 4763 sint
3409 4708 3756 4773 conStitutae,

2183 4803 2273 4860 ubi
2299 4803 2478 4857 omnia
2518 4815 2688 4876 unum
2732 4809 2879 4866 sunt,
2924 4807 2979 4855 et
3004 4798 3162 4855 simul
3188 4808 3243 4853 et
3270 4798 3589 4869 simpliciter
3606 4805 3756 4863 sunt,

2181 4899 2278 4958 sed
2307 4899 2446 4967 quod
2469 4896 2850 4970 quaerentibus
2870 4910 2982 4959 eas,
3004 4894 3176 4965 deque
3199 4894 3282 4949 eis
3295 4891 3546 4971 quiddam
3575 4907 3760 4950 exetno

2181 4990 2254 5062 pli
2298 4988 2468 5055 gratia
2512 4986 2756 5059 proferre
2785 4984 3111 5050 volentibus,
3142 4985 3222 5041 sic
3246 4983 3328 5037 vel
3356 4982 3454 5051 sic,
3484 4991 3538 5039 et
3571 4980 3754 5038 multi-

2181 5082 2414 5152 pliciter,
2436 5087 2492 5135 et
2514 5077 2737 5137 inﬁnite.
2768 5076 2949 5132 divino
2973 5075 3125 5130 radio
3148 5073 3503 5139 illuminautc,
3522 5071 3577 5128 in
3604 5072 3760 5128 theo-

2182 5171 2398 5247 pltaniis
2443 5169 2557 5225 suis
2599 5168 2775 5225 solent
2801 5168 2847 5200 “
2874 5180 3156 5239 apparere.
3204 5166 3269 5223 ει
3295 5166 3475 5234 uthac
3505 5162 3757 5237 exemplo

2432 5376 2461 5443 “7
2495 5389 2831 5443 quaecunque
2857 5371 3151 5441 intelligunt
3176 5385 3286 5443 om:
3321 5368 3381 5423 ϐ.
3460 5354 3555 5443 ’ΔΑ
3586 5372 3748 5427 edita.

2579 5445 2623 5480 ⁸⁸
2654 5439 2758 5499 Pro
2796 5439 3047 5512 (irataque
3094 5452 3215 5494 sunt
3244 5440 3284 5492 C
3315 5443 3463 5494 beata
3492 5439 3611 5510 (que
3629 5452 3752 5500 sunt

2579 5514 2755 5571 nm.C.
2836 5513 2880 5544 υ
2899 5522 2945 5564 et
2974 5527 3082 5567 om.
3110 5510 3177 5565 Α.
3258 5510 3302 5543 ³⁸
3329 5510 3605 5573 altitudine
3624 5511 3749 5566 sive.

3527 5583 3751 5639 ιιΑω.
