4230 6068
455 221 559 277 625

453 531 678 589 ctasmte
723 517 942 570 liueasa
970 525 1159 570 centro
1207 514 1506 576 inchoatas,
1552 521 1608 566 et
1655 513 1722 566 ad
1768 513 2032 568 circulum

453 617 736 680 porrectas
777 607 800 639 ι
828 647 843 670 ,
889 605 1072 673 ibique
1122 605 1458 658 terminatas.
1519 602 1662 658 Dtso.
1717 601 1888 672 Saepe
1934 603 2035 658 hoc

455 695 664 768 aspexi,
707 711 802 752 seu
845 697 897 751 in
951 695 1131 748 animo
1160 709 1254 764 per
1283 693 1620 764 phantasiam
1665 694 1911 756 interius,
1939 707 2036 746 seu

455 788 508 844 in
535 790 703 861 ﬁgura
739 787 934 843 visiiu'li
970 797 1339 857 corporeaque
1369 785 1610 854 exterius
1639 786 1819 838 sensui
1844 785 1865 816 ³
1911 784 2036 838 sub-

446 879 616 950 jecta.
660 879 799 934 illac.
844 879 958 932 Non
991 877 1215 932 intuitus
1243 877 1325 940 es,
1353 875 1622 943 quomodo
1647 889 1838 929 omnes
1865 874 2036 929 lineae

454 972 514 1030 in
542 980 731 1028 centro
769 959 1098 1033 adnitantur,
1129 980 1188 1024 ut
1212 973 1234 1000 ⁵
1257 967 1398 1023 nulla
1440 969 1651 1022 illarunt
1677 967 1745 1021 ab
1776 966 1896 1046 aliis
1921 967 2034 1020 dis-

452 1047 601 1120 cerni
657 1067 860 1133 possit,
909 1064 1192 1124 nimirum,
1238 1063 1362 1132 quia
1409 1077 1598 1116 onmes
1657 1062 1709 1116 in
1770 1077 1834 1116 eo
1870 1078 2034 1116 unum

455 1163 603 1217 sunt,
629 1163 683 1207 et
703 1154 848 1206 nullo
869 1153 1026 1207 modo
1051 1167 1081 1205 a
1109 1153 1302 1222 seipsis
1332 1152 1660 1222 discrepant,
1692 1152 1767 1206 ita
1787 1161 1846 1204 ut
1875 1148 2038 1206 ratio-

451 1243 706 1300 nabiliter
751 1260 859 1298 non
903 1245 1156 1314 iunctura
1197 1243 1460 1297 linearum
1503 1243 1556 1296 in
1589 1258 1776 1306 unum,
1800 1241 2036 1298 sedibus

451 1335 980 1412 atqueprincipium
1030 1334 1256 1404 simplex
1291 1343 1347 1390 et
1394 1333 1760 1396 individuum,
1815 1349 1883 1388 ex
1927 1349 2034 1403 quo

450 1426 568 1481 sive
603 1419 949 1489 naturaliter,
994 1425 1106 1482 sive
1143 1437 1285 1488 arte,
1329 1425 1603 1496 multiplex
1637 1425 1897 1479 linearum
1929 1441 2030 1496 nu—

451 1529 640 1572 merus
688 1517 952 1584 procedit,
991 1525 1239 1569 centrum
1271 1493 1587 1579 deﬁniatur;
1617 1527 1702 1572 est
1726 1517 1870 1570 enim
1901 1493 2028 1571 cen-

453 1617 597 1661 trum
645 1607 666 1638 ³
698 1605 998 1662 universale
1031 1607 1294 1660 lintutrnm
1329 1607 1562 1672 initium,
1607 1609 1658 1662 in
1703 1622 1809 1676 quo
1843 1623 2031 1663 omnes

1288 215 1378 275 DE
1421 215 1758 274 onusroue
1799 202 2147 280 nntiate.
2190 245 2260 254 --
2301 214 2503 272 LIBER
2537 215 2858 272 "manus.

457 351 637 392 rerum
689 333 1020 388 sensibiliqu
1055 332 1254 388 clarius
1285 333 1554 388 clncescnt
1585 335 1624 397 ³,
1681 343 1929 388 centrum
1980 340 2032 386 ι·ι
2065 337 2107 392 Α
2139 349 2245 387 non
2273 332 2495 396 falleris,
2531 341 2586 386 ιιι
2615 333 2837 401 Opinor;
2887 349 2989 388 nou
3021 336 3164 388 enim
3194 333 3350 388 aliter
3377 347 3499 387 vera
3523 336 3710 389 edocet
3797 343 3804 352 '

455 427 928 494 circumscriptum
957 425 1005 478 ei
1032 421 1293 480 ciI‘Ctlitltlt
1339 422 1623 491 diligenter
1673 424 1900 484 intuere,
1949 437 2034 480 ιτς-
2081 461 2086 466 .

3607 215 3710 272 οιισ

2138 424 2295 499 ratio.
2326 421 2466 478 Num
2499 415 2678 492 itaque
2705 423 2903 484 cernis,
2941 424 3082 489 quod
3119 422 3265 477 nulla
3292 421 3378 476 lex
3415 423 3708 490 ﬁgurarum

2135 515 2234 570 tibi
2250 515 2432 571 obstat
2456 515 2532 577 “,.
2557 514 2638 568 vel
2688 525 2738 568 te
2759 514 2975 577 cohibet
3005 515 3068 576 ",
3103 523 3159 568 ut
3189 513 3232 544 ¹³
3266 513 3331 567 ab
3361 511 3506 565 onmi
3537 513 3713 579 spatio

2133 619 2227 660 seu
2250 605 2390 660 linea
2417 605 2641 675 incipias
2668 603 2831 660 totam
2856 603 3078 674 ligni-am
3101 613 3150 658 et
3173 601 3427 658 ordinare
3451 601 3495 632 “‘
3525 611 3580 654 et
3611 617 3680 654 nu
3699 629 3712 638 -

2133 695 2380 750 merare?
2403 694 2492 750 Sic
2508 695 2648 750 enim
2673 696 2900 765 imperat
2915 695 3076 751 ratio.
3097 695 3176 748 Ar.
3197 710 3292 764 per
3317 695 3417 749 hoc
3439 702 3568 763 quot
3593 708 3714 760 spa-

2135 789 2207 844 tia
2239 787 2519 858 uncaeque.
2541 795 2688 853 sunt,
2718 796 2796 840 tot
2825 786 3089 856 principia
3124 785 3367 856 ﬁnesque
3392 783 3710 840 numerandi

2131 890 2188 936 et
2213 880 2498 934 ordinandi
2544 879 2660 933 ﬁeri
2697 889 2939 949 possunt.
2967 877 3114 934 Disc.
3145 879 3279 933 lluic
3308 877 3470 932 etiam
3499 874 3714 930 conclu-

2133 973 2270 1030 sioni
2305 989 2407 1026 non
2437 973 2663 1036 resisto;
2713 971 2831 1032 sed,
2869 987 3125 1039 quorsum
3177 970 3358 1024 tendat
3387 969 3456 1034 ³⁵,
3487 975 3713 1037 expecto

2134 1078 2310 1126 nosse.
2337 1062 2476 1122 MAG.
2503 1061 2616 1122 Non
2641 1061 2919 1124 aliorsum,
2955 1059 3054 1115 nisi
3078 1071 3138 1114 ut
3159 1061 3274 1116 luce
3300 1061 3494 1114 clarius
3521 1071 3716 1130 cogno-

2131 1167 2368 1216 scamus,
2393 1168 2631 1208 summos
2654 1151 2928 1222 theologos
2949 1165 3244 1220 eorutnque
3267 1150 3586 1220 pedisequos
3604 1163 3715 1202 om-

2133 1245 2262 1307 nino
2286 1259 2462 1312 posse.
2487 1243 2630 1296 nulla
2657 1242 2862 1297 ratione
2878 1243 3148 1304 obstante,
3177 1240 3320 1295 etab
3341 1240 3591 1295 omnibus
3606 1237 3714 1306 pri-

2134 1333 2484 1388 mordialibus
2511 1331 2687 1387 causis
2710 1331 3176 1404 contenmlationis
3190 1345 3377 1385 eorum
3399 1328 3608 1382 initimn
3627 1343 3718 1383 su-

2133 1440 2300 1484 mere.
2317 1435 2368 1478 et
2391 1424 2442 1478 in
2461 1423 2730 1486 omnibus,
2749 1433 2905 1492 prout
2928 1423 3123 1493 cuique
3143 1421 3316 1476 visum
3341 1420 3522 1481 fuerit,
3543 1419 3714 1489 ipsius

2133 1513 2606 1582 contemplationis
2632 1514 2792 1569 linem
2823 1512 3172 1584 constituere.
3212 1513 3281 1566 ita
3321 1521 3398 1575 ut,
3437 1519 3566 1580 quot
3599 1510 3711 1578 pri-

2135 1604 2422 1659 tnordiales
2445 1619 2642 1658 causae
2663 1605 2792 1666 sint,
2821 1611 2894 1668 et,
2925 1611 2982 1656 ιιι
3002 1602 3216 1658 cautius
3232 1601 3478 1670 eloquar,
3507 1611 3637 1668 quot
3657 1599 3712 1653 itt

449 1711 614 1750 unum
640 1705 785 1751 sunt.
823 1695 968 1752 Dtsc.
1012 1697 1125 1752 Hoc
1167 1712 1380 1766 (tutoque
1411 1697 1464 1752 in
1495 1699 1835 1770 geometricis
1867 1699 2032 1752 ratio—
2063 1687 2106 1745 Β
2133 1695 2612 1766 contemplantium
2643 1693 3004 1759 intellectibus
3033 1707 3250 1762 quoquo
3281 1691 3440 1746 modo
3474 1689 3714 1743 fut-utan-

431 1787 609 1860 _nibus
655 1785 790 1844 inihi
837 1772 1175 1858 apertissime
1225 1803 1464 1844 suasum.
1513 1789 1619 1845 Sed
1665 1789 1799 1844 haec
1848 1790 2031 1846 omnia

449 1877 570 1948 plus
611 1867 790 1949 animo
832 1894 995 1949 quam
1043 1893 1202 1934 sensu
1245 1867 1632 1948 percipiuntur,
1669 1879 1782 1933 sive
1805 1875 2033 1935 interius

448 1983 549 2038 per
573 1947 910 2038 phantasiam
941 1967 980 2030 ⁸,
1013 1968 1128 2023 sive
1169 1947 1409 2022 exterius
1436 1983 1531 2038 per
1555 1984 1770 2024 sensum
1798 1969 1818 1998 ⁷
1849 1969 1916 2024 de
1950 1977 2030 2023 ta-

449 2057 588 2117 libus
616 2061 744 2116 velit
792 2061 915 2131 quis
942 2061 1218 2132 disputare
1239 2063 1284 2117 ‘.
1314 2062 1452 2118 Illac.
1487 2063 1650 2120 Recte
1686 2063 1858 2129 dicis;
1892 2063 2033 2120 haec

447 2150 597 2206 enim
635 2162 691 2208 et
737 2152 1042 2222 hujusmodi
1087 2155 1462 2224 pura-mentis
1493 2156 1610 2211 acie
1645 2155 2029 2227 dijudicantur.

451 2231 662 2306 Vides,
689 2243 742 2298 ni
777 2241 952 2308 fallor,
987 2243 1038 2297 in
1064 2245 1236 2312 prima
1265 2243 1525 2298 linearum
1554 2246 1932 2315 progressione
1962 2245 2034 2302 ab

451 2331 565 2402 ipsa
594 2327 818 2414 unitate,
845 2350 986 2404 quae
1014 2317 1278 2388 iniceutro
1305 2345 1410 2414 est,
1437 2345 1700 2404 quantum
1746 2336 1850 2391 sibi
1894 2335 2034 2392 invi-

449 2435 568 2478 cem
599 2413 772 2486 linteae
797 2421 1220 2492 conjungttntur.
1264 2435 1322 2480 ut
1361 2413 1446 2480 vix
1493 2426 1720 2482 discerni
1753 2441 1783 2479 a
1807 2441 1869 2480 se
1895 2426 2031 2481 invi-

447 2526 568 2566 cem
599 2512 822 2581 possint.
858 2511 990 2567 Dum
1023 2527 1152 2568 vero
1187 2513 1394 2586 longius
1419 2531 1449 2568 a
1479 2525 1669 2572 centro
1696 2517 2035 2594 protepdun-

453 2611 563 2666 tur,
617 2603 778 2660 latins
829 2605 1102 2678 paululum
1153 2605 1362 2675 spatia,
1411 2607 1752 2677 quibusaa'e
1799 2599 2030 2662 invicem

449 2704 822 2765 segregantur,
853 2711 1100 2752 crescere
1121 2696 1402 2767 incipiunt,
1429 2697 1600 2752 donec
1625 2695 1692 2750 ad
1722 2705 2029 2752 extremum

450 2785 736 2852 circulum,
772 2803 880 2857 quo
909 2787 1192 2852 liniuntur,
1233 2787 1580 2860 perveniant;
1629 2787 1720 2843 ubi
1763 2785 2028 2842 latissima

449 2891 548 2933 sua
583 2878 904 2938 diastemata
953 2890 1358 2942 mensurantnr,
1401 2879 1505 2935 hoc
1534 2887 1638 2945 est,
1675 2879 1848 2949 spatia
1887 2877 2030 2935 inter

448 2967 622 3024 lineas
668 2970 980 3034 constituta,
1032 2985 1172 3042 quae
1210 2969 1310 3025 sibi
1343 2969 1574 3024 invicem
1604 2967 1850 3041 aequalia
1876 2977 2023 3034 sunt,

449 3066 510 3112 ut
532 3058 674 3114 nulla
697 3073 885 3114 eorum
918 3059 1109 3114 latiora
1140 3067 1232 3113 aut
1256 3058 1568 3129 angustiora
1593 3058 1716 3114 aliis
1745 3058 2024 3132 reperian-

449 3159 556 3204 tur.
587 3149 1052 3217 Quemadmodum
1081 3157 1136 3204 et
1161 3149 1215 3204 in
1243 3149 1374 3220 ipsis
1407 3149 1565 3206 lineis
1591 3163 1696 3205 una
1719 3150 2026 3220 eademque

448 3241 730 3312 longitudo
759 3250 842 3295 est
871 3240 924 3294 in
954 3249 1186 3307 tantum,
1225 3251 1283 3294 ut
1309 3257 1496 3296 earum
1541 3240 1718 3296 nullae
1755 3240 2027 3314 longiores

449 3331 571 3385 aliis
626 3339 720 3384 ant
776 3329 1054 3386 breviores
1107 3329 1260 3394 sint,
1315 3330 1550 3388 naturali
1609 3329 2061 3402 rationabilique‘

445 3424 773 3494 aequalitate
804 3423 856 3478 in
891 3425 1136 3496 utrisque
1167 3433 1403 3488 servata,
1430 3424 1484 3479 in
1515 3423 1799 3480 latitudine
1823 3423 2020 3494 spatio-

445 3533 566 3570 rum
593 3515 714 3572 dico
739 3525 794 3570 et
823 3516 874 3571 in
904 3515 1235 3587 longitudine
1282 3516 1566 3572 linearum.
1614 3517 1764 3572 Dtsc.
1800 3516 1876 3572 lla
1914 3521 2022 3583 est,

441 3618 499 3663 et
527 3609 550 3640 ⁸
599 3608 756 3679 plane
801 3607 1065 3679 intelligo.
1115 3607 1254 3664 Μια.
1301 3607 1456 3676 Quid;
1491 3609 1538 3664 si
1567 3607 1700 3664 velis
1725 3609 2022 3676 spatiorum

439 3709 500 3753 et
546 3698 807 3754 linearum
855 3715 1138 3780 notuerunt
1189 3701 1538 3770 dignoscere.
1586 3700 1731 3754 etin
1775 3699 2024 3756 ordinem

438 3787 710 3855 quendam
769 3785 1050 3862 redigere?
1098 3787 1234 3844 Nunt
1279 3783 1433 3862 putes
1480 3790 1712 3861 speciale
1764 3791 2018 3862 spatium,

439 3877 709 3934 liueatnve
748 3855 1052 3950 speriialiter
1095 3878 1356 3946 invenire,
1385 3895 1453 3934 ex
1485 3896 1616 3950 quo,
1643 3881 1726 3936 vel
1753 3897 1816 3936 ex
1845 3881 1888 3914 ¹⁶
1913 3897 2020 3952 qua

437 3969 761 4026 naturaliter
785 3986 850 4025 ac
877 3973 1094 4042 proprie
1118 3973 1377 4044 incipias?
1409 3974 1553 4030 DISC.
1583 3974 1711 4029 Mihi
1736 3973 2020 4046 quaerenti

379 4091 382 4094 -
439 4074 548 4112 non
573 4059 828 4114 occurrit.
855 4059 1028 4116 Tanta
1059 4061 1322 4132 siquidem
1351 4063 1650 4134 aequalitas
1677 4063 1728 4121 in
1757 4063 1839 4118 bis
1867 4079 2022 4135 prae-

439 4147 606 4212 valet,
638 4157 696 4200 ut
729 4147 932 4202 nullum
964 4149 1196 4221 spatium
1227 4151 1296 4204 ab
1325 4149 1452 4214 alio,
1484 4152 1627 4208 nulla
1655 4153 1796 4208 linea
1821 4153 1888 4211 ab
1915 4153 2018 4208 alia

439 4253 536 4306 per
573 4237 929 4294 differentiam
971 4241 1242 4310 quandam
1285 4257 1378 4298 seu
1424 4245 1811 4314 proprietatem
1851 4247 2019 4314 possit

435 4329 691 4384 discerni.
725 4328 856 4386 Nam
903 4341 958 4388 et
997 4333 1083 4388 ille
1112 4333 1369 4398 circulus,
1404 4335 1544 4390 intra
1573 4336 1724 4406 cujus
1751 4335 2014 4394 ambitum

433 4419 618 4475 omnia
663 4421 1011 4492 colliguntur,
1048 4424 1120 4479 ita
1153 4425 1370 4480 sibimet
1395 4427 1448 4481 in
1479 4429 1658 4498 seipse
1691 4429 1880 4485 similis
1905 4438 2012 4498 est,

437 4519 498 4568 ut
526 4511 666 4567 nulla
699 4528 824 4581 pars
860 4514 996 4582 ejus
1022 4515 1089 4568 ab
1134 4515 1238 4570 alia
1281 4517 1640 4582 discernatur,
1672 4534 1764 4573 seu
1795 4529 2010 4584 natura,

430 4611 532 4658 seu
552 4609 689 4656 arte.
715 4600 982 4658 Continuat
1017 4619 1252 4676 namque
1279 4609 1582 4678 quantitate
1611 4607 1792 4678 pollet,
1824 4625 1890 4665 ac
1913 4625 2014 4681 per

429 4687 538 4744 hoc
579 4689 726 4752 nullo
769 4700 920 4746 certo
947 4690 1210 4762 principio
1254 4693 1494 4758 inchoat,
1537 4697 1683 4750 nullo
1709 4698 2010 4755 constituto

431 4779 542 4836 ﬁne
569 4781 928 4847 concluditur,
979 4786 1071 4840 sed
1101 4793 1242 4842 totus
1269 4786 1485 4844 sibimet
1511 4789 1562 4844 in
1595 4797 1706 4844 toto
1732 4799 1786 4846 et
1809 4791 2010 4860 princi-

428 4867 580 4938 pium
608 4881 712 4934 est,
738 4882 793 4928 et
823 4873 946 4928 ﬁnis
977 4875 1242 4930 subsistit.
1275 4875 1412 4934 lliuc
1433 4887 1534 4942 est,
1563 4879 1704 4948 quod
1721 4879 2012 4944 circularis

429 4967 614 5016 motus
649 4958 886 5040 ἄναρχος
913 4982 946 5020 a
974 4963 1218 5032 Graecis,
1259 4967 1362 5022 hoc
1387 4977 1488 5031 est,
1524 4968 1788 5040 principio
1821 4987 2011 5032 carens

429 5059 578 5106 recte
627 5054 956 5119 nominatur,
1001 5053 1338 5126 aliorumque
1362 5069 1628 5120 tuotuum,
1657 5059 1707 5114 id
1739 5071 1846 5126 est,
1878 5063 2012 5120 recti

427 5147 486 5193 et
511 5141 732 5212 obliqui,
759 5144 968 5200 obtinet
995 5147 1376 5218 principatum.
1405 5149 1544 5206 Mss.
1571 5149 1626 5207 In
1653 5152 1738 5208 his
1759 5155 2012 5210 omnibus

2135 1797 2240 1848 tur,
2265 1800 2358 1839 seu
2395 1785 2616 1840 formari
2661 1793 2905 1854 possunt,
2935 1793 3012 1836 tot
3041 1797 3230 1837 earum
3262 1781 3482 1838 ordines
3526 1795 3716 1833 innue-

2132 1891 2362 1945 rosaqne
2398 1875 2677 1946 plut-alitus
2703 1885 2850 1928 recte
2879 1871 3382 1944 pldlosnphantibus
3415 1869 3568 1940 juxta
3617 1883 3712 1923 ca-
3755 1885 3758 1888 λ

2131 1968 2420 2036 pacitatent
2446 1963 3074 2037 singulorum'tlteoriae,
3091 1970 3248 2034 prout
3275 1962 3506 2032 quisque
3534 1959 3713 2030 volue-

2133 2061 2225 2125 rit,
2254 2059 2487 2114 mirabili
2530 2059 2745 2114 divinae
2777 2056 3148 2126 providentiae
3182 2052 3536 2124 dispositione
3569 2051 3714 2105 ultro

2130 2166 2251 2208 sese
2279 2149 2508 2206 oll‘er'unt
2535 2147 2612 2214 ¹⁶;
2661 2157 2718 2204 et
2756 2148 2882 2202 dum
2915 2147 3049 2203 haec
3097 2146 3151 2200 in
3194 2143 3464 2200 mentibus
3509 2142 3709 2197 theori-

2130 2242 2368 2298 zantium
2397 2241 2608 2296 divinae
2639 2239 2952 2311 disciplinae
3001 2239 3412 2309 divinarumque
3454 2236 3712 2304 thc0pha-

2131 2335 2339 2388 uiarum
2369 2330 2540 2386 modis
2567 2327 2796 2386 diversis
2821 2328 2864 2362 ³⁷
2892 2327 3335 2400 mirabilibusque
3365 2326 3410 2358 ¹¹⁸
3435 2325 3712 2397 peragam

2133 2433 2236 2490 tur,
2262 2423 2410 2495 ipsae
2437 2437 2534 2494 per
2565 2422 2773 2493 seipsas
2803 2420 3080 2486 omnium,
3107 2437 3248 2492 quae
3295 2429 3417 2476 sunt
3437 2461 3452 2480 ,
3481 2420 3712 2489 primur-

2121 2509 2296 2574 ‘diales
2321 2515 2552 2570 rationes
2593 2501 2938 2572 uniformiter
2980 2523 3035 2567 et
3087 2512 3600 2572 incommutabiliter
3649 2511 3704 2564 in

2131 2607 2308 2665 Verbo
2331 2607 2446 2671 Dei,
2471 2607 2522 2661 in
2549 2621 2655 2677 quo
2697 2607 2870 2660 factae
2922 2614 3068 2666 sunt.
3117 2621 3281 2659 unum
3326 2617 3380 2676 et
3429 2604 3484 2658 id
3534 2604 3710 2673 ipsum

2129 2693 2270 2756 ultra
2293 2715 2482 2755 omnes
2507 2699 2726 2754 ordines
2750 2713 3074 2767 omnemque
3101 2711 3384 2752 numerum
3422 2693 3708 2749 aelernali.

2129 2800 2212 2852 ter
2246 2791 2544 2847 subsistunt
2573 2789 2636 2841 ι’.
2675 2789 2816 2844 Disc.
2845 2787 3000 2842 Clare
3025 2790 3137 2858 jam
3177 2787 3334 2842 video
3376 2795 3498 2842 tuae
3544 2784 3712 2838 inten-

2129 2881 2292 2939 tionis
2321 2880 2858 2951 ratiociuatiouisque
2883 2869 3075 2938 ﬁnem.
3125 2879 3412 2950 siquidem,
3465 2889 3520 2937 ut
3566 2879 3709 2931 arhio

2131 2983 2265 3040 tror,
2294 2973 2368 3029 nil
2408 2973 2554 3028 aliud
2600 2975 2828 3027 suadere
2865 2969 3166 3032 contendis.
3197 2970 3299 3025 nisi
3335 2981 3394 3024 ut
3425 2971 3474 3023 in
3504 2969 3632 3036 ipsis
3663 2967 3710 2998 ὐ

2123 3063 2410 3140 principiis
2457 3078 2638 3118 rerum
2690 3059 2867 3116 nullus
2911 3060 3046 3116 ordo
3089 3059 3411 3136 naturaliter
3460 3057 3708 3128 specialis

2126 3163 2438 3228 quaeratur.
2467 3154 2542 3210 Et"
2575 3153 2790 3210 merito.
2833 3150 2964 3229 Quis
3014 3151 3158 3206 enim
3213 3147 3266 3204 in
3324 3149 3366 3180 "
3423 3149 3528 3212 his.
3571 3164 3708 3218 quae

2125 3264 2287 3320 supra
2325 3262 2540 3304 omnem
2582 3260 2864 3300 numerum
2891 3251 3220 3334 omnemque
3248 3241 3493 3297 ordinem
3525 3241 3698 3296 excel-

2125 3337 2362 3406 situdine
2389 3351 2518 3391 suae
2547 3345 2774 3391 naturae
2821 3351 2850 3404 at
2901 3331 3182 3406 conditore
3229 3331 3470 3387 omnium
3522 3345 3701 3385 creata

2125 3395 2269 3492 soni,
2295 3428 2537 3483 ordinem
2564 3426 2647 3480 vel
2677 3395 2990 3478 utunerurif
3015 3421 3410 3482 rationabiliter
3455 3421 3704 3492 quaesie-

2125 3523 2216 3586 rit,
2241 3523 2368 3580 dum
2392 3523 2502 3576 sint
2527 3520 2705 3576 omnis
2731 3516 2942 3574 numeri
2964 3518 3250 3589 omnisque
3275 3517 3509 3573 .ordinis
3555 3517 3706 3570 initia

2123 3617 2176 3672 in
2203 3615 2506 3688 semetipsis
2538 3613 2641 3670 sibi
2663 3613 2896 3668 invicem
2925 3612 3096 3674 unita,
3119 3621 3172 3666 et
3201 3626 3229 3665 a
3257 3609 3402 3666 nullo
3437 3609 3706 3666 inferioris

2121 3715 2348 3760 naturae
2372 3703 2612 3760 contuitu
2663 3701 2930 3758 discreta?
2975 3700 3100 3760 Sola
3146 3699 3408 3770 siquidem
3457 3699 3702 3772 gnostica

2121 3795 2416 3852 conditoris
2437 3809 2624 3852 earum
2661 3794 2832 3848 virtus
2880 3807 2974 3848 eas
3019 3807 3328 3855 nunmrare,
3370 3792 3704 3855 discernere,

2121 3883 2499 3953 Multiplicare,
2527 3883 2804 3944 ordinare,
2829 3883 3068 3936 dividere
3105 3897 3212 3936 non
3251 3881 3542 3952 incongrue
3585 3895 3704 3941 cre-

2121 3975 2267 4031 ditur
2295 3989 2471 4045 posse.
2503 3973 2766 4041 Quoniam
2795 3988 2922 4027 vero
2957 3973 3112 4028 modo
3147 3975 3378 4042 quodam
3406 3971 3702 4042 incognito,

2122 4065 2366 4135 ultraque
2393 4073 2642 4118 naturam
2673 4071 2905 4134 reperto,
2940 4062 2993 4116 in
3037 4061 3376 4133 tlteophaniis
3405 4061 3516 4122 suis
3553 4077 3702 4118 men-

2123 4155 2262 4211 tibus
2285 4155 2770 4224 contentplantinm
2797 4153 3228 4214 conformantur.
3261 4152 3314 4208 in
3346 4153 3426 4210 eis
3455 4153 3618 4210 etiam
3647 4161 3704 4208 et
3767 4220 3770 4222 _

2120 4243 2484 4315 multiplicari,
2504 4253 2558 4298 et
2587 4243 2774 4308 dividi,
2802 4251 2858 4298 et
2881 4243 3154 4298 numerari
3182 4257 3342 4312 posse
3378 4243 3700 4316 dignoscan—

2121 4349 2208 4393 tur
2235 4341 2302 4404 ”,
2329 4339 2382 4394 in
2423 4337 2788 4394 intellectibus
2809 4337 2948 4404 dico,
2973 4347 3130 4408 prout
3157 4337 3316 4392 datur
3341 4333 3426 4392 eis
3454 4345 3698 4392 contem-
3759 4329 3782 4408 ’ί

2115 4429 2376 4501 plautiqu
2413 4428 2480 4482 ’³.
2517 4430 2596 4482 Ac
2628 4443 2728 4499 per
2768 4429 2870 4484 hoc
2907 4427 3372 4494 conticitur,eas,
3403 4425 3457 4480 id
3483 4425 3700 4498 estpri-

2116 4520 2406 4578 mordiales
2448 4537 2662 4586 causas,
2715 4521 2918 4577 nullout
2963 4521 3208 4577 ordinem
3254 4518 3573 4582 intellectui,
3615 4517 3698 4573 vel

2115 4615 2298 4674 seusui
2331 4617 2608 4690 cognitum
2640 4615 2693 4672 in
2721 4616 3031 4687 semetipsis
3077 4615 3354 4686 recipere;
3402 4615 3456 4672 in
3508 4629 3695 4670 earnm

2117 4719 2248 4760 vero
2279 4706 2540 4768 theurico,
2577 4707 2676 4760 hoc
2705 4715 2815 4770 est,
2845 4706 3265 4777 contemplativc
3309 4705 3492 4761 animo
3529 4719 3694 4775 quos-

2115 4796 2482 4853 damordiues
2523 4797 2768 4854 diversos
2819 4797 2863 4828 “
2909 4807 3074 4868 atque
3125 4797 3448 4870 multiplices
3506 4811 3698 4851 conce-

2115 4885 2301 4958 ptione
2329 4887 2562 4957 quadam
2593 4887 2982 4960 intelligentiae
3009 4887 3333 4958 procedente
3383 4888 3439 4943 in
3487 4889 3696 4943 ratione

2115 4993 2212 5048 per
2240 4979 2502 5048 quasdam
2545 4981 2958 5050 imaginationes
3001 4981 3322 5038 VCI‘iSlllliiOl
3371 4981 3538 5037 nasci.
3587 4979 3696 5040 Sed

2116 5083 2236 5126 cum
2267 5071 2402 5126 haec
2431 5069 2500 5123 ita
2541 5085 2601 5127 se
2644 5071 2898 5136 habeant,
2953 5089 3058 5130 non
3107 5081 3160 5130 te
3207 5074 3527 5130 crediderim
3579 5075 3696 5130 sine

2115 5158 2297 5229 aliqua
2323 5159 2544 5229 speciali
2584 5160 2793 5218 ratione
2821 5163 3198 5237 principalium
3231 5179 3517 5220 causarum
3561 5177 3691 5220 cun-

1715 5285 1967 5346 VARIAE
2004 5289 2404 5352 LECTIONES.

497 5445 517 5474 ,
539 5401 580 5460 C
607 5405 888 5464 locutam.

423 5475 488 5545 ᾼ.
569 5475 588 5506 ⁷
612 5491 708 5545 per
723 5493 930 5540 sensum
953 5475 1156 5540 οιηῘΑ.

427 5542 472 5573 ’⁸
501 5557 598 5610 pro
613 5542 668 5608 ἐξ
699 5545 946 5606 ordinare
973 5551 1014 5606 Α
1043 5555 1374 5610 “ordinare.

427 5555 472 5573 "
501 5557 598 5610 pro
617 5557 668 5608 at
699 5555 946 5606 ordinare
973 5555 1014 5606 Α
1043 5555 1374 5610 «xor-dinam.
1426 5555 1431 5556 “
1455 5555 1500 5588 ⁸³
1524 5557 1566 5616 C
1592 5561 1775 5620 tendit.

423 5611 470 5650 ³ο
500 5613 550 5668 Α
755 5616 798 5651 ﬂ
835 5619 882 5668 Α
921 5633 1006 5668 ex.
1085 5623 1125 5658 ³³
1174 5625 1552 5668 dinnnxrunlm-
1606 5646 1692 5668 nm
1766 5639 1775 5668 ι

967 5412 989 5444 ³
1012 5411 1332 5482 Apertum.
1407 5415 1430 5449 ³
1464 5417 1767 5476 Asemibus
1816 5397 2088 5480 utet-ium.

1233 5483 1255 5515 ⁸
1275 5485 1316 5540 C
1343 5485 1618 5556 disputari.
1693 5491 1716 5522 θ
1747 5495 1799 5552 Α,
1818 5502 1902 5549 tu.-
1972 5493 2017 5528 “
2041 5495 2082 5550 A
2126 5511 2193 5550 σω
2214 5512 2318 5552 om-
2344 5483 2347 5484 ν
2379 5499 2446 5554 Α.

755 5561 946 5651 gutture
973 5561 1014 5606 Α
1043 5561 1374 5636 examinare.
1455 5561 1500 5588 "
1524 5561 1566 5616 C
1592 5561 1775 5620 tendit.
1855 5561 1900 5596 “
1929 5563 1972 5632 Α
2027 5565 2277 5636 «aferunt.
2327 5569 2396 5601 '"
2427 5569 2472 5626 Α
2495 5571 2694 5628 divisis.
2739 5571 2780 5602 ³⁸
2804 5571 2850 5628 Α
2871 5571 3212 5627 mirabilibus.

835 5619 882 5672 Α
921 5633 1006 5673 η.
1085 5623 1125 5658 ²¹
1174 5625 1552 5676 dmnosruntur
1606 5646 1716 5676 nm-
1763 5633 1822 5676 Δ.
1903 5634 1947 5672 Il
1979 5629 2072 5676 Sic
2097 5633 2168 5676 Ω·
2207 5637 2240 5676 Δ
2273 5639 2734 5676 lunatam-ulantibus
2833 5643 2876 5676 an
2912 5643 2939 5676 Α
2977 5645 3164 5676 ,δι-λυ..

1229 5639 1552 5693 gnoscuntnr
1606 5646 1716 5686 om.
1759 5633 1823 5688 Α.
1903 5629 2168 5703 ιιειᾱικ
2201 5637 2246 5692 Α
2273 5639 2754 5712 contemplantibus.
2833 5643 2876 5676 "‘
2906 5643 2946 5697 Α
2976 5645 3184 5694 divisos.

3079 5449 3174 5499 per
3197 5432 3531 5499 phantasiam
3578 5447 3688 5484 out,

2983 5503 3023 5534 τ’
3052 5504 3090 5555 Α
3123 5502 3378 5556 cohibent.
3459 5502 3500 5534 ¹³
3533 5502 3570 5555 Α
3605 5507 3686 5556 tie.

3293 5573 3333 5605 ’θ
3363 5573 3398 5626 Δ
3435 5575 3686 5634 subsistit.

2141 5424 2164 5458 δ
2210 5427 2252 5480 Α
2305 5437 2376 5484 et.
2452 5429 2728 5484 "centrum
2765 5445 2872 5486 om.
2898 5441 2962 5488 Α.

2525 5501 2564 5532 ³⁸
2595 5500 2640 5555 Α
2659 5501 2896 5556 obsistat.
