4230 6068
447 300 572 368 τευ

1833 297 2116 361 JOANNiS
2155 301 2348 358 SCOTl

3621 300 3739 370 693'

467 419 904 476 numerationem
951 419 1023 477 ab
1079 421 1191 492 ipsa
1251 436 1348 491 per
1392 421 1622 491 scipsaut
1676 419 1914 475 bonitate
1967 418 2050 471 iu-
2083 423 2124 478 Α
2157 415 2494 485 pronuntiat.
2520 434 2658 488 quae
2688 419 2816 476 dicit
2844 438 2859 475 :
2891 417 2956 478 Et
2999 423 3122 476 uidit
3152 421 3288 476 Dens
3315 426 3513 485 omnia.
3536 438 3582 478 et
3611 444 3728 490 ecce

473 510 721 565 choasse.
765 508 880 567 Non
906 509 1062 576 enim
1090 520 1174 566 est
1206 511 1308 564 rite
1359 510 1764 580 disputantium.
1811 509 2044 563 otiosum

465 596 618 667 quid.
647 585 806 653 causa
834 613 1026 656 carens
1053 599 1253 656 dicere.
1291 583 1424 657 tua.
1477 599 1588 654 lloc
1641 599 1888 655 fortassis
1937 615 2043 653 non

469 700 673 746 temere
700 690 932 755 diceres,
964 692 1008 746 si
1041 693 1114 747 de
1149 708 1372 747 numero
1399 693 1485 762 pie
1512 709 1574 746 ac
1597 693 1833 762 perfecte
1863 691 2047 772 dispuf

469 782 736 846 tantium.
782 793 832 838 et
888 783 1033 838 nullo
1087 784 1246 837 tundo
1291 785 1360 844 de
1407 799 1565 839 verae
1617 781 2045 840 ratiocinationis

463 873 657 928 aetnita
706 873 1114 937 declinanlium,
1142 889 1310 929 unum
1363 891 1450 930 me
1491 888 1612 929 esse
1667 887 2040 942 cognosceres.

461 964 732 1032 Quoniam
763 978 889 1018 vero
928 965 1069 1018 inter
1099 981 1414 1035 magnorum
1461 966 1898 1036 pltilosoliborum
1949 983 2044 1023 ex-

465 1062 668 1109 tremos
693 1054 1017 1125 pedisequos
1062 1055 1149 1110 vix
1180 1054 1354 1111 locum
1387 1056 1818 1112 inveniobabere
1863 1058 1902 1122 ⁸,
1935 1073 2040 1112 non

465 1144 681 1198 incaute
708 1145 775 1197 de
799 1144 1238 1213 processionibus
1274 1146 1408 1202 meis
1445 1162 1543 1217 per
1568 1147 1859 1203 altissimos
1891 1148 2044 1204 tbeo-

463 1234 578 1288 riae
602 1247 858 1289 ascensus
885 1235 1324 1306 promittendum.
1353 1237 1524 1308 Saepe
1545 1252 1778 1308 namque
1801 1239 2040 1294 melioris

459 1322 661 1395 ingenii
734 1323 1073 1394 puriorisque
1153 1326 1270 1383 sine
1330 1329 1732 1398 comparatione
1790 1331 1842 1384 in
1910 1329 2042 1400 ipsis

460 1415 870 1472 ascensionibus
913 1417 1231 1474 inchoantes
1259 1420 1487 1493 ingredi.
1515 1431 1608 1477 aut
1629 1432 1874 1480 errantes
1898 1425 1920 1458 ⁸
1945 1426 2039 1481 de-

458 1505 765 1574 viaverunt.
815 1517 910 1564 aut
955 1509 1117 1565 altius
1165 1515 1459 1570 ascendere
1508 1530 1614 1571 nou
1679 1517 1938 1579 valentes.
1969 1519 2038 1574 ad

459 1597 717 1657 inferiora
745 1601 948 1657 reversi
965 1611 1111 1666 sunt,
1127 1612 1218 1660 aut
1239 1619 1333 1660 eas
1352 1606 1568 1662 silentio
1593 1608 2033 1675 ltoaorilicantes.

459 1689 651 1746 altiora
703 1705 764 1746 se
833 1691 1101 1764 attingere
1163 1704 1322 1750 caute
1369 1713 1433 1752 ac
1479 1699 1874 1756 rationabiliter
1930 1719 2034 1758 non

2148 507 2282 561 bona
2310 507 2458 562 valde
2492 510 2534 542 "
2574 509 2685 564 'Nun
2717 512 2860 568 enim
2890 512 3014 567 dicit
3042 531 3054 566 :
3081 523 3137 569 et
3177 512 3328 568 vidit.
3359 513 3497 570 Deus
3525 516 3733 576 omnia.

2145 607 2202 652 et
2235 613 2362 654 ecce
2390 599 2540 656 valde
2583 611 2729 655 sunt.
2778 601 2916 668 Quid
2960 603 3104 658 enim
3151 603 3354 661 valeret
3392 604 3727 660 solummolo

2146 680 2284 745 esse.
2318 690 2569 760 adempto
2619 691 2755 746 bene
2789 692 2946 749 esse?
3005 693 3195 754 Omnia
3244 694 3544 763 siquidem.
3583 713 3727 764 quae

2147 786 2310 843 sunt,
2364 780 2415 833 in
2474 789 2678 835 tantum
2721 791 2878 848 sunt,
2924 783 2978 839 in
3037 791 3295 854 quantum
3359 783 3499 839 bona
3561 775 3724 847 sunt:

2146 869 2201 924 in
2249 880 2507 940 quantum
2541 882 2736 956 \autem
2783 874 2922 928 bona
2973 891 3077 929 non
3115 884 3262 940 sunt,
3300 884 3411 940 aut.
3448 886 3504 930 ιιι
3545 875 3618 932 ita
3648 876 3728 955 dic

2144 980 2286 1028 eam.
2313 965 2364 1018 in
2395 951 2654 1034 quantum
2698 965 2874 1022 minus
2917 966 3051 1021 bona
3095 967 3322 1031 suut.in
3371 977 3574 1022 tantutn
3620 951 3725 1022 una

2143 1067 2289 1112 sunt.
2329 1057 2403 1111 Ac
2439 1046 2682 1126 per'boc
2725 1059 2972 1128 adempta
3028 1059 3240 1129 penitus
3282 1059 3555 1120 bonitate.
3583 1058 3726 1113 nulla
3803 1117 3806 1120 ,

2144 1159 2387 1201 remanet
2417 1148 2673 1202 essentia.
2723 1147 3054 1219 Simpliciter
3104 1150 3248 1204 enim
3273 1164 3416 1215 esse,
3448 1149 3528 1204 vel
3555 1160 3728 1204 aeter-
3807 1188 3810 1192 -

2142 1238 2341 1292 naliter
2391 1254 2532 1303 esse.
2581 1240 2793 1295 sublato
2844 1241 2977 1296 bene
3023 1232 3164 1306 esse,
3195 1243 3264 1296 et
3311 1242 3451 1296 bene
3479 1252 3726 1296 aeterna-

2142 1331 2266 1385 liter
2299 1329 2342 1362 "
2379 1344 2520 1396 esse.
2551 1332 2770 1388 abusive
2794 1333 2995 1389 dicitur
3030 1345 3087 1388 et
3133 1349 3256 1389 esse
3301 1342 3358 1388 et
3379 1332 3728 1390 aeternaliter

2140 1434 2279 1475 esse.
2311 1421 2600 1477 Snbtracta
2639 1422 2819 1492 itaque
2874 1423 3350 1502 bonitateproprie
3381 1440 3487 1480 non
3529 1425 3726 1482 dicitur

2141 1513 2397 1575 essentia,
2434 1522 2525 1566 aut
2557 1523 2775 1567 aeterna
2824 1514 3077 1571 essentia.
3111 1515 3188 1569 Ae
3231 1531 3296 1569 ne
3342 1516 3484 1570 forte
3501 1517 3566 1570 ad
3591 1515 3725 1570 haec

2141 1600 2309 1662 dicas,
2332 1602 2571 1672 nunquid
2601 1603 2851 1659 similiter
2873 1619 3157 1675 possumus
3197 1605 3574 1675 pronuntiare.
3599 1606 3721 1663 sub-

2144 1699 2315 1750 tracta
2341 1694 2553 1762 penitus
2597 1695 2830 1749 essentia
2887 1695 2909 1727 δ
2953 1695 3095 1749 nulla
3146 1694 3358 1757 bonitas
3403 1696 3719 1755 remanebit.

456 1795 869 1858 praesumentes
895 1785 1182 1843 siluerunt.
1233 1789 1761 1864 Perfectissimorum
1806 1812 2038 1867 namque
2070 1780 2114 1840 Β
2140 1796 2397 1853 Ρετθιιηῑθ
2419 1800 2546 1840 νειό
2575 1785 2623 1820 ⁸⁵
2641 1785 2926 1840 εκίδιειηία
2972 1785 3174 1840 "uin
3195 1787 3392 1842 bonum
3430 1787 3719 1850 ειιδείδίει.

456 1886 545 1934 est
586 1875 611 1912 ⁸
633 1877 910 1950 divinique
935 1879 1070 1935 radii
1100 1881 1476 1951 splendoribus
1504 1883 1948 1954 illuminatortun,
1971 1903 2038 1944 ac

458 1983 560 2041 per
579 1970 680 2027 hoc
703 1972 770 2028 ad
799 1972 1166 2028 sacratissima
1195 1974 1506 2032 caelestium
1534 1981 1910 2050 mysteriorum
1943 1983 2041 2035 ab-

459 2056 570 2113 dita
621 2074 780 2114 manu
825 2061 1145 2126 ductorum,
1197 2063 1458 2120 altissima
1497 2066 1710 2121 divinae
1749 2067 1771 2099 δ
1799 2069 2038 2126 tlieoriae

456 2147 663 2224 βήματα
709 2149 765 2216 ⁸,
795 2150 898 2207 hoc
927 2161 1011 2207 est
1041 2151 1066 2184 ⁸
1090 2155 1290 2224 gradus
1316 2153 1338 2186 ⁷
1391 2171 1666 2228 superare,
1696 2174 1761 2215 ac
1788 2159 1904 2214 sine
1929 2161 2038 2214 ullo

446 2235 644 2296 errore
669 2240 1045 2312 apertissimae
1072 2237 1318 2300 veritatis
1344 2247 1579 2317 speciem
1607 2249 1750 2304 nulla
1801 2252 2035 2323 caligine

453 2327 707 2387 obstante
755 2329 779 2366 ⁸
810 2329 1030 2388 intueri.
1063 2334 1213 2401 Quae
1241 2335 1493 2406 quoniam
1521 2338 1659 2392 ultra
1691 2339 1836 2396 vires
1865 2342 2038 2396 inn-n-

411 2417 415 2422 ’
456 2416 623 2476 tionis
644 2429 866 2479 nostrae
893 2424 1188 2480 constituta
1223 2437 1372 2490 sunt.
1403 2443 1501 2482 nec
1533 2429 1707 2486 adhuc
1753 2446 2038 2501 possumus

453 2510 724 2585 attingere
745 2515 1046 2572 carnalium
1077 2531 1334 2573 sensuum
1390 2520 1626 2590 pondere
1672 2523 1937 2593 oppressi,
1966 2540 2038 2581 ne

451 2601 594 2677 pigri
617 2603 966 2662 videamurin
991 2606 1191 2662 divinis
1219 2609 1469 2679 negotiis,
1502 2610 1762 2667 talentum
1793 2612 2033 2670 Domini-

451 2707 578 2750 cum
626 2692 854 2752 interra
884 2689 1173 2762 fodientes.
1197 2714 1264 2753 ac
1293 2699 1411 2756 sine
1439 2699 1543 2755 ulla
1595 2717 1757 2756 usura
1798 2705 1820 2737 '
1869 2719 2036 2774 pecu-

452 2781 601 2840 niam
657 2782 863 2841 domini
919 2785 1252 2859 negligentes
1281 2830 1296 2854 .
1341 2788 1573 2860 malique
1618 2791 1761 2847 servi
1817 2803 2037 2851 senten-

451 2870 587 2930 tiam
611 2884 1007 2945 promerentes,
1033 2877 1101 2932 de
1130 2877 1247 2940 bis.
1274 2893 1417 2950 quae
1447 2895 1590 2938 nunc
1621 2880 1762 2938 inter
1788 2899 1887 2939 nos
1907 2900 2038 2940 con-

447 2959 705 3028 ferimus.
721 2974 985 3036 quantum
1011 2965 1199 3024 intima
1224 2969 1314 3024 lux
1347 2972 1631 3042 capacitati
1660 2976 2036 3044 quaerentium

447 3062 512 3108 se
547 3050 851 3119 donaverit.
881 3053 1138 3126 quicquid
1169 3057 1513 3115 verisimilius
1549 3060 1720 3117 visum
1750 3061 1932 3120 lucrit’
1952 3064 2039 3121 di-

2139 1874 2326 1944 aceipe
2363 1874 2581 1945 majoris
2631 1876 2844 1932 virtutis
2896 1886 3293 1947 argumentum.
3344 1875 3462 1932 Non
3524 1874 3719 1940 solum.

2135 1967 2278 2034 Quae
2341 1972 2488 2028 sunt.
2541 1965 2678 2020 bona
2737 1973 2909 2031 sunt;
2950 1981 3132 2019 verum
3185 1965 3370 2024 etiam.
3413 1978 3552 2034 quae
3613 1980 3741 2018 non

2119 2055 2284 2118 sunt.
2311 2055 2446 2110 bona
2477 2055 2747 2111 dicuntur.
2763 2056 2946 2127 quue
2967 2058 3195 2130 amplius
3222 2057 3442 2112 meliora
3468 2057 3719 2112 dicuntur

2139 2161 2274 2215 quae
2301 2155 2406 2200 non
2436 2157 2584 2214 sumt,
2611 2164 2771 2220 quam
2801 2164 2941 2220 quae
2967 2161 3124 2214 sunt;
3161 2164 3282 2202 nam
3307 2146 3355 2184 “
3381 2149 3434 2202 in
3459 2159 3718 2217 quantum

2136 2252 2233 2309 per
2269 2237 2645 2294 excellentiam
2673 2248 2933 2310 superant
2967 2241 3278 2304 essentiam.
3312 2232 3363 2294 in
3402 2247 3608 2292 tantum
3632 2254 3721 2290 su-

2137 2331 2506 2401 peressentiali
2530 2331 2691 2395 bono.
2723 2331 2834 2388 Deo
2865 2332 3134 2394 videlicet,
3158 2331 3618 2402 appropinquant;
3664 2332 3717 2384 in

2135 2432 2399 2494 quantum
2427 2432 2606 2478 autem
2632 2424 2675 2458 ⁸⁷
2703 2424 2996 2480 essentiam
3029 2422 3375 2493 participant,
3407 2421 3460 2476 in
3509 2431 3717 2477 tantum
3763 2467 3766 2471 .
3792 2445 3796 2449 ·

2136 2528 2167 2568 a
2191 2513 2624 2584 superessentiali
2655 2514 2796 2570 bono
2823 2514 3162 2586 elongantur.
3193 2512 3308 2567 Non
3343 2527 3465 2580 esse
3509 2522 3716 2576 autem.

2138 2612 2200 2661 ut
2240 2603 2496 2669 arbitror.
2531 2603 2801 2669 dicuntur.
2847 2621 2985 2676 quae
3041 2621 3140 2660 nec
3183 2619 3367 2667 sensu.
3414 2619 3512 2657 nec
3563 2601 3717 2656 intel-

2137 2695 2303 2762 lectu.
2348 2711 2478 2766 prae
2529 2696 2692 2752 nimia
2741 2697 2824 2753 sui
2867 2697 3216 2758 excellentia.
3265 2693 3717 2766 inseparabilique

2137 2791 2362 2857 unitate,
2389 2805 2452 2846 ac
2475 2790 2818 2860 simplicitate
2869 2789 3068 2860 percipi
3097 2798 3353 2860 possunt;
3417 2802 3538 2843 esse
3587 2801 3718 2840 vero

2136 2881 2516 2946 aestimantur.
2539 2895 2680 2951 quae
2706 2880 3064 2936 intellectibus
3102 2880 3419 2935 sensibusve
3461 2890 3710 2931 succum-

2135 2973 2292 3037 δυιιι.
2319 2980 2374 3027 et
2402 2971 2455 3028 in
2481 2973 2711 3045 quadam
2748 2980 2899 3030 certa
2937 2971 3268 3043 deﬁnitaque
3287 2968 3584 3025 substantia
3613 2965 3717 3024 dil-

2137 3062 2382 3119 l'et‘Eutiis
2408 3063 2454 3095 "
2479 3063 3002 3134 proprietatibusque
3047 3061 3588 3124 circumscribuntur.
3618 3073 3714 3113 ac-

446 3155 652 3208 cemus,
674 3143 996 3204 humilitatis
1023 3148 1206 3220 regula
1238 3151 1436 3221 ubique
1473 3153 1783 3220 observata,
1812 3171 1880 3212 ne
1902 3171 2027 3213 nos-
2057 3161 2103 3224 c
2132 3158 2543 3230 cideutibusque
2565 3157 2608 3190 "
2631 3155 2870 3225 subjecta
2889 3196 2904 3222 ,
2929 3156 3063 3212 locis
3094 3155 3528 3226 temporibusque
3565 3154 3712 3207 varia

448 3242 566 3290 met
586 3247 709 3293 esse
729 3237 1096 3305 aestimemus.
1116 3243 1258 3310 quod
1280 3258 1378 3307 nos
1400 3259 1506 3299 non
1522 3261 1730 3302 smnus.
1757 3247 2032 3320 Scriptum

445 3329 530 3380 est
550 3323 695 3381 enim
719 3340 738 3382 :
767 3325 897 3383 Noli
923 3326 1090 3384 altum
1117 3347 1318 3401 sapere,
1348 3333 1442 3388 sed
1466 3335 1608 3390 tunc.

511 3407 573 3469 Ξ.
617 3414 732 3473 Hac
754 3415 922 3488 igitur
947 3418 1158 3475 ratione
1194 3421 1502 3491 specialiter
1537 3424 1800 3497 principia
1849 3405 2029 3485 rerum

441 3504 518 3561 Ib
544 3504 661 3577 ipsa
691 3523 788 3579 per
833 3509 1069 3581 seipsam
1122 3511 1364 3570 bonitate
1409 3516 1649 3588 incipere
1692 3519 2030 3580 introductus

442 3611 590 3656 sum.
615 3597 874 3674 νοημιί
897 3603 1180 3675 siquidem.
1213 3621 1313 3662 nec
1342 3608 1545 3681 absque
1575 3623 1885 3669 sanctorum
1929 3615 2035 3672 Pa-

446 3697 590 3745 trum
624 3693 972 3760 auctoritate,
1004 3704 1060 3750 et
1093 3697 1327 3754 maxime
1367 3699 1726 3773 Areopagitae
1764 3703 2026 3778 Dionysii,

445 3782 910 3853 generaliuimam
942 3785 1243 3843 divinarum
1275 3788 1625 3846 donationem
1650 3807 1770 3848 esse
1817 3809 1914 3864 per
1937 3808 2027 3852 se-

448 3869 622 3942 lpSam
651 3873 970 3940 bonitatem.
997 3878 1237 3948 aliasque
1255 3881 1652 3949 quodammodo
1679 3885 2024 3954 praecedere.

448 3962 619 4022 Causa
648 3981 885 4040 namque
913 3970 1155 4026 omnium
1186 3974 1424 4029 creatrix
1458 3974 1688 4039 bonitas.
1719 3991 1857 4048 quae
1883 3966 2028 4035 Deus

442 4063 552 4120 est,
577 4055 648 4112 ad
677 4056 782 4114 hoc
807 4059 980 4130 ipsam
1009 4075 1250 4126 causam,
1273 4079 1412 4133 quae
1439 4080 1538 4136 per
1557 4067 1788 4137 seipsam
1813 4069 2024 4127 bonitas

443 4145 673 4214 dicitur.
699 4147 874 4220 primo
907 4151 1147 4207 omnium
1177 4154 1405 4219 creavit.
1442 4165 1501 4210 ut
1538 4172 1635 4226 per
1663 4175 1780 4214 eam
1819 4163 2019 4227 ontnia.

445 4254 587 4311 quae
609 4249 756 4309 sunt,
779 4241 834 4298 in
859 4246 1126 4302 essentias
1148 4261 1211 4302 ex
1259 4263 1365 4304 non
1398 4249 1755 4308 existentibus
1795 4254 2024 4310 adduce-

447 4325 552 4385 ret.
579 4332 800 4389 Divinae
824 4334 1092 4405 siquidem
1139 4337 1396 4394 bonitatis
1441 4342 1716 4410 proprium
1759 4354 1860 4404 est.
1887 4361 2024 4416 quae

443 4435 551 4488 non
571 4435 744 4484 erant.
758 4426 811 4481 in
834 4428 1124 4484 essentiam
1142 4431 1740 4489 vocare.l."uiversitatis
1765 4439 1964 4492 ctenim
1979 4440 2035 4479 "-

2132 3263 2295 3324 atque
2321 3252 2561 3324 dispersa
2592 3250 2839 3306 semel-et
2866 3249 3025 3305 simul
3046 3263 3167 3306 esse
3192 3265 3296 3303 non
3325 3246 3577 3302 valentia.
3617 3243 3709 3300 Vi-

2132 3347 2298 3403 desne
2325 3345 2506 3416 igitur.
2539 3352 2798 3414 quantum
2839 3341 3140 3413 generalior
3165 3349 3250 3396 est
3288 3339 3520 3399 bonitas,
3545 3351 3706 3407 quam

2128 3437 2400 3494 essentia?
2421 3435 2689 3491 Bonorum
2715 3433 2976 3505 siquidem
3002 3447 3104 3486 una
3133 3431 3342 3502 species
3374 3429 3628 3485 bonitatis
3657 3427 3706 3461 "
3745 3432 3754 3438 ”

2139 3536 2224 3584 est
2248 3527 2299 3582 in
2326 3527 2412 3582 bis
2435 3541 2578 3596 quae
2605 3531 2750 3585 sunt.
2776 3522 2941 3578 altera
2969 3521 3023 3577 in
3049 3522 3134 3578 bis
3159 3535 3296 3592 quae
3317 3535 3424 3574 non
3452 3528 3596 3574 sunt.
3630 3521 3708 3577 Ac

2134 3631 2229 3688 per
2251 3616 2353 3672 hoc
2378 3631 2408 3671 a
2433 3617 2481 3648 “
2509 3613 2935 3686 generalioribus
2975 3611 3186 3667 divinae
3233 3611 3493 3681 largitatis
3535 3611 3703 3668 dona-

2127 3708 2363 3764 tionibus
2408 3707 2686 3770 incboans.
2715 3713 2773 3760 et
2819 3718 2915 3776 per
2951 3702 3297 3775 specialiores
3335 3701 3700 3772 progrediens.

2126 3795 2372 3856 ordinem
2399 3796 2666 3868 quendam
2691 3792 3122 3868 primordialium
3163 3807 3448 3849 causarmn
3492 3789 3696 3847 theolo-

2126 3888 2213 3962 gia
2234 3889 2371 3945 duce
2395 3887 2670 3944 constitui.

2195 3978 2250 4035 '5.
2282 3978 2426 4034 DlSC.
2449 3976 2570 4033 Jam
2601 3976 2864 4048 intelligo.
2894 3989 3001 4030 non
3042 3970 3484 4031 irrationabiliter
3529 3981 3585 4026 te
3624 3971 3702 4024 iu-

2125 4071 2352 4126 cboasse
2400 4070 2786 4140 principiorum
2833 4067 3342 4124 considerationem.
3386 4063 3702 4133 Quicunque

2125 4160 2270 4229 enim
2295 4170 2442 4215 recte
2469 4159 2678 4222 dividit.
2710 4175 2742 4214 a
2778 4155 3202 4230 generalissintis
3243 4155 3404 4210 debet
3440 4154 3712 4236 incipere.

2125 4269 2180 4308 et
2207 4269 2304 4324 per
2325 4252 2658 4324 generalium
2683 4250 2956 4324 progredi,
2975 4266 3038 4303 ac
3067 4248 3165 4313 sic,
3197 4255 3358 4318 prout
3384 4245 3554 4300 virtus
3572 4261 3700 4317 cou-

2131 4344 2494 4415 templationis
2520 4342 2808 4407 succurrit,
2851 4341 2917 4395 ad
2968 4339 3353 4410 specialissitna
3398 4335 3694 4408 pervenire.

2129 4435 2279 4502 Quod
2310 4435 2472 4488 etiam
2507 4435 2558 4487 in
2601 4434 2730 4504 ipsis
2772 4448 2950 4487 rerum
2996 4428 3290 4502 principiis.
3341 4441 3479 4495 quae
3523 4424 3697 4498 primo

442 4515 692 4573 conditae
716 4517 770 4573 in
803 4520 1201 4592 essentiamque
1226 4525 1492 4579 adductae
1519 4524 1697 4579 divina
1732 4527 1943 4582 benitas
1967 4540 2020 4584 et
2056 4514 2102 4573 ί)
2127 4527 2378 4600 posuisti.
2401 4526 2626 4592 interius
2661 4524 3008 4597 perspiciens,
3039 4523 3091 4576 ni
3128 4521 3301 4584 fallor.
3331 4517 3591 4588 inteliigo.
3628 4513 3698 4579 Ut

446 4605 728 4678 plusquam
772 4609 986 4666 bonitas
1017 4619 1072 4665 et
1116 4612 1419 4668 essentialis
1463 4623 1519 4669 et
1557 4619 2023 4685 super-essentialis

441 4711 609 4754 causa
637 4708 738 4756 est.
778 4700 836 4755 Si
893 4701 1057 4770 igitur
1101 4703 1328 4759 Creator
1372 4687 1467 4776 per
1520 4721 1674 4760 suam
1726 4708 2020 4763 bonitatem

443 4789 624 4845 ontnia
664 4792 731 4846 de
779 4793 966 4860 nibiio,
1011 4803 1068 4850 ut
1128 4804 1334 4859 essent.
1381 4797 1666 4859 derivavit.
1717 4801 2019 4854 necessario

443 4879 750 4938 intellectus
782 4901 879 4956 per
934 4887 1169 4957 seipsum
1215 4889 1489 4955 bonitatis.
1540 4890 1868 4946 intellectum
1924 4909 2020 4962 per

439 4973 672 5046 seipsam
696 4973 739 5010 “
763 4980 1030 5036 essentiae
1057 4982 1346 5050 praecedit.
1373 4981 1488 5037 Non
1514 4984 1656 5038 enim
1707 5001 1800 5055 per
1838 5001 2017 5040 essen-

440 5067 572 5124 tiam
594 5069 894 5126 introducta
921 5083 1002 5127 es:
1031 5073 1258 5138 bonitas,
1287 5072 1378 5129 sed
1411 5089 1506 5144 per
1531 5075 1826 5129 bonitatem
1849 5078 2019 5131 intro-.-

441 5159 605 5216 ducta
631 5170 716 5216 est
742 5165 995 5219 essentia.
1024 5165 1155 5220 Nam
1177 5176 1232 5221 et
1255 5168 1357 5222 hoc
1376 5167 1714 5237 apertissime
1736 5169 2014 5240 Scriptura

2129 4619 2272 4675 enim
2303 4620 2513 4672 bonitas
2537 4617 2696 4672 veluti
2743 4617 3008 4686 quoddam
3055 4629 3226 4684 genus
3268 4621 3350 4666 est
3401 4608 3693 4671 essentiae.

2125 4713 2360 4768 essentia
2390 4727 2518 4767 vero
2543 4711 2750 4781 species
2771 4710 3033 4780 quaedam
3069 4706 3323 4762 bonitatis
3365 4719 3488 4759 esse
3522 4700 3696 4758 credi-

2127 4815 2241 4870 tur;
2277 4807 2346 4858 ila
2375 4803 2608 4860 essentia
2637 4818 2805 4873 genus
2849 4810 2931 4854 est
2976 4801 3132 4854 vitae.
3177 4796 3452 4866 Siquidem
3484 4791 3693 4858 omnia.

2125 4910 2262 4962 quae
2292 4903 2438 4956 sunt,
2465 4893 2776 4946 dividuntur
2808 4893 2859 4945 in
2882 4904 2970 4952 ea.
3000 4903 3138 4959 quae
3157 4904 3251 4958 per
3271 4903 3332 4944 se
3352 4886 3396 4917 "
3417 4884 3620 4947 vivunt,
3641 4890 3698 4937 et

2123 4985 2268 5048 ea".
2287 4999 2426 5056 quae
2453 4999 2548 5055 per
2573 4983 2684 5038 se"
2704 4999 2806 5038 non
2832 4983 3033 5036 vivunt.
3059 4981 3173 5036 Non
3197 4973 3588 5034 enimomnis"
3605 4990 3693 5028 es-

2125 5077 2298 5132 sentia
2332 5093 2430 5148 per
2454 5093 2513 5134 se
2537 5076 2687 5133 vivit.
2719 5088 2807 5131 aut
2846 5075 2948 5128 vita
2981 5086 3081 5129 est.
3117 5074 3191 5127 At:
3217 5090 3314 5142 per
3343 5065 3444 5127 boe
3481 5082 3692 5128 eorum.

2124 5183 2263 5238 quae
2292 5178 2437 5231 sunt.
2469 5183 2572 5222 una
2611 5166 2818 5238 Species
2848 5176 2926 5225 est
2971 5165 3026 5219 in
3073 5165 3174 5227 bis.
3220 5179 3360 5234 quae
3413 5177 3510 5234 per
3547 5174 3606 5214 se
3645 5155 3695 5189 “

1729 5301 1979 5359 γΑιιιΑίς
2019 5288 2451 5362 caenosas."

1045 5436 1066 5466 '
1089 5434 1128 5488 (ἶ
1168 5436 1414 5490 rrrtmu’o.
1492 5437 1602 5490 'rsl
1631 5455 1738 5492 om.
1772 5439 1832 5490 Α.

1117 5508 1140 5540 ⁸
1161 5507 1199 5558 (ἶ
1221 5508 1464 5560 distenta.

1031 5576 1075 5608 "
1105 5576 1145 5629 (ἶ
1173 5578 1410 5630 anui-nti
1487 5578 1531 5609 "
1563 5595 1676 5634 rrro
1705 5595 1813 5632 nm.
1854 5580 1937 5632 (1..

512 5429 530 5462 '
559 5431 744 5486 habere
775 5449 881 5487 om.
909 5436 966 5487 Α.

435 5516 548 5555 om.
583 5503 646 5558 Α.
721 5503 743 5535 τ
781 5504 820 5556 Α
851 5506 1036 5569 grmlu.

442 5573 487 5605 ³³
518 5575 553 5624 Α
595 5575 954 5626 (serattiuiitrr.

439 5645 700 5750 (frentt'isq
714 5680 732 5691 .-
749 5662 790 5698 ε’.

529 5729 600 5750 Ml
645 5733 693 5750 l,‘
719 5733 790 5750 Alli

519 5729 600 5785 per
640 5733 693 5770 δι’
719 5732 801 5770 om
850 5717 912 5771 Α.

992 5721 1033 5748 "
1067 5720 1232 5772 omnis
1265 5735 1350 5771 nm
1403 5716 1460 5772 (ἶ.
1537 5720 1581 5750 ⁸³
1615 5735 1704 5787 per
1744 5738 1794 5774 te
1827 5735 1927 5775 om.
1968 5724 2028 5772 Λ.

1915 5438 1930 5468 ³
1960 5439 2166 5494 divinae
2201 5459 2308 5495 om.
2353 5444 2413 5497 Λ.

1540 5511 1563 5542 ⁸
1587 5508 1626 5561 C
1652 5508 1768 5563 sine
1792 5509 1895 5561 nilo
1923 5507 2221 5572 usufrnclu.

2018 5579 2064 5610 “
2087 5600 2186 5655 pro
2214 5599 2337 5638 naut
2363 5582 2402 5637 C
2433 5601 2556 5638 non.

872 5648 912 5679 "
944 5651 980 5698 Α
1031 5647 1380 5701 αςιλὶςιμηιίὺηδ
1419 5664 1639 5716 quoque.
1718 5649 1765 5681 ”
1790 5651 2031 5702 bouimtis
2063 5647 2171 5708 ὀιιι,
2202 5655 2243 5710 ,ι
2319 5656 2360 5685 ²¹
2392 5673 2422 5706 u
2471 5668 2579 5708 0m.
2611 5653 2669 5708 (ἶ.

2493 5441 2513 5476 ⁸
2538 5443 2718 5497 Curta.
2754 5443 2793 5496 .-\
2825 5443 3058 5501 clintum.
3090 5441 3128 5493 Β
3163 5441 3376 5493 binmm.
3451 5438 3473 5470 ⁸
3495 5440 3592 5492 hoc
3617 5445 3688 5488 est

2662 5513 2703 5544 ¹¹
2732 5516 2770 5566 .-\
2805 5528 2856 5579 ιι.
2888 5514 3128 5581 stipitum.
3214 5512 3253 5542 "
3288 5510 3327 5581 ι]
3356 5509 3503 5561 rulu'r
3532 5509 3687 5581 (In-ere.

2655 5585 2694 5616 "
2728 5576 2900 5636 autem
2947 5576 3053 5635 nui.
3107 5582 3165 5633 Ᾱ.
3281 5579 3383 5634 "A
3427 5596 3537 5630 mn.
3582 5576 3689 5632 an;

2750 5655 2792 5685 ¹¹
2828 5671 2916 5723 μονι-
2946 5669 2998 5706 ω
3049 5671 3134 5703 mn
3208 5663 3253 5703 \.
3331 5651 3375 5682 ”
3404 5668 3462 5703 r:.'
3489 5667 3595 5704 Ottt.
3623 5650 3686 5700 Α.

2297 5514 2339 5546 ¹⁹
2364 5513 2405 5566 Α
2424 5514 2582 5568 enim.
