4230 6068
449 280 554 340 629
1299 274 1388 334 οε
1426 272 1763 333 DIVISIONE
1805 271 2155 330 NATURAE.
2209 300 2268 314 -
2304 269 2504 326 LIBER
2541 267 2865 326 TERTIUS.
3239 317 3245 322 .
3596 215 3726 322 .630

449 399 638 452 vivunt
661 391 745 451 vel
768 394 876 451 vita
910 400 1062 461 sunt,
1081 389 1256 470 altera
1281 391 1334 446 in
1357 392 1464 457 bis,
1493 403 1635 464 quae
1662 403 1762 446 nec
1787 403 1885 460 per
1907 402 1968 444 se
2008 387 2031 424 ⁸
2059 392 2110 452 Α
2138 385 2262 442 dem
2299 399 2508 440 summa
2539 392 2622 440 est
2644 381 2943 454 aequalitas
2972 396 3036 436 ac
3062 378 3203 434 nulla
3224 379 3534 440 diversnas,
3561 379 3615 434 in
3643 379 3728 435 liis

452 487 618 547 vitam
645 483 990 557 participant,
1024 497 1134 550 nec,
1158 483 1271 561 vita
1301 490 1445 540 sunt.
1475 476 1826 551 ﬂauumque
1856 479 1909 535 iu
1952 476 2038 534 sc-
2105 510 2107 513 -
2139 493 2270 534 vero
2309 477 2589 547 multiplex
2639 486 2693 532 et
2739 475 2949 532 inliuita
2994 473 3420 529 dill’erentiarum
3469 471 3722 526 varietas.

451 579 743 650 quentibus
773 585 951 649 potest
976 576 1188 649 inspici.
1219 575 1356 635 Nam
1404 576 1514 632 vita
1559 575 1828 646 quoddam
1868 589 2040 646 genus
2140 569 2246 625 Sed
2280 568 2409 640 quid
2460 569 2531 624 sit
2572 566 2938 639 participatio,
2986 565 3225 620 nondum
3283 562 3552 634 intelligo,
3610 564 3728 617 sine

453 669 678 726 rationis
707 678 809 726 est.
833 667 1026 728 Omnia
1073 669 1361 739 siquidem,
1392 684 1533 740 quae
1569 669 1774 730 vivunt,
1803 675 1898 722 aut
1943 661 2033 720 ra;

454 760 728 819 tionabilia
758 771 909 825 sunt,
934 769 1029 816 aut
1057 759 1467 815 irrationabilia.
1520 760 1600 814 Ae
1644 773 1742 829 per
1784 758 1887 814 ltoc
1931 770 2035 811 una

452 853 660 924 species
689 852 830 908 vitae
852 861 936 910 est
968 836 1270 916 rationalis,
1303 851 1474 906 altera
1493 849 1825 906 irrationalis
1855 851 1896 903 ι.
1926 848 2034 904 Ra-

456 945 618 1000 tionis
653 944 778 1002 item
817 942 1014 1013 duplex
1059 944 1272 1014 species
1317 943 1543 1009 arridet,
1590 958 1694 998 una
1745 941 2034 1013 sapientia,

453 1034 620 1091 altera
659 1035 905 1092 scientia.
958 1035 1236 1108 Sapientia
1291 1052 1528 1107 namque
1575 1037 1793 1108 proprie
1839 1033 2039 1091 dicitur

454 1127 629 1183 virtus
657 1128 768 1195 illa,
799 1144 904 1200 qua
935 1129 1387 1200 conten'tplativus
1413 1131 1652 1196 animus,
1682 1130 1798 1186 sive
1843 1129 2036 1185 buma-

452 1235 577 1286 nus,
606 1219 720 1280 sive
741 1221 1037 1293 angelicus,
1066 1222 1269 1288 divina,
1298 1231 1515 1284 aeterna
1536 1232 1593 1277 et
1622 1220 2038 1277 incommutabip

387 1309 404 1315 “
453 1313 523 1369 lia
571 1314 911 1386 considerat;
969 1315 1086 1371 sive
1124 1315 1270 1372 circa
1297 1315 1527 1384 primam
1550 1314 1790 1370 omnium
1817 1329 2038 1372 causam

453 1415 722 1473 versetur,
743 1409 858 1464 sive
886 1409 1030 1464 circa
1059 1408 1439 1479 primordiales
1460 1423 1642 1463 rerum
1665 1423 1880 1473 causas,
1901 1423 2040 1478 quas

368 1501 393 1572 ξ
454 1494 616 1553 Pater
649 1498 702 1552 in
726 1496 908 1556 Verbo
933 1515 1033 1554 suo
1056 1498 1226 1556 semel
1271 1499 1539 1570 simulque
1587 1500 1850 1565 condidit,
1899 1515 2039 1576 quae

454 1590 665 1661 species
716 1591 941 1647 rationis
995 1608 1027 1648 a
1067 1591 1403 1662 sapientibus
1445 1593 1713 1664 theologia
1750 1592 2038 1654 vocitatur.

453 1680 694 1746 Scientia
717 1698 847 1739 vero
889 1695 973 1740 est
1021 1685 1219 1752 virtus,
1275 1702 1383 1757 qua
1424 1688 1757 1746 tbeoretiCus
1802 1689 2038 1754 animus,

2114 663 2293 734 cujus
2323 661 2674 730 intelligentia
2706 675 2865 715 nemo
2896 667 3075 728 potest
3102 656 3379 726 praedicta
3424 656 3490 710 ad
3534 669 3725 724 purum

2138 758 2482 828 dignoscere,
2510 753 2852 809 utarbitror.
2887 751 3028 808 MAG.
3081 741 3257 804 Omne
3298 747 3440 818 quod
3492 757 3607 808 est,
3637 752 3731 799 aut

2139 850 2495 922 participans,
2524 857 2617 902 aut
2657 843 3059 915 participatum,
3091 850 3182 895 aut
3236 838 3580 910 parti‘cipatio
3621 845 3730 894 est.

2138 951 2231 998 aut
2259 938 2642 1013 participatum
2663 936 2822 993 simul
2838 945 2894 991 et
2911 936 2953 969 ³³
2969 933 3322 1004 participans.
3345 929 3414 985 Pa
3425 929 3732 999 rticipatum

2137 1034 2478 1094 solummodo
2502 1044 2606 1097 est,
2627 1032 2769 1104 quod
2799 1029 3006 1085 nullum
3042 1026 3294 1098 superius
3332 1040 3389 1080 se
3419 1020 3732 1093 participat,

2137 1129 2282 1201 quod
2306 1127 2376 1184 de
2402 1140 2616 1184 summo
2635 1139 2702 1180 ac
2723 1123 2840 1179 solo
2860 1121 3102 1178 omnium
3124 1118 3409 1190 principio,
3425 1115 3568 1187 quod
3593 1114 3736 1169 Deus

2136 1231 2241 1287 est,
2281 1231 2427 1278 recte
2469 1217 2804 1289 intelligitur.
2831 1216 3008 1287 ipsum
3063 1212 3329 1282 siquidem
3357 1207 3560 1268 omnia.
3589 1221 3729 1277 quae

2139 1313 2208 1370 ab
2230 1329 2296 1370 eo
2317 1321 2462 1377 sunt,
2491 1309 2842 1382 participant,
2876 1304 3139 1376 quaedam
3178 1300 3396 1372 quidem
3419 1295 3732 1355 immediate

2137 1420 2236 1478 per
2266 1404 2464 1474 seipsa,
2500 1401 2764 1474 quaedam
2794 1412 2924 1454 vero
2952 1389 3047 1467 per
3077 1393 3395 1449 medietates
3446 1385 3739 1456 interposi-

2141 1507 2245 1554 tas.
2283 1494 2624 1564 Participans
2650 1505 2782 1548 vero
2813 1488 3151 1546 solummodo
3173 1481 3275 1550 est,
3315 1481 3458 1552 quod
3482 1495 3644 1551 supra
3675 1493 3736 1533 se

2140 1587 2463 1650 naturaliter
2488 1583 2845 1641 constitutum
2867 1578 3177 1652 participat,
3206 1591 3237 1630 a
3261 1573 3406 1629 nullo
3430 1585 3560 1626 vero
3587 1568 3729 1624 infra

2143 1699 2204 1745 se
2225 1681 2401 1755 posito
2428 1677 2803 1751 participatur,
2830 1674 3088 1744 quoniam
3119 1669 3257 1725 infra
3292 1683 3352 1722 se
3391 1664 3570 1721 nullus
3597 1661 3738 1718 ordo

453 1774 880 1840 siveltuntanus,
911 1776 1028 1832 sive
1073 1777 1369 1849 angelicus,
1397 1779 1465 1835 de
1508 1787 1700 1838 natura
1748 1794 2043 1847 rerum,ex
2075 1763 2117 1825 Β
2147 1775 2410 1839 naturalis
2463 1771 2764 1836 invenitur;
2817 1768 2958 1824 sicut
3001 1771 3130 1822 sunt
3191 1775 3457 1832 corpora,
3500 1769 3733 1849 quorum

455 1867 893 1939 primordialibus
921 1869 1098 1926 causis
1142 1870 1550 1942 procedentium
1599 1886 1697 1942 per
1737 1871 2045 1944 generatio-

453 1959 796 2039 nem,-inque
819 1976 1018 2032 genera
1051 1979 1116 2018 ae
1143 1962 1351 2042 species
1380 1953 1711 2026 divisarun'i,
1751 1979 1851 2045 per
1893 1961 2046 2022 ditis-

458 2052 685 2118 rentlas,
727 2061 784 2107 et
824 2053 1185 2125 proprietates
1240 2061 1452 2121 tractat,
1505 2055 1622 2112 sive
1673 2054 2045 2116 accidentibus

452 2144 790 2210 succumbat,
813 2145 930 2200 sive
953 2145 1032 2201 eis
1058 2155 1274 2211 careat,
1325 2145 1443 2203 sive
1487 2145 1806 2216 corporibus
1834 2143 2045 2216 adjun-

453 2242 568 2299 cta,
595 2233 711 2290 sive
751 2237 967 2305 penitus
1003 2236 1072 2292 ab
1098 2235 1176 2291 eis
1206 2236 1370 2292 libera
1391 2276 1406 2301 ,
1451 2235 1564 2292 sive
1590 2235 1724 2291 locis
1748 2244 1803 2290 et
1837 2239 2042 2312 tempe.-

453 2327 606 2385 ribus
627 2329 939 2394 distributa,
967 2329 1083 2384 sive
1115 2329 1253 2384 ultra
1285 2328 1400 2384 loca
1425 2337 1480 2382 et
1517 2336 1759 2399 tempora
1789 2327 1874 2384 sui
1912 2327 2045 2382 sim-

455 2418 697 2504 plicitate
756 2420 906 2480 unita
971 2429 1135 2491 atque
1194 2418 1594 2493 inseparabilis.
1645 2416 1797 2496 Quae
1837 2407 2048 2490 species

455 2508 688 2567 rationis
717 2509 949 2584 Physica
973 2511 1192 2571 dicitur.
1235 2509 1332 2568 Est
1380 2508 1525 2567 enim
1552 2509 1784 2580 Physica
1828 2518 2048 2571 natura.

458 2614 582 2658 t‘um
603 2600 853 2657 sensibus
879 2600 1351 2677 intellectlbusque
1379 2599 1849 2663 succumbentium
1889 2606 2050 2661 natu,

459 2690 591 2746 ralis
612 2690 863 2756 scientia,
890 2707 1054 2763 quam
1084 2706 1300 2762 semper
1345 2691 1592 2762 sequitur
1635 2705 1847 2749 morum
1887 2688 2050 2751 disci.

462 2782 626 2855 plina.
651 2781 719 2838 Et
741 2775 926 2854 siquis
960 2784 1200 2841 intentus
1229 2783 1410 2850 fuerit,
1433 2783 1662 2842 eandem
1685 2782 1925 2866 regulam
1954 2791 2049 2841 aut

459 2874 517 2932 in
544 2876 816 2942 omnibus,
849 2885 943 2931 aut
969 2877 1021 2934 in
1053 2877 1238 2932 multis
1277 2873 1716 2953 primordiaiibus
1754 2874 1936 2936 causis
1958 2892 2051 2933 rc-

459 2969 664 3041 periet;
709 2983 818 3025 non
842 2969 1007 3040 quod,
1033 2978 1090 3024 ut
1113 2969 1372 3035 arbitror,
1404 2969 1833 3044 primordialium
1859 2983 2051 3029 causa-

385 3061 390 3064 ⁴
458 3070 581 3116 rum
617 3058 883 3130 quaedam
930 3060 1148 3131 quidem
1197 3057 1540 3130 generalium
1599 3059 1726 3124 Sint,
1779 3060 2048 3134 quaedam

2145 1865 2561 1941 participatione
2590 1862 2734 1917 nulla
2767 1873 2947 1914 rerum
3000 1852 3280 1917 subsistit;
3313 1865 3417 1904 non
3445 1847 3588 1903 enim
3608 1860 3740 1941 timo

2146 1933 2276 2018 bras
2340 1933 2483 2024 inter
2562 1952 2920 2010 subsistentes
2975 1959 3061 2002 res
3105 1933 3739 2000 connumeramus.Cor-

2146 2065 2277 2124 pora
2303 2062 2446 2104 nunc
2472 2045 2520 2080 “
2545 2043 2690 2110 dico,
2741 2056 2848 2096 non
2879 2038 2968 2095 illa
2994 2033 3280 2107 simplicia,
3331 2026 3643 2089 invisibilia,
3687 2031 3742 2080 et

2148 2119 2496 2203 universalia,
2523 2137 2621 2193 sed
2652 2135 2764 2200 illa,
2792 2147 2932 2204 quae
2975 2145 3044 2185 ex
3075 2128 3205 2200 ipsis
3252 2133 3378 2181 sunt
3419 2119 3740 2190 composita,

2147 2233 2506 2302 sensibusque
2563 2236 2618 2283 et
2661 2223 3019 2295 corruptioni,
3053 2221 3156 2275 ltoc
3200 2226 3304 2282 est,
3336 2212 3590 2295 solutioni
3642 2210 3712 2264 ob

2149 2327 2354 2387 noxia:
2397 2333 2578 2379 cetera
2609 2335 2782 2383 ivero,
2833 2324 3186 2386 quaecunque
3239 2309 3308 2365 ab
3358 2320 3464 2363 uno
3500 2302 3743 2359 omnium

2148 2415 2416 2496 principio
2452 2429 2549 2485 per
2567 2409 2848 2467 naturales
2877 2403 3260 2462 descensiones
3309 2399 3621 2473 gradusque
3656 2393 3742 2450 di-

2149 2491 2274 2567 vina
2323 2507 2593 2578 sapientia
2644 2501 2960 2564 ordinatos,
2993 2511 3164 2568 usque
3236 2495 3304 2549 ad
3344 2491 3742 2546 extremitatem

2152 2600 2319 2658 totius
2343 2607 2594 2662 naturae,
2618 2609 2725 2666 qua
2770 2604 3001 2664 corpora
3053 2582 3503 2647 eontinentur,itt
3562 2578 3740 2635 medio

2150 2700 2277 2748 sunt
2303 2689 2620 2756 constituta,
2643 2691 2699 2740 et
2722 2679 3123 2754 partieipantia,
3155 2685 3211 2732 et
3266 2671 3587 2746 partiripata
3609 2676 3735 2724 sunt

2150 2793 2208 2845 cl.
2268 2781 2558 2844 vocantur.
2607 2771 3081 2836 Excellentissima
3116 2780 3388 2838 namque,
3414 2764 3556 2818 inter
3597 2775 3738 2832 quae

2139 2882 2204 2940 ‘el
2229 2874 2727 2936 summum'bouum
2755 2858 3005 2942 superius
3030 2863 3179 2920 nulla
3210 2872 3460 2918 creatura
3503 2856 3744 2923 interpo-

2150 2973 2256 3035 sita
2280 2960 2725 3036 est,'itnmediate
2754 2964 2924 3019 Deum
2971 2956 3322 3031 participant,
3348 2959 3398 3006 et
3430 2958 3557 3008 sunt
3593 2945 3745 3016 prin-

2152 3064 2294 3138 cipia
2318 3061 2562 3121 omnium
2587 3070 2791 3120 rerum,
2819 3061 2923 3110 ttoc
2970 3059 3076 3117 est,
3097 3044 3477 3122 primordiales
3525 3051 3744 3138 causae,
3790 3056 3809 3072 -

457 3165 593 3208 vero
623 3129 646 3182 έ
677 3129 1031 3224 specialiora;
1083 3129 1372 3208 talisienim
1401 3152 1760 3223 inaequalitas
1797 3129 1831 3186 λ
1862 3131 1916 3208 in
1941 3155 2047 3218 liis,
2075 3132 2122 3194 Ο
2152 3129 2299 3214 circa
2329 3162 2386 3211 et
2409 3161 2531 3226 post
2575 3160 2741 3206 unum
2769 3143 3094 3218 principium
3128 3135 3435 3196 universale
3478 3129 3746 3226 constitu-

459 3241 518 3298 in
537 3222 737 3315 quibus
764 3258 978 3299 summa
1006 3245 1203 3310 unitas,
1229 3254 1283 3300 et
1311 3259 1523 3302 summa
1541 3246 1845 3327 aequalitas
1861 3246 2048 3316 pollet,
2135 3233 2262 3316 'tae,
2289 3222 2573 3324 postyquas
2600 3247 2894 3313 sequentes
2936 3232 3207 3292 essentiae
3234 3242 3423 3327 earum
3449 3222 3745 3326 participa-

461 3337 810 3410 impossibilis
844 3339 888 3405 ',
921 3349 981 3396 ut
1010 3339 1265 3407 arbitror,
1293 3348 1376 3396 est
1393 3341 1434 3406 ‘;
1472 3325 1568 3398 sed
1597 3343 1720 3412 quia
1746 3341 1799 3396 in
1841 3335 2050 3414 eﬂ‘ecti-
2151 3321 2301 3406 tione
2348 3321 2672 3398 subsistunt,
2722 3331 2978 3395 Videsne,
3013 3321 3468 3406 quemadmodum
3535 3321 3749 3414 prunus

468 3406 564 3487 bus
582 3445 770 3486 earum
813 3431 997 3502 plures
1047 3431 1493 3502 participationes
1542 3406 1796 3498 aliarum,
1824 3411 2050 3488 aliarum
2148 3437 2284 3496 ordo
2315 3413 2691 3496 universitatis"
2716 3424 2966 3490 conditae
3007 3429 3063 3478 et
3111 3415 3381 3492 particeps
3436 3419 3521 3467 est
3575 3406 3740 3465 ullius

460 3535 593 3585 vero
615 3501 904 3593 pauciores
924 3501 1342 3594 contortiplautis
1359 3526 1592 3589 animus.
1611 3525 2048 3595 rerumquean

2151 3530 2395 3591 Otnnium
2420 3524 2695 3602 principii,
2721 3530 2776 3576 et
2796 3516 3154 3599 participatus
3194 3521 3264 3568 ex
3292 3501 3747 3602 subsequentibus

463 3613 627 3686 liplex
658 3613 853 3670 divisio
882 3614 1108 3670 invenit.
1154 3613 1559 3687 Multipliciores
1608 3616 1876 3687 siquidem
1925 3623 2053 3670 sunt

464 3705 911 3780 participationes
956 3720 1054 3777 per
1103 3708 1334 3781 seipsam
1399 3707 1697 3772 bonitatis,
1746 3723 1908 3778 quam
1956 3721 2055 3777 per

459 3799 698 3872 seipsam
740 3798 1232 3855 essentiaezunam
1279 3799 1498 3870 quidem
1534 3799 1859 3872 participant
1914 3814 2054 3870 quae

462 3898 608 3955 sunt,
633 3899 688 3946 et
719 3906 863 3962 quae
909 3905 1016 3947 non
1062 3901 1218 3957 sunt;
1271 3890 1499 3964 alteram
1546 3885 1676 3948 vero
1716 3891 2054 3950 solummodo

462 3997 601 4054 quae
623 3991 771 4062 sunt.
820 3982 1021 4041 Eodem
1056 3984 1215 4039 modo
1256 3984 1323 4040 de
1356 3984 1556 4041 ceteris
1581 3985 1865 4058 principiis
1893 3985 2053 4044 intel-

467 4072 630 4148 ligere
659 4091 767 4132 non
810 4075 1043 4132 alienum
1091 4086 1178 4132 est
1221 4093 1252 4131 a
1290 4077 1540 4133 veritate.
1581 4078 1887 4136 Essentiam
1920 4095 2053 4150 quo-

467 4179 571 4247 que
601 4164 626 4200 '
672 4165 1002 4238 participant
1025 4182 1165 4237 quae
1191 4169 1398 4235 vivunt,
1426 4178 1482 4225 et
1504 4186 1645 4242 quae
1686 4188 1793 4229 non
1832 4174 2050 4243 vivunt;

463 4256 631 4324 vitam
659 4271 790 4319 vero
815 4257 1153 4318 solummodo
1179 4275 1320 4329 quae
1350 4261 1553 4317 vivunt.
1600 4263 1778 4319 Vitam
1825 4265 2052 4336 partici-

467 4355 597 4418 pant
647 4348 990 4414 rationabilia
1035 4357 1091 4404 et
1141 4350 1565 4418 irrationabilia;
1624 4353 1892 4410 rationem
1923 4369 2057 4411 vero

464 4436 580 4494 sola
604 4437 968 4500 rationabilia.
1007 4439 1290 4508 ltatiouem
1321 4443 1648 4518 participant
1682 4445 1965 4515 sapientia
1996 4454 2051 4502 ct

2151 3596 2541 3682 mercatoria?
2559 3614 2738 3677 Simili
2775 3596 3071 3670 rationede
3123 3603 3324 3662 ceteris
3352 3599 3635 3659 ordinibus
3665 3596 3747 3652 lti-

2155 3713 2524 3789 telligendum.
2550 3706 2744 3775 Omnis
2763 3705 2907 3781 enim
2933 3701 3068 3757 ordo
3089 3715 3120 3754 a
3145 3712 3362 3755 summo
3384 3706 3554 3764 usque
3579 3693 3741 3789 deorf

2152 3784 2350 3866 sum'in
2370 3803 2550 3861 medio
2583 3797 2936 3859 constitutus,
2965 3794 3073 3850 boc
3098 3800 3204 3858 est,
3230 3806 3260 3845 a
3312 3790 3424 3846 Deo
3469 3801 3640 3856 usque
3675 3784 3744 3840 ad

2153 3912 2380 3971 corpora
2413 3892 2667 3958 visibilia,
2695 3900 2749 3946 et
2805 3887 3140 3967 superiorem
3165 3898 3225 3939 se
3249 3874 3495 3937 ordinem
3526 3876 3746 3950 partici-

2155 4001 2267 4065 pat,
2297 4000 2352 4047 et
2418 3971 2487 4044 ab
2541 3983 2784 4043 inferiori
2829 3987 2887 4038 se
2938 3977 3310 4051 participatur,
3345 3989 3409 4029 ac
3439 3985 3535 4043 per
3555 3971 3659 4027 hoc
3692 3977 3748 4065 ot

2153 4063 2489 4158 participans
2509 4088 2594 4135 est
2613 4121 2627 4145 ,
2655 4088 2709 4134 et
2739 4074 3125 4150 participatns;
3158 4067 3504 4141 participatio
3527 4078 3655 4120 vero
3690 4063 3746 4118 in

2153 4177 2406 4234 omnibus
2432 4172 2766 4241 intelligitur.
2798 4167 2866 4224 L'it
2891 4166 3036 4222 cuitu
3067 4163 3211 4219 inter
3237 4173 3588 4217 numerorum
3637 4164 3748 4211 ter-

2155 4271 2352 4333 minos,
2381 4266 2485 4321 lioc
2498 4271 2599 4326 est,
2625 4262 2766 4314 inter
2796 4260 2942 4330 ipsos
2969 4268 3246 4320 numeros,
3276 4254 3376 4309 sub
3405 4265 3510 4305 una
3533 4247 3745 4303 ratione

2155 4361 2496 4425 constitutos,
2535 4356 2760 4412 similes.
2792 4350 3207 4423 proportiones;
3240 4347 3312 4400 ita
3365 4344 3506 4400 inter
3553 4350 3746 4407 onines

2156 4459 2376 4520 ordines
2403 4452 2703 4516 naturales,
2732 4467 2762 4504 a
2788 4459 3001 4502 sunn'uo
3030 4455 3199 4512 usque
3223 4440 3500 4503 deorsum,
3527 4435 3747 4506 particl-

464 4528 723 4602 scientia;
774 4530 1097 4616 sapientiora
1140 4549 1265 4590 vero
1315 4511 1415 4591 soli
1464 4511 1538 4595 illi
1592 4511 1914 4603 iittcllectus,
1960 4539 2052 4614 qui
2085 4511 2132 4572 θ
2159 4511 2405 4628 ἑλίξεως,
2429 4546 2637 4602 similes
2658 4511 2806 4606 sunt,
2833 4537 3030 4611 quibus
3053 4511 3372 4605 junguntur.
3397 4529 3462 4584 Et
3487 4526 3746 4598 quemad-

466 4623 611 4678 circa
638 4621 808 4679 Deum
836 4610 980 4687 ultra
1005 4640 1219 4682 omnem
1250 4640 1497 4700 naturam
1515 4631 1816 4687 visibilium
1840 4643 1895 4690 et
1922 4610 2057 4690 invia

464 4713 727 4784 aibilium,
749 4724 805 4773 et
837 4727 994 4783 extra
1023 4720 1228 4797 scipsas
1257 4731 1480 4785 aeterno
1505 4733 1558 4779 et
1595 4723 1853 4789 incﬂ'abili
1880 4737 2052 4794 motu,

465 4823 522 4871 et
548 4815 696 4872 circa
740 4831 922 4873 rerum
949 4818 1214 4898 principia
1260 4822 1550 4890 volvuntur
1597 4825 1642 4878 ³.
1692 4823 1770 4882 Ac
1812 4843 1914 4900 per
1953 4830 2055 4887 hoc

467 4919 576 4960 non
601 4905 655 4960 in
704 4907 837 4978 ipsis
878 4923 1062 4965 rerum
1118 4913 1400 4987 principiis
1447 4930 1645 4988 genera
1688 4919 1773 4992 vel
1820 4921 2051 4992 species,

467 4993 749 5069 pluralitas
772 5001 1127 5074 paucitasque
1149 5003 1169 5036 '
1198 5005 1456 5061 intuenda
1481 5019 1627 5077 sunt,
1657 4989 1750 5066 sed
1781 4989 1898 5073 non.
1931 5012 1978 5063 ιο
1999 5015 2053 5074 in

465 5101 658 5146 eorum
687 5093 1212 5166 participationibus,
1241 5097 1345 5154 hoc
1367 5108 1475 5166 est,
1507 5077 1613 5174 rion
1647 5105 1699 5158 in
1747 5105 1880 5175 ipsis
1924 5122 2054 5164 cau-

389 5269 395 5274 \
466 5179 546 5239 sis
569 5181 625 5246 in
655 5184 822 5242 verbo
845 5186 939 5245 Dei
969 5187 1314 5247 uniformiter
1339 5202 1399 5249 et
1441 5193 1959 5254 inconunutabilitcr
1997 5209 2054 5257 et

467 5274 770 5350 aequaliter
809 5277 988 5349 factis,
1011 5296 1200 5338 verum
1231 5285 1283 5340 in
1312 5301 1497 5342 carum
1529 5288 1830 5355 effectibus,
1856 5293 2052 5363 quibus

467 5370 701 5430 mundus
731 5371 961 5430 visibilis
989 5385 1045 5431 et
1071 5375 1357 5434 invisibilis
1380 5380 1650 5451 impletur.
1682 5386 1736 5440 In
1773 5385 1903 5457 ipsis
1928 5388 2050 5456 qui-

2162 4625 2380 4708 inodum
2411 4647 2462 4701 in
2492 4637 2932 4717 proportionibus
2956 4645 3306 4689 numerorum
3341 4625 3746 4698 .proportiona-

2159 4746 2340 4800 lilates
2366 4749 2510 4803 sunt,
2546 4738 2648 4793 lioc
2669 4744 2776 4796 est,
2806 4728 3214 4803 proportionum
3246 4723 3452 4780 similes
3480 4720 3742 4783 rationes,

2159 4836 2348 4892 eodem
2373 4831 2532 4887 modo
2550 4824 2942 4882 innaturaliuut
2968 4820 3012 4852 ¹³
3033 4815 3434 4874 ordinationum
3456 4813 3745 4886 participao
3788 4878 3792 4882 _

2116 4962 2120 4966 -
2162 4925 2398 4983 tionibus
2439 4920 2714 4980 mirabiles
2755 4927 2918 4987 atque
2942 4910 3240 4969 ineﬂ‘abiles
3269 4908 3581 4967 barmonias
3605 4923 3737 4964 con.

2156 5017 2334 5086 stituit
2362 5015 2597 5078 creatrix
2619 5009 2873 5083 omnium
2907 5005 3193 5081 sapientia,
3222 5003 3420 5073 quibus
3452 4999 3634 5056 omnia
3689 4999 3742 5056 in

2157 5128 2318 5172 unam
2340 5109 2609 5180 quandam
2635 5101 3005 5166 concordiam,
3033 5113 3131 5177 seu
3168 5088 3485 5157 amicitiam,
3510 5109 3604 5151 seu
3651 5109 3747 5164 pa-

2155 5221 2296 5272 cem,
2330 5213 2717 5261 scuamorem,
2741 5209 2838 5252 seu
2877 5207 3203 5265 quocunque
3234 5190 3392 5247 modo
3417 5202 3779 5257 ternarium;

2153 5271 2306 5360 nium
2335 5291 2591 5350 adunatio
2605 5288 2897 5362 signiﬁcari
2927 5285 3117 5356 possit,
3145 5280 3479 5337 conveniunt
3515 5277 3670 5334 Sicut
3698 5271 3742 5307 “

2155 5389 2301 5444 enim
2334 5397 2683 5442 nmnerorum
2734 5376 3048 5442 concordia,
3084 5370 3482 5446 pmprtionis;
3515 5383 3752 5443 proper.

1757 5494 2011 5570 VAltlAE
2044 5495 2429 5559 LECTIONES

583 5616 680 5670 per
730 5616 788 5654 se
839 5614 950 5655 om.
979 5599 1042 5655 A.
1120 5603 1139 5634 ²
1182 5602 1222 5658 C
1266 5604 1670 5662 irrationabilis.

474 5687 600 5727 esse.
676 5673 696 5704 "
733 5673 775 5728 Α
827 5687 1068 5742 namque.
1146 5675 1167 5705 '
1197 5676 1233 5728 Α
1269 5676 1616 5735 reuoluuntur.

476 5749 516 5781 "
543 5742 863 5798 naturalium
891 5754 999 5798 om.
1033 5745 1096 5797 Α.
1177 5744 1218 5776 ¹⁴
1238 5748 1279 5799 Α
1312 5744 1398 5800 Ut.

1749 5610 1919 5667 ’τινα
1972 5627 2083 5667 om.
2138 5614 2204 5668 Δ.
2280 5613 2375 5666 ⁸Δ
2431 5609 2747 5680 aequalitas.

1694 5681 1714 5712 '
1765 5683 1806 5736 Δ
1835 5683 2156 5754 paucitasrc.

2828 5609 2914 5663 ἰι
2966 5602 3305 5673 impossibile.
3383 5600 3402 5631 ⁸
3434 5599 3614 5673 Co_rr..
3657 5598 3747 5673 ΑΒ

2236 5684 2278 5716 ⁸⁸
2312 5699 2413 5738 non
2466 5671 2574 5738 oni.
2626 5684 2689 5736 Α.
2773 5681 3003 5733 "simu!
3042 5671 3093 5730 Ver
3147 5675 3345 5730 om.A.
3423 5671 3539 5727 "A
3579 5672 3744 5724 etaim.
