4174 6204
432 306 537 375 ω
738 289 746 295 ·
1358 326 1364 333 -
1681 279 1684 281 ‘
1797 280 2077 379 mannis
2117 284 2313 349 sco‘t‘t
2781 297 2789 306 ’
3578 291 3679 359 ωε

352 379 358 385 .
384 394 387 399 ,
613 379 857 489 “una.
876 415 1045 497 totius
1062 408 1332 470 casmillae
1358 406 1438 466 rei
1460 408 2009 489 substantiae,.immo
2036 417 2081 473 Α
2109 408 2387 495 praecedit
2412 413 2594 464 omnia
2615 451 2629 474 ,
2662 420 2804 482 quae
2835 409 2887 467 in
2922 428 2985 468 ea
3002 455 3017 479 ,
3051 423 3105 471 et
3132 428 3231 484 per
3258 429 3381 481 eam
3399 456 3417 482 ,
3445 402 3594 475 etab
3618 433 3682 475 ea

428 512 598 571 etiam
624 500 975 576 cunctum;
992 510 1139 579 quae
1151 504 1209 563 in
1238 512 1429 560 natura
1452 497 1634 559 rerum
1659 511 1838 557 creata
1860 510 2005 566 sunt,

427 597 778 665 insinuantur
828 597 870 655 ⁸.
941 596 1084 656 Msa;
1116 597 1217 655 alia
1262 602 1384 660 est,
1455 604 1516 651 ut
1566 590 1839 649 arbitroru'
1873 590 2007 648 Nam

425 708 603 768 paene
639 702 663 735 ι
710 700 901 748 omnes
964 682 1156 747 sacrae
1199 684 1517 757 Scripturae
1554 684 1889 754 expositores
1955 683 2009 738 in

432 783 535 844 hoc
557 781 924 847 consentiunt,
958 779 1102 852 quod
1134 777 1377 833 conditor
1405 775 1688 832 universae
1727 783 2012 829 creaturae

427 897 539 938 non
570 880 638 935 de
664 878 873 950 aliquo,
921 870 1016 932 sed
1047 873 1113 929 de
1149 871 1372 929 omnino
1427 869 1618 935 nihilo,
1659 882 2011 939 quaecunque

428 970 601 1033 voluit
644 969 802 1033 ﬁeri,
829 965 981 1026 fecit.
1039 964 1184 1020 Dtsc.
1237 959 1457 1017 Nebulis
1511 959 1665 1014 valde
1710 957 2011 1014 tenebrosis

425 1028 815 1133 cogitationum
875 1071 1119 1115 mearum
1178 1054 1416 1125 undique
1468 1051 1704 1107 cinctum
1749 1067 1838 1107 me
1889 1064 2012 1107 esse

427 1153 623 1209 sentio.
674 1153 730 1207 In
764 1150 962 1207 talibus
986 1148 1009 1182 ⁸
1038 1146 1287 1218 equidem
1314 1145 1391 1200 nil
1444 1143 1572 1200 mihi
1612 1151 1873 1206 remanet,
1904 1140 2033 1227 nisi;

427 1245 540 1304 sola
566 1244 717 1308 lidcs,
743 1257 907 1314 quam
930 1248 1239 1296 sanctorum
1264 1237 1486 1294 Patrum
1513 1236 1676 1291 tradit
1694 1235 2006 1290 auctoritas.

428 1335 567 1391 Dum
609 1349 738 1389 vero
788 1334 857 1387 de
906 1331 1012 1396 his,
1061 1344 1201 1399 quae
1241 1327 1356 1383 sola
1398 1327 1503 1382 lide
1546 1325 1769 1391 retineo,
1811 1325 2012 1395 aliquid

426 1439 597 1480 conor
633 1425 700 1478 ad
743 1436 939 1494 purum
984 1418 1370 1493 intelligentiae
1398 1417 1639 1473 habitum
1683 1411 2010 1488 perspicere,

427 1514 749 1587 fugientium
778 1528 865 1581 me
898 1510 1371 1567 subtiliSsimarum
1414 1509 1680 1595 rationum
1716 1507 1880 1563 nimia
1906 1509 2009 1569 ob-

428 1609 708 1670 scuritate,
740 1606 908 1662 immo
937 1604 1101 1659 etiam
1129 1602 1295 1657 nimia
1324 1601 1588 1664 claritate,
1612 1601 1783 1655 aciem
1815 1600 2014 1655 mentis

426 1696 765 1770 reperculsus
811 1694 834 1726 ⁸
904 1694 1149 1763 repellor.
1219 1691 1355 1747 Mm.
1422 1683 1601 1756 Dicas,
1643 1705 1867 1763 quaeso.
1920 1690 2009 1745 ubi

2110 487 2450 577 subsistunt;
2483 515 2669 558 eorum
2696 519 2937 577 namque
2966 523 3128 563 causa
3157 519 3260 565 est.
3292 511 3431 568 llinc
3459 512 3681 570 coniici-

2109 595 2217 653 tur,
2255 575 2513 646 iurPatris
2535 592 2796 663 sapientia
2825 575 3004 653 onmia
3034 609 3252 654 aeterna
3283 616 3436 667 esse,
3469 617 3575 658 non
3604 606 3686 659 tae

2110 693 2232 735 tuen
2262 679 2310 734 ei
2342 692 2646 758 coaeterua.
2671 683 2813 758 liae.
2847 685 2991 746 Haec
3009 686 3056 724 ⁸⁸
3074 689 3391 761 jamdudum
3418 693 3561 749 inter
3585 709 3688 755 uos

2111 769 2378 834 discussa.
2397 782 2453 831 et
2479 774 2949 842 adluconcussum
2972 782 3169 835 utentis
3190 782 3434 839 habitum
3458 783 3687 844 deducta

2110 871 2239 916 sunt
2264 860 2309 893 "
2335 878 2461 939 vera
2492 865 2702 933 ratione
2722 906 2738 932 ,
2767 870 3154 939 sacrorumque
3184 870 3402 927 Patrum
3439 873 3684 947 testiino-

2109 952 2216 1008 niis
2248 953 2303 1008 in
2331 955 2434 1010 hoc
2459 958 2941 1017 consentientibus.
2976 961 3129 1018 DlBC.’
3151 962 3196 1005 I‘
3227 962 3365 1018 Num
3395 959 3688 1036 itaque-vis

2109 1042 2225 1107 des,
2241 1048 2383 1114 quod
2404 1063 2509 1102 non
2531 1036 2803 1105 immerito
2825 1052 3063 1117 moveor,
3076 1064 3131 1109 et
3151 1052 3563 1112 adversantibus
3580 1056 3685 1115 sibi

2110 1133 2341 1191 invicem
2374 1138 2705 1194 ditersarum
2736 1142 3125 1214 cogitationum
3161 1142 3414 1211 ﬂuetibus
3450 1147 3689 1205 alliciar?

2110 1222 2245 1280 Nam
2273 1230 2544 1297 quomodo
2568 1232 2702 1293 haec
2729 1233 2834 1289 sibi
2860 1233 3091 1293 invicem
3113 1224 3405 1295 convenire
3425 1239 3687 1311 possunt?

2112 1317 2170 1374 Si
2197 1322 2408 1385 omnia,
2438 1338 2581 1392 quae
2610 1334 2758 1388 sunt,
2787 1324 2841 1380 in
2875 1326 3139 1399 sapientia
3174 1330 3440 1385 creatrice‘
3462 1342 3687 1386 aeterna

2110 1418 2267 1473 sunt,
2296 1412 2568 1479 quomodo
2591 1412 2660 1468 de
2687 1413 2856 1471 nihilo
2877 1424 3007 1478 sunt
3035 1414 3212 1491 facta?
3236 1416 3514 1487 Quomodo
3539 1420 3683 1476 cnim

2108 1508 2289 1570 potest
2314 1511 2597 1556 aeternum
2626 1518 2781 1568 esse,
2812 1508 2955 1576 quod
2984 1506 3296 1578 priusquam
3339 1509 3529 1575 lieret,
3574 1524 3684 1566 non

2109 1590 2273 1647 erat?
2319 1593 2457 1651 Et"
2486 1596 2630 1665 quod
2678 1597 2866 1669 incipit
2911 1612 3033 1663 esse
3074 1600 3131 1655 in
3174 1610 3416 1673 tempore
3461 1613 3518 1658 et
3559 1620 3685 1673 cum

2112 1691 2379 1754 tempore,
2409 1687 2678 1755 quomodo
2701 1698 2878 1758 potest
2899 1705 3023 1746 esse
3050 1691 3103 1746 in
3129 1696 3487 1750 aeternitate?
3512 1694 3686 1755 Omne

426 1804 570 1843 nune
604 1786 865 1850 haesitas,
886 1794 943 1841 et
980 1785 1109 1856 quid
1147 1793 1199 1838 te
1238 1792 1445 1838 tantum
1492 1784 1789 1855 perturbat,
1837 1792 1891 1836 ut
1941 1782 2011 1839 ad
2040 1776 2085 1835 Β
2111 1772 2379 1843 siquidem
2402 1777 2739 1833 aeternitatis
2767 1781 3038 1852 particeps
3066 1798 3166 1839 nec
3196 1783 3386 1857 incipit
3407 1797 3559 1853 esse,
3584 1802 3685 1843 nec

427 1880 633 1939 nullum
668 1891 835 1950 purae
871 1875 1257 1948 intelligentiae
1294 1875 1537 1930 habitum
1581 1874 1781 1940 valeas,
1808 1879 1868 1927 ut
1905 1872 2006 1939 ais,

423 1970 729 2046 perire-nire,
800 1978 895 2023 aut
965 1967 1057 2022 utsi
1114 1974 1301 2021 nostra
1369 1964 1712 2019 ratiocinatio
1768 1962 2007 2030 vacillat,

426 2063 643 2136 quando
667 2074 719 2117 te
745 2061 813 2116 ad
834 2059 1035 2114 nullam
1065 2067 1271 2114 certam
1303 2055 1668 2111 deﬁnitionem
1722 2070 2010 2126 rermnque

423 2157 788 2231 cognitionem
819 2162 997 2226 potest
1024 2153 1315 2209 adducere.
1362 2151 1507 2207 Dtso.
1535 2150 1930 2223 Magnanimum
1960 2160 2010 2205 te

422 2262 566 2312 esse,
590 2261 850 2316 meaeque
874 2244 1144 2300 tarditatis
1168 2243 1413 2298 'morulas
1447 2243 1713 2314 patienter
1744 2242 2011 2297 sustinere

345 2377 365 2393 .
423 2342 657 2415 postulo.
696 2339 1032 2396 Crediderim
1080 2352 1333 2407 nataque,
1385 2337 1483 2391 has
1529 2351 1708 2391 rerum
1758 2336 2010 2391 tenuissi-

426 2448 543 2489 mas
590 2430 969 2502 inquisitiones
995 2429 1160 2484 etiam
1195 2424 1578 2499 perfection-um
1612 2441 1698 2483 me
1733 2427 2009 2482 interiori-

435 2527 536 2582 bus
562 2526 733 2579 oculis
771 2538 878 2578 non
917 2512 1026 2576 tam
1070 2520 1229 2574 facile
1276 2519 1546 2593 lucescere
1570 2557 1586 2584 ,
1638 2529 1695 2572 ut
1725 2517 2009 2573 confestim

425 2618 497 2673 ad
519 2616 733 2671 firmum
756 2614 920 2669 animi
937 2598 1175 2667 habitum
1202 2611 1407 2682 p‘ossinl
1429 2610 1745 2672 adhaerere,
1769 2624 2014 2680 praeser-

429 2710 527 2763 tim
555 2710 681 2762 dum
710 2721 779 2762 ex
808 2706 913 2769 his,
963 2718 1102 2773 quae
1142 2704 1404 2758 hactenus
1431 2702 1572 2757 inter
1598 2716 1700 2759 nos
1724 2700 1747 2732 '
1776 2700 1889 2771 jam
1916 2702 2013 2755 dn-

425 2802 551 2857 dum
596 2798 620 2831 ⁸
659 2798 820 2852 veluti
880 2795 948 2851 ad
996 2796 1259 2866 liquidum
1308 2795 1566 2865 perducta
1619 2792 1640 2825 '
1682 2801 1829 2857 sunt,
1874 2792 2013 2847 haec

424 2893 559 2947 mihi
587 2906 730 2947 nunc
766 2876 999 2943 obscura
1039 2889 1292 2942 videntur
1342 2886 1532 2955 ingeri.
1579 2884 1897 2941 Confectum
1925 2894 2011 2941 est

421 2984 568 3039 enim
616 2984 758 3037 inter
800 2996 901 3051 nos
943 2980 1011 3035 de
1051 2977 1494 3050 primordialibus
1541 2992 1720 3031 rerum
1767 2976 2011 3031 omnium

423 3075 627 3136 causis,
680 3074 822 3144 quod
862 3071 887 3106 ⁸
921 3089 952 3126 a
984 3070 1147 3125 Patre
1194 3071 1243 3125 in
1276 3070 1440 3126 verbo
1466 3084 1563 3125 suo
1606 3069 1867 3141 ingenito,
1904 3070 2080 3151 hoc}I

340 3226 341 3229 η
423 3176 530 3231 est,
559 3167 612 3220 in
643 3182 739 3219 sua
763 3163 1025 3237 sapientia
1047 3176 1102 3218 et
1122 3160 1144 3194 ⁸
1167 3161 1326 3217 simul
1352 3172 1407 3217 et
1435 3161 1600 3216 scinel
1620 3173 1749 3218 sunt
1766 3156 2011 3217 aeterna-

427 3260 553 3314 liter
595 3260 755 3323 facta,
816 3257 888 3312 ita
938 3265 1014 3318 ut,
1069 3256 1520 3326 quemadmodum
1570 3254 1685 3325 ipsa
1746 3254 2010 3325 sapientia

422 3348 601 3408 Patris
628 3360 845 3403 acterna
871 3347 916 3378 “
944 3356 1048 3410 est,
1091 3360 1295 3415 suoque
1319 3345 1464 3400 l’atri
1511 3355 1814 3419 coaetegna,
1846 3345 1927 3403 sic
1968 3345 2010 3378 ⁸⁸

422 3440 587 3494 etiam
620 3447 836 3502 cuncta,
866 3450 1005 3507 quac
1035 3436 1086 3489 in
1116 3450 1179 3489 ea
1216 3441 1263 3474 ιι
1283 3432 1429 3490 facta
1458 3442 1608 3500 sunt,
1632 3443 1851 3489 aeterna
1881 3433 2010 3501 sint,

424 3526 493 3586 eo
539 3536 786 3599 excepto,
820 3527 1049 3598 quodin
1098 3529 1214 3597 ipso
1257 3526 1441 3582 munia
1486 3524 1630 3581 facta
1666 3536 1822 3592 sunt;
1870 3538 2014 3599 quae

426 3635 535 3677 non
580 3629 662 3675 est
703 3621 865 3683 facta,
914 3618 1008 3672 sed
1050 3618 1255 3689 genita,
1292 3627 1347 3671 et
1381 3616 1598 3672 lacn-ix.
1649 3615 1927 3685 Siquidem
1956 3618 2011 3674 in

428 3715 707 3771 eotulenda
751 3710 1040 3764 universali
1088 3718 1338 3765 creatura
1384 3708 1526 3765 sicut
1563 3724 1669 3764 una
1715 3710 2015 3781 eademque

423 3817 511 3860 cst
541 3802 583 3836 ⁸⁸
608 3803 784 3857 Patris
813 3789 862 3855 et
893 3799 1011 3855 Filii
1035 3793 1302 3865 voluntas,
1348 3799 1420 3854 ita
1452 3816 1556 3854 una
1586 3801 1882 3872 eademque
1927 3809 2013 3856 est

427 3894 693 3966 operatio.
727 3890 783 3947 ln
811 3888 1247 3961 primordialihus
1271 3889 1455 3960 itaque
1479 3890 1594 3944 suis
1624 3890 1801 3944 causis
1828 3890 2011 3945 omnia

426 3984 484 4041 in
522 3984 786 4055 sapientia
829 3980 1007 4037 Patris
1041 3990 1262 4035 aeterna
1308 3990 1456 4045 sunt,
1505 3995 1612 4035 non
1656 3987 1837 4035 tamen
1875 3980 1924 4036 ei
1967 3977 2012 4024 ⁸⁸

425 4086 735 4132 coaeterna.
772 4071 1053 4127 Praecedit
1094 4071 1238 4127 enim
1297 4087 1464 4127 causa
1502 4069 1724 4128 ed'eetus
1744 4087 1890 4128 suos.
1940 4070 2012 4129 Ut

427 4167 576 4223 enim
613 4165 913 4221 intellectus
942 4163 1166 4220 artificis
1192 4164 1326 4218 artis
1356 4164 1685 4220 intellectum
1710 4166 2007 4237 praecedit,

426 4257 733 4314 intellectus
758 4268 936 4311 autem
962 4255 1096 4309 artis
1130 4254 1406 4323 praecedit
1434 4253 1766 4310 intellectum
1795 4267 2007 4321 eorum,

428 4365 568 4421 quae
598 4351 650 4404 in
675 4365 738 4404 ea
764 4358 821 4401 et
852 4364 948 4420 per
976 4363 1094 4402 eam
1125 4348 1260 4403 liunt
1287 4345 1355 4407 “.
1390 4346 1464 4401 ita
1495 4346 1798 4402 intellectus
1830 4345 2010 4402 Patris

425 4441 653 4496 artiﬁcis
678 4439 1009 4495 intellectum
1036 4437 1353 4503 suaeartis,
1373 4438 1477 4493 hoc
1505 4447 1609 4503 est,
1636 4442 1768 4494 suae
1792 4436 2006 4510 sapien-

431 4534 556 4596 tiae,
588 4532 643 4588 iu
676 4513 793 4601 qqu
821 4531 1063 4586 condidit
1104 4529 1307 4592 omnia,
1354 4516 1643 4584 antecedit.
1694 4528 1895 4583 Deinde
1922 4527 2007 4582 iu-

430 4623 699 4679 tellectum
747 4621 913 4693 ipsius
951 4621 1086 4676 artis
1123 4622 1403 4683 omnium,
1432 4626 1574 4689 Quae
1611 4617 1664 4673 in
1710 4626 1772 4675 ea
1813 4629 1872 4674 ct
1911 4633 2009 4690 per

424 4729 548 4769 eam
589 4712 729 4767 facta
772 4721 915 4777 sunt,
959 4710 1205 4780 sequitur
1243 4710 1477 4781 mgnitio
1508 4708 1572 4763 ⁸⁸.
1612 4708 1787 4765 Omne
1830 4707 2007 4779 siqui.-

427 4806 574 4869 dem,
613 4801 759 4875 quod
803 4816 927 4856 vera
968 4802 1104 4855 ratio
1148 4812 1365 4871 quoquo
1407 4799 1568 4855 modo
1612 4798 2002 4870 praecessiouis

326 4918 329 4921 -
425 4891 750 4964 praecedere
787 4887 831 4924 "
880 4889 1107 4954 invenit,
1136 4888 1290 4957 juxta
1336 4887 1635 4943 naturalem
1666 4902 2002 4959 consequen-

428 4982 557 5038 tiam
607 4980 933 5054 praeeedere
980 4993 1200 5035 necesse
1243 4985 1345 5033 est.
1395 4979 1474 5031 Ac
1519 4992 1618 5050 per
1659 4978 1760 5033 hoc
1802 4976 1997 5031 artifex

424 5070 667 5126 omnium
696 5069 839 5124 Deus
868 5068 1026 5124 Pater
1049 5068 1347 5123 secundum
1371 5080 1588 5123 causam
1635 5077 1806 5121 artem
1845 5081 1997 5121 suam

425 5160 729 5233 praecedit;
753 5158 948 5216 artifex
972 5158 1240 5230 siquidem
1261 5173 1424 5214 causa
1446 5173 1579 5241 suae
1604 5160 1740 5217 artis
1766 5169 1877 5225 est,
1910 5174 2000 5215 ars

426 5262 607 5309 autem
652 5253 735 5309 sui
782 5251 1011 5308 artificis
1050 5267 1156 5308 non
1196 5260 1279 5307 est
1327 5267 1527 5317 causa;
1579 5253 1692 5323 ipsa
1736 5268 1866 5309 vero
1908 5268 2000 5309 ars

2110 1862 2327 1918 desiuit.
2360 1864 2511 1933 Quod
2542 1877 2724 1924 autem
2755 1886 2863 1927 non
2900 1882 3052 1938 erat,
3080 1883 3135 1928 et
3172 1874 3361 1948 incipit
3396 1889 3519 1933 esse
3540 1917 3556 1943 ,
3590 1894 3688 1935 ue-

2110 1956 2351 2012 cessario
2403 1958 2613 2027 desinet
2658 1976 2811 2028 esse,
2857 1964 2999 2033 quod
3046 1976 3149 2020 est.
3204 1966 3377 2026 Omne
3418 1973 3685 2043 namque,

2109 2047 2252 2115 quod
2286 2047 2441 2102 initio
2479 2065 2584 2105 nou
2619 2063 2803 2117 caret,
2842 2054 2950 2110 line
2985 2069 3175 2114 carere
3208 2075 3316 2114 nou
3346 2071 3540 2130 potest.
3569 2061 3689 2122 Non

2109 2135 2325 2191 invenio
2374 2134 2587 2210 itaque,
2636 2144 2907 2212 quomodo
2950 2145 3084 2200 haec
3138 2149 3241 2205 sibi
3294 2150 3526 2209 invicem
3577 2170 3686 2211 non

2114 2238 2462 2300 Oppizgnant,
2503 2244 2609 2301 qua
2644 2233 2853 2288 ratione
2889 2244 2944 2289 et
2982 2238 3164 2293 munia
3203 2238 3256 2295 in
3288 2242 3552 2312 sapientia
3591 2246 3687 2301 Dei

2110 2331 2331 2373 acterna
2354 2329 2511 2385 sunt,
2539 2330 2594 2377 et
2618 2323 2685 2378 de
2709 2323 2876 2379 nihilo
2900 2325 3040 2381 facta
3059 2368 3076 2394 ,
3102 2328 3205 2385 huc
3225 2326 3346 2396 cat,
3373 2334 3685 2405 priusrjuam

2109 2408 2327 2476 tierent,
2360 2426 2465 2466 non
2494 2423 2670 2469 erant.
2701 2414 2815 2471 Nisi
2848 2417 2986 2475 forte
3003 2422 3689 2496 quisdicat,primonlialcs

2112 2513 2295 2555 rerum
2329 2503 2571 2557 omnium
2624 2522 2815 2562 causas
2850 2507 2904 2563 in
2964 2499 3440 2581 sapientia'Patris
3475 2534 3690 2590 semper

2108 2603 2231 2669 esse
2266 2600 2519 2647 aeternas
2544 2635 2558 2658 ,
2596 2597 2879 2652 intormcm
2910 2615 3040 2655 vero
3070 2604 3348 2659 materiem
3368 2645 3384 2670 ,
3414 2606 3471 2661 in
3497 2598 3602 2678 qua
3635 2618 3691 2665 et

2109 2694 2209 2752 per
2235 2696 2394 2751 quam
2426 2680 2479 2736 in
2512 2682 2734 2751 eli‘ectos
2766 2701 2891 2741 suos
2919 2702 3016 2759 per
3043 2691 3447 2761 generationem
3484 2711 3687 2767 prove-

2110 2773 2266 2826 niunt
2292 2773 2345 2826 in
2376 2789 2578 2844 genera
2615 2786 2671 2830 et
2708 2780 2952 2848 species,
2995 2782 3193 2851 quibus
3229 2787 3461 2841 mundus
3501 2788 3688 2858 imple-

2111 2870 2221 2929 tur,
2254 2873 2534 2920 aeternam
2565 2883 2671 2923 non
2710 2883 2849 2926 esse.
2884 2870 2995 2926 Sed
3035 2875 3282 2946 quisquis
3318 2878 3418 2933 hoc
3455 2881 3690 2950 dixerit,

2109 2963 2332 3025 cogetur
2355 2955 2547 3022 fateri,
2578 2960 2861 3021 materiam
2887 2964 2954 3017 de
2979 2963 3148 3021 nihilo
3173 2965 3370 3022 factam
3400 2971 3692 3026 causaliter

2111 3046 2255 3127 intra
2290 3060 2544 3108 Ἆθίθΐηᾶε
2582 3067 2766 3109 rerum
2806 3070 2998 3111 causas
3029 3076 3134 3113 llOll
3173 3065 3687 3127 conuumerandam.

2112 3136 2181 3194 Et
2226 3118 2272 3193 si
2323 3140 2427 3194 hoc
2469 3145 2834 3210 concesserit,
2885 3150 3195 3206 necessario
3240 3152 3594 3229 concludetur
3631 3166 3691 3213 et

2110 3239 2333 3299 cogetur
2356 3234 2518 3297 dare,
2547 3250 2656 3289 non
2682 3236 2862 3291 omnia
2882 3278 2898 3304 ,
2927 3239 3019 3294 sed
3049 3244 3312 3310 quaedam
3343 3245 3397 3298 in
3425 3246 3689 3317 sapientia

2109 3318 2286 3404 Iiatris
2321 3334 2542 3379 aeterna
2578 3341 2717 3382 esse.
2758 3327 3038 3385 Materiem
3074 3344 3256 3389 autem
3303 3334 3590 3404 infonuem
3633 3340 3690 3399 in

2148 3427 2337 3468 umero
2359 3416 2599 3471 ontnium
2621 3459 2637 3482 ,
2663 3434 2802 3489 quae
2830 3437 2859 3474 a
2894 3422 3000 3477 Deo
3027 3423 3168 3479 facta
3194 3438 3321 3483 sunt
3350 3431 3404 3482 in
3427 3431 3691 3499 sapientia

2110 3520 2239 3574 sua,
2269 3516 2644 3571 commutet-ari
2669 3556 2685 3581 ,
2716 3532 2874 3575 nemo
2903 3534 3047 3577 reete
3079 3524 3564 3600 philosophantium
3592 3530 3692 3584 ab-

2110 3602 2339 3670 negarlt.
2378 3602 2658 3672 Quomodo
2707 3610 2851 3665 enim
2898 3622 3076 3669 rerum
3125 3618 3368 3673 omnium
3417 3635 3611 3677 causas
3634 3621 3695 3689 in,

2112 3685 2291 3746 Verbo
2316 3693 2408 3748 Dei
2435 3699 2787 3755 aeternaliter
2809 3704 3055 3759 conditas
3073 3719 3212 3770 esse,
3247 3706 3528 3764 informem
3557 3718 3687 3767 vero

2110 3785 2395 3844 materiem
2439 3801 2535 3841 sua
2583 3803 2747 3845 causa
2795 3808 2986 3850 carere
3014 3799 3152 3866 ’qois
3198 3808 3375 3868 potest
3410 3801 3591 3861 dicere
3619 3813 3687 3871 η,

2106 3876 2331 3932 omnino
2374 3893 2480 3933 non
2521 3883 2751 3952 reperio.
2792 3884 3021 3941 Proinde
3051 3887 3119 3953 ⁸³,
3150 3890 3194 3943 si
3234 3890 3287 3945 in
3318 3906 3543 3953 numero
3571 3894 3694 3949 uni-

2112 3970 2384 4026 versitatis
2413 3975 2665 4031 conditae
2706 3980 2933 4033 materia
2973 3982 3331 4049 concluditur,
3380 3988 3692 4045 necessario

2108 4067 2371 4135 sequitur,
2398 4076 2457 4122 ut
2482 4068 2651 4140 ipsius
2672 4086 2836 4127 causa
2863 4058 2928 4128 ex
2959 4091 3182 4133 numero
3203 4093 3485 4134 causarum
3510 4091 3690 4136 aeter-

2109 4152 2312 4211 naliter
2340 4156 2394 4212 in
2440 4160 2705 4228 sapientia
2745 4161 2840 4218 Dei
2871 4163 3176 4221 creaturam
3208 4182 3311 4223 non
3341 4169 3684 4227 excludatur.

2108 4244 2248 4303 llas.
2276 4248 2353 4303 De
2376 4246 2593 4305 informi
2624 4254 2849 4307 materia
2867 4258 3070 4325 ,'quam
3094 4254 3286 4312 Graeci
3310 4256 3430 4318 ὕλην
3451 4251 3682 4329 vocant,-

2109 4335 2289 4391 nullus
2315 4338 2367 4392 in
2394 4354 2547 4393 sacra
2578 4339 2858 4411 Scriptura
2884 4347 3339 4413 esereitatornm,
3366 4348 3681 4405 naturarum

2109 4426 2469 4482 conditionem
2495 4440 2641 4485 recta
2663 4426 2873 4488 ratione
2893 4433 3261 4501 considerans,
3274 4440 3523 4511 ambigit,
3539 4426 3683 4511 quod

2107 4534 2137 4574 a
2167 4519 2443 4575 conditore
2463 4522 2705 4578 onmium
2742 4534 2797 4579 et
2830 4526 3120 4587 causaliter
3159 4529 3298 4586 inter
3324 4532 3598 4598 causales,
3627 4530 3683 4590 et

2109 4610 2252 4665 inter
2272 4618 2809 4675 causarum,eﬂ'cctus
2835 4621 3129 4675 secundum
3156 4637 3281 4685 suas
3306 4625 3684 4696 proportiones
3782 4659 3799 4667 ο

2109 4700 2327 4758 condita
2363 4707 2454 4761 sit.
2486 4704 2586 4774 Qui
2616 4709 2760 4764 enim
2792 4710 2923 4767 fecit
2951 4714 3208 4768 lllllntiunl
3239 4716 3304 4770 de
3335 4719 3562 4774 materia
3594 4718 3682 4775 in-

2109 4792 2304 4859 formi,
2336 4795 2450 4865 ipse
2474 4797 2600 4854 fecit
2631 4799 2914 4855 informem
2945 4804 3227 4866 materiem
3259 4807 3326 4861 de
3353 4812 3574 4864 omnino
3599 4810 3683 4864 ni-

2106 4881 2239 4950 hilo,
2268 4886 2533 4957 siquidcm
2563 4904 2669 4945 non
2698 4889 2837 4946 alius
2864 4902 2948 4946 est
2976 4906 3167 4950 auctor
3200 4896 3384 4952 mundi
3416 4901 3483 4953 de
3507 4899 3681 4955 infor-

2106 4976 2178 5029 mi
2210 4979 2435 5033 materia
2458 4978 2624 5046 facti,
2648 4989 2700 5036 et
2728 4983 2866 5038 alius
2889 4984 3061 5056 ipsius
3086 4987 3345 5044 materiae
3369 4988 3436 5044 de
3456 4986 3687 5047 omnin

2106 5064 2452 5136 nihilo-prius
2482 5079 2731 5141 creatae,
2773 5074 2868 5127 sed
2916 5089 3056 5129 unus
3096 5086 3258 5148 atque
3304 5077 3443 5133 idem
3476 5079 3681 5136 utrius-

2104 5170 2210 5225 que
2252 5166 2334 5210 est
2372 5159 2643 5225 conditor,
2683 5164 2941 5231 quoniam
2970 5165 3041 5221 ab
3069 5180 3175 5221 uno
3207 5168 3471 5239 principio
3495 5168 3680 5227 omina

2096 5262 2246 5324 .quae
2274 5259 2429 5311 sunt.
2460 5251 2574 5306 sive
2602 5250 2853 5309 informia
2874 5295 2888 5313 .
2921 5255 3039 5312 sire
3067 5254 3331 5322 formato,
3360 5261 3676 5330 procedunt.

1722 5387 1803 5445 VA
1812 5390 1971 5445 RIAE
2004 5390 2398 5447 LECTIONES.

501 5514 520 5549 ι
551 5506 593 5563 Α
615 5494 934 5562 insinuatur.
1011 5511 1032 5544 ’
1059 5502 1105 5559 Δ
1130 5514 1203 5559 et.
1281 5503 1304 5537 ³
1335 5504 1390 5560 1η
1422 5503 1613 5575 talibus
1648 5518 1756 5558 om.
1791 5503 1894 5575 A.__
1935 5502 1958 5575 ⁸
1987 5503 2029 5559 C
2067 5504 2356 5574 perculsus.
2428 5503 2459 5575 '7
2482 5506 2616 5557 inter
2646 5521 2737 5558 nos
2765 5518 2873 5558 om.
2903 5498 2964 5561 C.
3044 5504 3063 5536 ⁸
3086 5504 3202 5575 jam
3240 5504 3577 5575 dudum‘om.
3610 5507 3677 5575 Δρ

427 5577 450 5613 τ
486 5578 528 5631 Α
557 5578 831 5647 μνοάιιοια.
901 5576 1234 5648 ’φαοανίοιιι
1284 5575 1347 5630 Α·
1426 5574 1524 5629 ἐι
1572 5590 1680 5648 ορηι
1713 5575 1779 5629 Αο
1859 5573 1965 5648 “LC
1998 5573 2221 5648 εξέεξιιία
2245 5585 2346 5629 θει-
2390 5574 2531 5648 .“A
2567 5575 2663 5627 ίια·
2742 5576 2848 5648 ’,Ἀ
2882 5575 2935 5629 in
2958 5591 3037 5648 9.0-
3088 5573 3390 5648 V‘iwom-
3421 5573 3499 5648 ϐο-
3556 5577 3605 5648 Ϊῗ
3638 5573 3697 5628 ⁸⁸⁸

426 5663 534 5701 om.
557 5642 625 5704 Β.
704 5647 748 5680 ⁸⁸
780 5647 824 5702 Α
855 5642 1012 5726 [ἰωῇἱ
1085 5647 1130 5680 ⁸⁸
1167 5648 1401 5726 sequitur
1458 5645 1690 5726 cognitio
1741 5658 1864 5726 (ξιξ).⁸
1889 5643 1963 5726 C...
2029 5642 2073 5677 "
2100 5644 2144 5697 Α
2174 5646 2560 5726 praesagiente“
2577 5645 2873 5726 praeclare.
2949 5646 2994 5686 I'
3022 5661 3122 5716 pro
3148 5645 3286 5702 Mss.
3317 5646 3449 5703 haec
3473 5646 3519 5703 Δ
3541 5644 3675 5707 Nec.

430 5715 474 5756 ³⁸
500 5730 618 5773 sunt
647 5734 752 5779 om.
787 5709 867 5775 Af
925 5716 970 5749 ”
994 5717 1138 5772 Disc.
1171 5709 1279 5773 om.
1312 5716 1356 5770 Α
1429 5719 1470 5755 ⁸⁸
1504 5709 1548 5769 li
1576 5725 1686 5769 aut.
1762 5716 1807 5750 ⁸⁸
1834 5713 1879 5767 Δ
1909 5713 2077 5769 dicere
2099 5709 2284 5786 potest.
2360 5714 2409 5749 ⁸³
2435 5714 2479 5769 Α
2511 5709 2763 5773 Perinde.
