4230 6068
470 221 572 278 65'!
601 249 604 254 -

1305 219 1396 278 DE
1438 218 1775 276 DlVlSlONE
1814 215 2162 276 NATURAE.
2209 246 2271 257 --
2313 213 2511 270 LIBER
2549 211 2868 271 TERTIUS.

3615 217 3720 276 658

469 339 550 389 Ab
574 350 679 388 uno
701 333 843 388 enim
873 344 1200 388 annvetsnas
1219 341 1402 386 creata
1425 341 1505 386 est
1527 372 1541 392 ,
1564 331 1705 386 sicut
1739 349 1770 384 a
1809 329 2036 384 monade
2067 337 2122 390 δι’
2145 327 2347 396 tiisqne
2395 325 2585 381 ferinis
2605 363 2619 389 ,
2650 323 3020 379 diﬂ'erentibus
3051 339 3264 394 quoque
3292 327 3716 384 substantiarum

416 490 418 493 I
467 441 656 482 omnes
684 426 928 489 numeri,
957 435 1012 480 et
1037 439 1072 480 a
1101 432 1286 479 centro
1311 430 1501 477 ιιιιιιιεε
1527 421 1699 477 lineae
1723 429 2033 490 erumpunt.

468 514 600 570 Nam
630 524 686 570 et
713 515 766 568 in
809 515 910 569 hoc
943 514 1178 573 maxime
1201 512 1524 569 occulat-ium
1554 511 1995 581 phi.ostqthorum
2018 551 2032 572 ,

2141 431 2195 472 et
2244 417 2601 474 art-i.letttittttt
2650 416 2967 477 ordinibus,
3021 416 3073 470 in
3126 419 3390 473 unitatem
3441 420 3712 487 quandam

2141 506 2463 562 inell’abiletu
2490 519 2792 577 compacta.
2828 506 2892 560 L’t
2916 507 3059 561 enim
3087 507 3400 580 organicum
3447 509 3614 564 melos
3640 524 3710 564 ex
3749 575 3751 578 ,

463 603 554 672 qui
579 602 647 658 de
672 602 856 657 mundi
884 601 1042 672 hujus
1065 600 1276 656 factura
1301 597 1538 679 tractare
1560 599 1676 656 ausi
1701 608 1857 663 sum,
1880 612 2037 654 error

462 691 819 758 convincitur,
847 693 1104 763 quoniam
1138 691 1424 746 informem
1470 690 1751 745 materiem
1779 699 2022 744 coaeter-

433 853 436 856 .
462 797 587 839 nam
617 782 727 837 Deo
751 796 872 837 esse
898 782 1182 846 dixerunt,
1209 779 1277 836 de
1302 797 1407 849 qua
1437 780 1579 848 Deus
1607 781 1766 835 veluti
1794 792 1948 835 extra
1975 794 2034 834 se

462 872 796 930 subsistente
821 880 876 928 et
907 882 1194 927 coaeterna
1227 872 1328 926 sibi
1359 882 1577 928 suorum
1621 887 1843 942 cperunt
1893 889 2033 926 sum-

458 964 567 1038 psit
594 975 614 1006 ι
666 963 986 1040 auspicium.
1026 962 1307 1032 indignum
1342 977 1572 1031 umque
1601 962 1683 1018 eis
1711 963 1880 1016 visum
1915 972 2028 1027 est,

459 1051 742 1109 materiem
770 1052 1056 1106 informem
1084 1067 1114 1106 a
1144 1042 1254 1106 Deo
1287 1051 1401 1106 lleri
1447 1060 1706 1106 creatam.
1752 1052 2032 1119 Quomodo

453 1144 598 1199 enim
619 1183 636 1209 ,
667 1141 947 1213 inquiunt,
980 1157 1044 1195 ex
1074 1141 1248 1196 forma
1286 1142 1528 1196 omnium
1567 1141 1797 1196 informe
1841 1141 1991 1197 ﬁeret
2011 1183 2027 1207 ,

454 1236 527 1290 ab
552 1231 812 1289 immobili
835 1239 890 1288 et
919 1231 975 1287 in
1005 1231 1229 1286 nulloin
1256 1231 1436 1302 seipse
1458 1230 1699 1286 variabili
1730 1232 1933 1286 varium
1965 1247 2028 1287 ac

456 1322 747 1388 mutabile,
771 1321 844 1378 ab
873 1336 971 1388 eo,
1001 1321 1094 1387 cui,
1129 1321 1264 1375 nihil
1305 1321 1538 1386 accidit,
1577 1321 1744 1376 variis
1780 1321 2027 1377 acciden-

455 1415 599 1508 tibus
636 1400 975 1508 sobjectum,
1021 1429 1054 1469 a
1085 1429 1191 1477 non
1218 1414 1241 1455 ἀ
1265 1414 1500 1473 distento
1529 1428 1627 1484 per
1664 1415 1836 1487 spatia
1877 1414 2025 1471 loco-

2137 599 2367 654 diversis
2393 615 2582 654 vocum
2625 598 2976 670 qualitatibus
3003 609 3057 652 et
3086 599 3480 668 quantitatibus
3511 599 3554 634 ⁸⁸
3581 615 3716 670 con-

2137 692 2338 756 iicitur,
2370 692 2495 748 dmn
2529 692 2729 746 viritim
2763 692 3166 761 separatimque
3193 692 3523 752 sentiuntur,
3555 691 3715 766 longe

2135 800 2166 837 a
2194 799 2255 838 se
2283 783 2714 852 discrepantibus
2767 782 3080 838 intentionis
3121 792 3177 837 et
3215 782 3552 838 remissionis
3591 797 3714 852 proo

2128 875 2475 947 portionibus
2500 883 2830 945 segregatae,
2859 875 2984 928 dmn
3017 890 3142 929 vero
3169 873 3271 929 sibi
3300 873 3526 930 invicem
3553 889 3711 946 coap.

2137 978 2307 1026 tantm
2358 956 2653 1022 secundum
2687 978 2864 1023 certas
2894 969 3352 1038 rationabilesque
3380 967 3514 1028 artis
3544 968 3709 1022 musi-

2133 1073 2229 1114 cae
2271 1058 2482 1129 regulas
2521 1072 2618 1128 per
2653 1057 2891 1128 singulos
2937 1069 3150 1127 tropos,
3194 1057 3494 1112 naturalem
3521 1072 3712 1128 quam-

2133 1149 2255 1202 dam
2286 1148 2624 1202 dulcedinem
2660 1146 3006 1202 reddentibus
3035 1163 3049 1200 :
3079 1147 3153 1200 ita
3184 1145 3553 1224 univcrsitatis
3577 1161 3708 1201 con-
3739 1175 3752 1182 ε

2130 1239 2332 1304 cordia,
2363 1239 2689 1294 cx'diversis
2714 1247 2938 1292 naturae
2984 1238 3143 1292 unius
3185 1238 3644 1306 subdivisionibus
3677 1255 3710 1295 ιι

2128 1345 2190 1386 se
2231 1330 2499 1392 invicem,
2540 1327 2667 1383 dum
2707 1328 3061 1399 singulariter
3101 1327 3484 1398 inspiciuntur,
3528 1329 3706 1385 disso'o

2128 1419 2416 1495 nantibus,
2457 1417 2612 1487 juxta
2658 1417 2960 1474 conditoris
3003 1417 3328 1473 tmiformcm
3376 1416 3706 1486 voluntatem

453 1498 1014 1591 rum‘EHemporti'm,
1041 1509 1184 1578 quod
1213 1507 1404 1579 recipit
1431 1507 1672 1563 locorum
1700 1517 2025 1580 temporum-
2127 1513 2428 1567 eoadnnata
2461 1519 2564 1566 est.
2607 1509 2704 1566 llis
2755 1509 2939 1580 itaque
2981 1507 3218 1564 dellnitis
3260 1523 3368 1562 non
3401 1508 3706 1573 immerito,

439 1609 557 1668 que
597 1595 913 1664 intervalla,
955 1591 1028 1653 ct”
1051 1597 1461 1668 quantitatum?
1506 1597 1769 1654 Similiter
1806 1600 1876 1655 ab
1917 1615 2020 1662 eo.
2059 1595 2064 1600 ’
2128 1615 2187 1661 ut
2217 1606 2432 1677 inquis,
2464 1604 2693 1660 diversis
2719 1603 3105 1673 cogitationum
3131 1602 3384 1656 ﬂuctibus
3424 1599 3528 1658 sibi
3567 1599 3707 1654 invi-

446 1685 593 1758 quod
621 1684 752 1740 nulli
779 1683 1026 1757 qualitati
1054 1686 1340 1750 subditum
1357 1726 1390 1754 ,,
1412 1687 1748 1765 diversarum
1785 1690 2019 1759 qualita-

2151 1711 2245 1750 :em
2286 1692 2698 1749 adversantibus
2724 1693 2960 1747 allideris
2987 1696 3049 1745 ιο.
3078 1690 3394 1747 Confectum
3435 1698 3520 1746 est
3557 1689 3705 1765 enim

446 1785 564 1832 tum
612 1777 1021 1858 figurarumque
1074 1777 1404 1849 receptivum
1431 1817 1448 1842 ,
1503 1763 1578 1834 ab}
1624 1779 2019 1850 incotruptihili
2123 1795 2180 1841 et
2209 1785 2528 1840 inconcusse
2556 1783 2833 1839 definitum
2854 1823 2869 1847 ,
2898 1783 3082 1838 omnia
3101 1822 3118 1849 ,
3145 1797 3284 1852 quae
3324 1790 3452 1837 sunt
3481 1788 3538 1837 et
3560 1763 3705 1853 quae

447 1873 826 1951 corruptibile,
847 1887 881 1926 a
919 1869 1157 1942 simplici
1178 1866 1551 1940 compositum
1566 1874 1626 1924 et
1647 1877 1837 1924 cetera
1863 1866 1919 1924 id
1937 1882 2033 1942 se.

451 1984 575 2033 nus,
602 1982 737 2024 suae
766 1965 932 2022 falsae
956 1962 1399 2038 ratiocinationis
1451 1961 1671 2020 nebulis
1698 1961 1980 2019 obcaecati
2007 1961 2034 2018 ?

451 2062 566 2118 Nos
581 2069 765 2116 autem
784 2072 976 2114 sacrae
995 2053 1317 2126 Scripturae
1340 2069 1439 2111 ver
1461 2063 1627 2109 tatem
1649 2053 2028 2125 inspieientes.

449 2154 880 2222 divinorumque
893 2149 1067 2223 ipsius
1083 2150 1451 2219 interpretum
1474 2146 1698 2217 vestigia
1714 2131 2036 2217 sequentes,

457 2258 513 2305 et
537 2245 930 2303 informitatem
965 2258 1149 2297 rerum
1189 2238 1462 2302 omnium,
1495 2249 1550 2294 et
1579 2238 1809 2299 fortnas.
1833 2247 1887 2293 ct
1920 2255 2036 2292 mn-

462 2355 547 2404 ne.
571 2339 717 2412 quod
755 2338 812 2394 in
843 2337 946 2402 eis,
973 2335 1090 2390 sive
1117 2333 1421 2390 Secundum
1447 2332 1768 2392 essentiam,
1787 2329 1910 2386 sive
1951 2345 2038 2384 se-

445 2432 702 2494 cundum
735 2430 997 2488 accidens
1019 2436 1126 2492 est,
1150 2426 1220 2480 ab
1255 2441 1362 2481 una
1397 2425 1645 2480 onmimn
1696 2439 1867 2498 causa
1903 2439 2034 2478 cono

454 2528 574 2588 dita
603 2540 749 2589 esse,
773 2532 830 2580 et
849 2538 947 2594 per
975 2521 1139 2578 fidem
1170 2517 1472 2582 credimus,
1501 2527 1555 2571 et
1585 2527 1851 2586 quantum
1879 2516 2040 2570 datur

459 2629 559 2690 per
590 2613 932 2672 intellectum
964 2607 1398 2665 consideramus.

527 2709 584 2768 6.
616 2709 738 2770 Non
769 2708 918 2763 enim
951 2703 1326 2761 universitatis
1379 2699 1637 2755 conditor
1669 2700 2040 2768 multipotens,

459 2805 588 2864 .etia
611 2803 767 2858 nullo
800 2799 1162 2862 delleiens,et
1186 2799 1242 2852 in
1262 2794 1540 2850 inliuituut
1569 2793 1820 2854 tendens.
1843 2792 2043 2847 similia

462 2881 570 2957 sibi
595 2892 964 2960 solummodo,
989 2905 1179 2947 verum
1207 2889 1376 2944 etiam
1407 2885 1695 2942 dissimilia
1719 2901 1909 2941 creare
1942 2897 2045 2954 po-

467 2990 616 3050 tuit’
658 2999 715 3046 et
762 2988 993 3046 creavit.
1022 2983 1157 3039 Nam
1198 2994 1257 3040 et
1288 2980 1636 3038 solummodo
1675 2979 1760 3035 sui
1813 2979 2044 3039 similia.

467 3088 573 3142 hoc
600 3095 689 3140 cst.-
730 3097 859 3138 vere
899 3073 1216 3142 e’xisteut‘ia,
1262 3070 1511 3136 aeterna,
1549 3071 2046 3137 inconnuutabilia,

2135 1884 2248 1928 non
2279 1879 2435 1937 sunt,
2463 1871 2534 1928 ab
2560 1887 2670 1927 ttno
2690 1872 2938 1930 omnium
2965 1879 3238 1948 principio
3267 1881 3567 1945 continere,
3597 1887 3716 1938 sive

2137 1961 2191 2018 in
2220 1962 2668 2034 primordialibns
2709 1961 2895 2021 causis
2950 1969 3120 2023 semel
3145 1978 3201 2024 et
3249 1969 3413 2024 simul
3448 1972 3502 2027 in
3540 1973 3721 2029 Verbo

2139 2051 2237 2108 Dei
2279 2054 2564 2122 unigenito
2598 2055 2959 2110 aeternaliter
3010 2050 3190 2119 factis,
3243 2055 3359 2110 sive
3387 2059 3440 2111 in
3495 2062 3723 2116 tttaleria

2140 2139 2384 2208 informi,
2431 2157 2503 2198 ex
2527 2157 2637 2213 qua
2668 2143 3050 2212 prituordiales
3077 2160 3278 2200 causae
3309 2147 3537 2202 visilnlis
3567 2165 3729 2203 creo.

2142 2239 2298 2283 turae
2328 2230 2694 2297 apparitionis
2727 2247 2858 2286 suae
2883 2231 2928 2262 ⁸³
2969 2247 3070 2301 per
3106 2236 3518 2302 generationem
3563 2253 3726 2292 occa-
3795 2301 3797 2303 ι

2142 2316 2328 2371 siones
2354 2316 2400 2348 “
2419 2331 2774 2388 acceperunt,
2802 2321 2915 2372 sive
2946 2320 2999 2373 in
3027 2321 3315 2376 rllectiltns
3347 2340 3558 2389 earum,
3605 2333 3728 2397 qui-

2146 2410 2250 2466 bus
2291 2411 2527 2466 mundus
2558 2413 2660 2465 iste
2686 2413 2756 2466 ab
2787 2408 2949 2484 initio
2977 2428 3153 2483 usque.
3182 2417 3250 2468 ad
3285 2416 3449 2470 linem
3482 2420 3724 2474 naturali

2145 2503 2341 2558 ordine
2373 2502 2560 2558 divina
2597 2506 2942 2572 providentia
2971 2506 3013 2538 “
3040 2507 3392 2564 ministrante
3420 2513 3726 2580 peragitur.

2149 2596 2306 2653 Sicut
2328 2597 2371 2630 “
2389 2600 2463 2652 ait
2490 2598 2785 2653 Dmniuus:
2809 2597 2974 2653 Pater
2996 2615 3140 2658 metu
3167 2616 3330 2666 usque
3353 2603 3409 2655 iu
3434 2621 3513 2658 me
3538 2605 3578 2638 "
3602 2621 3732 2676 ope-

2149 2702 2305 2748 ηιιω·
2335 2705 2381 2748 ει
2406 2709 2498 2763 ego
2526 2707 2737 2764 operor.
2775 2692 2881 2747 Sed
2908 2695 3369 2762 quemadmodum
3397 2699 3535 2753 haec
3560 2701 3734 2760 veluti

2151 2787 2373 2842 sibimet
2395 2785 2740 2841 adversantia
2766 2785 2818 2838 in
2843 2801 3006 2840 unam
3035 2787 3311 2856 quandam
3337 2789 3734 2862 intelligentiae

2152 2881 2404 2952 copulam
2432 2880 2806 2942 conveniunt,
2861 2879 2964 2932 hoc
2995 2889 3082 2934 est
3123 2882 3404 2950 quomodo
3431 2885 3617 2938 omnia
3651 2887 3733 2941 si-

2154 2958 2267 3028 mul
2298 2983 2609 3036 et,aeterna
2635 2983 2690 3026 et
2724 2971 2867 3026 facta
2899 2983 3051 3038 sunt,
3077 2987 3186 3026 non
3210 2973 3389 3028 solum
3413 2975 3743 3042 tibi,vernm

2153 3065 2319 3122 etiam
2353 3075 2410 3120 et
2439 3065 2574 3120 mihi
2629 3063 3052 3133 diligentissima
3101 3063 3336 3124 rationis
3381 3067 3736 3137 inquisitione
3813 3088 3818 3092 '

467 3138 761 3248 simplicia,
780 3138 1224 3243 inseparabiliter
1251 3167 1425 3230 unita,
1445 3161 1912 3231 incorruptibilia,
1939 3162 2044 3216 iiu-
2078 3138 2121 3196 ο
2155 3160 2381 3230 dignum
2410 3172 2531 3212 esse
2560 3155 2796 3212 videtur.

470 3271 740 3330 mortalia,
768 3263 1077 3330 rationalia,
1107 3255 1795 3323 intellectualia,scientia,
1830 3253 2052 3327 sapien-

485 3349 558 3408 tia
580 3394 595 3419 ,
622 3363 940 3425 ceterasque
970 3349 1198 3408 virtutes
1239 3352 1579 3418 condiderit,
1611 3352 1664 3408 in
1709 3351 2056 3408 dissimilium

485 3456 538 3501 et
557 3446 927 3518 oppositorum
955 3447 1231 3502 creatione
1257 3445 1522 3514 defecisse
1549 3443 1842 3511 videretur,
1869 3454 1925 3501 et
1949 3460 2058 3501 non

481 3539 703 3595 omnino
731 3548 1082 3606 cunctorum,
1138 3553 1280 3610 quae
1319 3538 1456 3593 ratio
1493 3552 1652 3608 posse
1679 3537 1795 3594 fieri
1827 3539 1984 3595 docet
2012 3539 2057 3605 ⁸,

443 3650 450 3656 ι
481 3629 660 3701 opifex
711 3628 1068 3699 judicaretur.
1100 3615 1393 3684 Dissimilia
1431 3639 1613 3683 autem
1665 3629 1746 3684 sui
1792 3637 1849 3684 et
1885 3627 2056 3701 0pp04

487 3721 593 3777 sita
619 3722 872 3778 dicuntur
918 3735 1040 3778 esse
1062 3719 1089 3756 ³
1117 3729 1173 3777 et
1200 3731 1328 3777 sunt
1352 3720 1566 3786 omnia,
1599 3737 1742 3792 quae
1769 3722 2060 3791 praedictis

482 3810 770 3867 virtutibus
807 3819 1170 3882 opponuntur,
1216 3826 1323 3866 non
1363 3820 1420 3864 ut
1462 3812 1710 3882 negativa
1750 3826 1844 3867 seu
1882 3813 2059 3882 priva-

485 3904 624 3969 tiva,
654 3906 748 3959 sed
776 3913 1002 3959 naturae
1031 3904 1469 3960 dissimilitudine
1496 3904 1552 3960 et
1577 3906 1931 3978 appositione.
1978 3908 2060 3964 Si~

483 3994 697 4064 quidem
718 3993 990 4065 perfectae
1003 3996 1270 4050 essentiae
1283 3995 1598 4051 similiteriu
1616 4013 1812 4068 genera
1830 3998 2063 4054 formas-

485 4099 590 4154 que
620 4099 714 4155 per
749 4085 1079 4142 dilferentias
1107 4097 1159 4141 et
1193 4088 1572 4157 proprietates,
1614 4089 2060 4161 uniformiterque

484 4173 766 4229 ordinatae
789 4189 886 4245 per
911 4174 1149 4248 singulas
1176 4176 1402 4246 species,
1426 4178 1571 4232 omni
1600 4177 1911 4233 confusione
1932 4181 2059 4235 sub-

486 4273 674 4331 tracta,
722 4266 1107 4338 imperfectio'
1134 4266 1602 4339 informisadltuc
1633 4273 1892 4326 materiae
1935 4272 1956 4304 "
2003 4281 2060 4328 et

474 4355 754 4411 'tnohilitas
780 4357 1070 4427 opponitur
1089 4358 1134 4423 ⁸,
1165 4358 1402 4412 aeternis
1432 4360 1745 4428 temporalia
1765 4401 1782 4426 ,
1808 4362 2058 4416 iuunuta-

2229 3219 2304 3308 Ζ1.
2345 3251 2492 3308 Disc.
2527 3249 2762 3320 Dignum
2797 3219 3022 3318 quidem
3046 3289 3063 3307 .
3093 3251 3204 3308 llac
3228 3268 3378 3310 enim
3411 3257 3740 3327 quaestione

2157 3361 2363 3417 nullam
2383 3358 2632 3414 altiorem
2660 3352 3074 3426 inquisitoribus
3102 3347 3349 3406 veritatis
3372 3345 3744 3418 quaerentlattt

2159 3465 2280 3507 esse
2303 3448 2559 3504 arbitror.
2591 3444 2827 3509 Etenim,
2861 3452 2922 3497 ut
2965 3439 3350 3514 praediximus,
3397 3435 3540 3490 facta
3571 3440 3749 3487 aeter-

2158 3539 2246 3596 nis
2286 3545 2649 3610 opponuntur.
2723 3537 2802 3588 Ae
2843 3549 2940 3604 per
2986 3533 3111 3596 hoc,
3160 3531 3206 3585 si
3249 3529 3417 3593 facta,
3464 3541 3570 3585 non
3617 3531 3747 3578 sunt

2159 3642 2412 3698 aeterna;
2442 3631 2486 3686 si
2511 3639 2751 3691 aeterna,
2779 3642 2884 3681 non
2907 3634 3032 3680 sunt
3058 3625 3101 3657 "
3126 3621 3288 3679 facta.
3319 3618 3450 3676 Nam
3479 3626 3534 3671 ut
3554 3616 3745 3670 eadem

2160 3737 2215 3782 et
2243 3729 2288 3764 "
2315 3734 2535 3782 aeterna
2577 3723 2811 3778 simulet
2842 3719 2983 3773 facta
3016 3717 3144 3778 sint,
3177 3729 3282 3787 qua
3315 3713 3523 3765 ratione
3562 3708 3746 3765 doceri

2159 3819 2356 3881 valeat,
2387 3832 2494 3871 non
2531 3815 2662 3876 mihi
2689 3811 2944 3866 oceurrit.
2993 3808 3227 3862 Proinde
3262 3804 3306 3842 ³⁸
3349 3802 3425 3857 nil
3469 3798 3614 3855 aliud
3657 3812 3745 3854 re-

2159 3918 2289 3973 stat,
2323 3920 2378 3962 nt
2407 3910 2664 3970 acstinte,
2692 3904 2792 3959 nisi
2826 3911 2881 3956 ut
2904 3911 2996 3954 aut
3023 3901 3122 3953 ista
3158 3897 3372 3968 penitus
3399 3907 3532 3965 prae
3572 3889 3740 3945 nimia

2161 4017 2244 4058 sui
2273 3998 2560 4053 altitudine
2584 3996 2801 4051 silentio
2824 3992 3236 4053 honorilicetnr,
3269 3995 3382 4050 aut,
3412 3981 3620 4052 siquid
3647 3978 3740 4035 tibi

2159 4093 2227 4147 de
2252 4105 2316 4145 ea
2363 4090 2578 4144 videtur
2616 4083 3073 4155 itn'cstigandnm,
3128 4070 3738 4147 investigareincipias.

2159 4183 2299 4238 Matt.
2336 4179 2632 4248 Utrumque
2656 4176 2785 4230 mihi
2811 4175 3037 4236 videtur,
3066 4181 3123 4225 ιιι
3147 4180 3202 4224 et
3220 4171 3267 4206 “
3293 4168 3742 4234 candetu,quatt-

2160 4286 2275 4331 ttuu
2318 4275 2463 4328 acies
2489 4268 2964 4340 eotttemplationis
2996 4254 3214 4320 nostrae
3241 4261 3352 4314 Deo
3401 4255 3740 4312 illuminaute

2157 4384 2226 4424 ex
2255 4368 2425 4422 nimio
2451 4351 2764 4419 subtilitatis
2788 4375 2918 4416 suae
2950 4358 3160 4428 fulgore
3188 4369 3292 4410 non
3325 4349 3620 4428 repellitur,
3656 4346 3738 4402 in-
3767 4429 3771 4433 ι

482 4445 678 4501 bilibus
725 4446 1050 4511 mutabilia,
1102 4447 1439 4518 simplicibus
1484 4451 1814 4518 composita,
1865 4461 1920 4506 et
1966 4467 2046 4508 ce-
2084 4461 2130 4520 υ
2163 4459 2429 4531 vestigare
2467 4475 2570 4510 non
2604 4454 2800 4525 pigeat.
2844 4468 2918 4517 ne
2951 4447 3190 4505 desidiae
3229 4461 3324 4500 seu
3365 4442 3590 4529 inertiae
3618 4436 3738 4531 cul-

484 4543 597 4590 tera
620 4533 666 4602 ’,
693 4549 832 4606 quae
862 4535 1025 4591 veluti
1051 4549 1116 4590 ex
1145 4536 1410 4591 diametro
1451 4537 1553 4591 sibi
1585 4539 1813 4595 invicem
1852 4554 1884 4594 e
1922 4556 2051 4596 con-
2091 4547 2096 4551 ’

484 4626 651 4687 trario
677 4627 1024 4698 respondent.
1055 4626 1259 4684 Horum
1288 4629 1472 4699 itaque
1495 4632 1766 4697 onmium,
1797 4633 2051 4688 similium

455 4718 600 4792 lico
628 4729 682 4777 et
711 4720 1082 4786 dissimilium,
1127 4736 1269 4776 unus
1307 4731 1472 4791 atque
1511 4723 1650 4776 idem
1695 4725 1889 4780 artifex
1929 4737 2048 4793 est,

480 4801 634 4880 cujus
660 4809 1050 4882 omnipotentia
1077 4811 1132 4865 in
1164 4810 1360 4865 nullius
1399 4820 1626 4865 naturae
1657 4813 1835 4867 deticit
1862 4831 2052 4885 opera-

481 4903 646 4957 tione.
667 4900 901 4958 Proiude
916 4903 959 4934 ³ο
981 4901 1322 4972 pulchritudo
1347 4903 1506 4958 totius
1527 4905 1899 4964 universitatis
1921 4924 2051 4965 con-

385 5011 391 5015 ·
483 4990 654 5057 ditae,
701 4991 959 5047 similium
1006 5000 1064 5047 et
1106 4991 1484 5046 dissimilium.
1535 4993 1768 5050 mirabili
1813 4998 2048 5066 quadam

483 5083 760 5138 harmonia
803 5083 1095 5140 constituta
1135 5094 1251 5150 est,
1279 5099 1345 5140 ex
1377 5085 1604 5141 diversis
1631 5087 1920 5158 generibus
1961 5085 2065 5146 va?

2157 4525 2677 4622 pantincurratnus;
2720 4546 2808 4601 ubi
2855 4557 2982 4599 vero
3007 4538 3345 4595 intentionis
3381 4525 3599 4592 nostrae

2158 4648 2327 4695 tatem
2352 4645 2672 4709 exsuperat,
2697 4646 2879 4692 etnon
2901 4633 3104 4704 patitur
3131 4628 3399 4686 tuentibus
3428 4624 3604 4679 adhuc
3627 4629 3738 4677 ten

2157 4747 2287 4785 rena
2336 4728 2664 4785 habitatione
2705 4727 2975 4799 depressis
3020 4722 3279 4802 perspici,
3326 4725 3384 4774 et
3425 4715 3493 4771 ad
3540 4727 3734 4785 purum

2157 4825 2423 4896 dignasei,
2473 4824 2690 4880 silentio
2716 4823 2896 4877 cordis
2937 4829 2993 4875 et
3035 4818 3148 4873 oris
3178 4810 3580 4888 ltonoriticanda
3626 4815 3732 4869 est,

2157 4929 2226 4968 ne
2254 4914 2380 4984 quid
2413 4924 2615 4968 temere
2641 4911 2708 4967 de
2733 4923 2798 4966 ea
2826 4910 3167 4965 deiiniamus.
3208 4906 3352 4960 Dtsc.
3385 4902 3463 4956 ita
3507 4897 3624 4964 fiat,
3666 4910 3734 4950 ac

2155 5003 2272 5059 sine
2303 5020 2450 5058 ntora
2483 5004 2644 5072 hujus
2677 5001 3044 5072 inquisitionis
3072 4999 3225 5078 viam.
3251 4993 3449 5062 arripe.

2224 5097 2278 5147 8.
2319 5093 2458 5149 Man.
2503 5093 2578 5149 De
2605 5110 2673 5152 eo
2735 5093 2876 5164 quod
2903 5091 3084 5147 omnia
3125 5092 3177 5144 in
3206 5077 3385 5144 Verbo
3422 5080 3518 5139 Dei
3548 5077 3744 5169 Ψιίιοέ

1768 5241 2022 5306 γΑιιιςιΕ
2060 5247 2456 5305 ιειῑτιοΝιεδ.

550 5386 566 5417 ι
599 5377 686 5456 Sic
715 5377 803 5432 AC
829 5395 844 5441 ;
866 5376 1230 5456 sumpserit
1250 5376 1274 5428 Ἰ
1298 5452 1310 5456 Δ
1409 5375 1516 5431 Pro
1536 5398 1567 5430 ιι
1592 5396 1692 5456 non
1722 5379 1771 5456 tl
1792 5393 1884 5431 an.
1952 5384 1972 5414 ³
2002 5382 2044 5436 C

2151 5389 2276 5439 'm’l.
2355 5390 2376 5418 ⁸
2405 5391 2444 5441 .-\
2465 5390 2651 5441 frtrem:
2683 5404 2828 5447 posse
2855 5388 2984 5456 fieri.
3059 5387 3265 5440 'Aetse
3293 5385 3561 5456 dicantur.
3604 5455 3607 5456 ν
3636 5383 3656 5413 ⁸
3689 5385 3730 5438 Α
3765 5369 3768 5371 Δ

479 5452 792 5517 imperfecto.
866 5447 887 5480 τ
914 5446 957 5502 C
981 5447 1216 5517 materie.
1292 5452 1314 5483 ⁸
1339 5450 1380 5506 C
1417 5449 1644 5517 opponit.

1721 5450 1740 5480 ⁸
1776 5469 1800 5488 ο
1859 5450 2090 5506 acterna}

2171 5458 2210 5493 i"
2244 5460 2281 5509 Α
2315 5458 2555 5510 l’rrt’ndr.
2633 5466 2678 5499 ιι
2710 5469 2757 5509 et
2811 5454 3190 5529 thmtlimlilgﬂf
3235 5471 3344 5529 om.
3376 5455 3435 5508 C.
3482 5454 3561 5529 1A"
3584 5455 3629 5506 Δ
3653 5456 3730 5529 ol—

476 5515 662 5605 lrdenr,
738 5517 783 5550 "
880 5518 1009 5605 sive;
1086 5517 1131 5556 ⁸⁵
1180 5516 1349 5605 (Ζιρρι-
1362 5515 1729 5605 Ηςιιένξίιὶᾳηνέι
1756 5525 2044 5605 οτι-«διέρριιί

2182 5529 2221 5557 ⁵⁸
2254 5533 2293 5582 Δ
2342 5531 2642 5594 pt‘vdrttlt‘a.
2724 5529 2767 5579 '.‘
2813 5515 2857 5584 Ᾰ
2894 5527 3002 5599 ⁹εἰς.
3081 5527 3120 5564 ιτ
3151 5524 3256 5580 i’ro
3296 5527 3350 5578 in
3373 5539 3453 5576 nu
3480 5525 3520 5580 (Σ
3549 5525 3704 5577 modo

481 5591 523 5622 δ’
548 5598 662 5643 sunt
713 5604 800 5643 om
825 5588 889 5643 Α.

964 5585 1009 5621 ⁸³
1036 5598 1082 5642 ιι
1111 5602 1200 5640 om
1227 5585 1286 5644 (ξ.
1351 5589 1409 5643 ,³⁸
1438 5592 1484 5642 Δ
1519 5585 1761 5654 Perinde.
1823 5598 1864 5627 ’θ
1897 5597 1938 5651 C
1961 5600 2018 5645 ut
2053 5594 2142 5647 ad.
