4174 6262
506 307 620 364 635

1827 312 2398 406 .JoAatvtsseon
2478 357 2527 369 _.
2586 350 2593 354 .

3583 325 3592 394 ζ
3662 308 3766 374 656

504 424 729 495 gulatitn
759 427 965 498 species
998 432 1065 494 ab
1100 431 1317 487 ~unitate
1355 433 1660 505 accipiunt?
1688 435 1836 502 Quid
1864 435 1935 505 de
1961 430 2084 507 pro-
2113 438 2163 497 Α
2188 443 2469 505 quartum,
2502 432 2722 490 dimidia
2770 443 2827 490 et
2867 432 3047 500 tertia,
3085 447 3225 506 quae
3252 442 3378 490 sunt
3407 431 3506 491 tria
3537 434 3762 500 ἀείδω.

508 518 1045 597 portionalitatibus,
1108 537 1246 594 quas
1293 523 1365 579 in.
1401 527 1878 596 proportionibus,
1925 528 2087 597 inque

423 636 428 641 -
508 595 825 664 diil'ereutiis
885 610 1234 671 laminarum
1283 595 1732 687 centumplatuttr,
1790 617 1842 672 itt
1891 595 2121 687 quibus,

507 695 796 754 inc-ﬂabilis
839 703 1245 771 atquedivinac
1278 705 1492 764 virtutis
1528 719 1613 764 est
1657 708 1984 772 entistantia,
2030 719 2088 765 ut

508 788 684 848 nullus
705 792 1002 862 sapientiae
1019 806 1226 851 secreta
1244 808 1533 868 penetrans
1555 813 1656 858 eas
1671 814 1776 855 non
1793 804 1807 829 ‘
1832 801 2087 858 aeternas

507 894 625 935 esse
652 883 984 943 contendat?
1031 885 1086 942 Si
1122 899 1302 965 autem
1335 890 1352 920 '
1381 900 1525 960 recta
1553 889 1797 950 deﬁnitio
1839 902 1924 947 cst
1948 891 2082 956 veri,

506 970 824 1043 qtuedieil,
872 991 1056 1030 verum
1098 979 1390 1048 esse-quod
1430 992 1650 1050 semper
1696 990 1908 1043 manet:
1942 981 2086 1051 quod

414 1134 423 1144 ἰ
506 1073 684 1119 autem
707 1057 934 1136 semper
959 1081 1138 1125 manet
1166 1069 1210 1137 ⁸,
1243 1083 1521 1139 aeternum
1547 1082 1661 1129 esu
1689 1072 1963 1130 rationcs‘~
1989 1087 2087 1128 nu-

503 1146 786 1224 ttteroruur
805 1175 962 1216 verae
988 1174 1137 1229 sunt,
1153 1163 1283 1233 quia
1301 1179 1515 1238 seraper
1535 1165 2048 1236 ‘rmnuttabiliterque
2064 1165 2087 1198 '
2110 1201 2117 1218 -.

437 1303 440 1306 .
503 1260 750 1312 ωῖιυθυι.
777 1265 838 1305 ac
872 1268 967 1321 per
997 1253 1106 1310 lmc‘
1134 1265 1387 1311 aeternae
1417 1266 1560 1314 sunt;
1609 1256 1682 1312 De
1723 1256 1920 1326 quibus
1941 1255 2114 1325 qttis-.

506 1338 628 1407 quis
691 1340 973 1413 diligenter
1025 1343 1164 1401 seire
1213 1345 1502 1411 desiderat,
1550 1345 1847 1419 magniﬁci
1877 1345 2086 1404 liuetbii

502 1429 571 1484 de
626 1429 850 1488 λιιιιῆςεὶ
887 1434 1052 1490 libros
1099 1435 1337 1498 intentus
1377 1427 1551 1514 legat.
1604 1438 1733 1495 Item
1790 1439 1856 1494 de
1902 1452 2090 1493 nume-

505 1534 688 1583 rorum
748 1526 1068 1582 aeternitate
1135 1526 1188 1580 in
1250 1526 1516 1600 primipio
1573 1545 1706 1590 suo,
1774 1529 1826 1583 id
1865 1526 1984 1590 ~'cst.
2032 1525 2086 1584 iu

506 1614 758 1677 monade,
790 1616 1163 1678 brevissimum
1191 1618 1374 1688 accipe
1402 1629 1806 1692 argumenti-un.
1831 1619 1888 1675 Si
1914 1620 2090 1676 unitas

506 1717 862 1764 numerorum.
901 1717 980 1763 est
1021 1707 1225 1770 unitas,
1265 1724 1537 1780 nunquam
1583 1721 1702 1766 erat
1754 1714 1932 1766 unitas
1969 1711 2088 1767 sine

2190 525 2473 596 (primum;
2499 534 2688 600 partes
2711 523 2828 596 ejus
2855 538 3046 580 omnes
3071 513 3233 581 simul
3258 520 3600 594 conjunctae,
3629 539 3764 604 quae

2181 629 2315 686 sunt
2363 631 2553 684 unum,
2590 617 2717 682 duo,
2770 615 2898 683 tria,
2945 626 3182 682 sextum,
3223 615 3456 689 scipsum
3495 615 3769 685 videlicet,

2167 703 2486 779 cuiquem:
2544 718 2700 783 totus
2740 723 2862 765 cum
2916 721 3014 764 sua
3063 704 3387 790 sextak'boc
3433 718 3538 773 est,
3583 723 3679 766 se:
3714 717 3771 766 et

2161 814 2352 854 -.ttttttttt
2388 799 2709 871 septimum.
2761 807 2906 855 totus
2945 814 3069 855 eum
3111 815 3211 856 sua
3263 800 3456 864 tertia,
3497 799 3604 858 hoc
3661 811 3764 867 eat.

2185 901 2281 952 sex
2309 901 2360 944 et
2414 890 2824 953 duooctavum,
2866 899 3010 946 totus
3031 904 3154 956 cum
3177 905 3274 946 sua
3297 891 3518 948 dimidia
3543 906 3766 965 nonum.

2188 984 2292 1040 line.
2339 994 2424 1040 cst
2457 985 2636 1044 ".sett
2684 992 2742 1038 et
2791 983 2917 1048 tria,
2974 984 3171 1054 quibus
3216 983 3262 1039 si
3309 990 3482 1040 unum
3517 984 3768 1052 addatur,

2173 1073 2239 1128 .iu
2265 1087 2376 1142 quo
2402 1072 2643 1129 (nimium
2681 1085 3028 1128 numerorum
3058 1071 3183 1128 ﬁnis
3211 1072 3582 1140 constituitur,
3605 1074 3770 1131 dena-

2189 1163 2267 1219 ria
2321 1162 2596 1233 quantitas
2657 1161 2996 1242 perﬁcietttr.-
3047 1160 3121 1218 Si
3156 1177 3286 1236 ergo
3342 1161 3614 1234 perfectus
3670 1165 3771 1221 iste

2188 1254 2468 1318 rutmerus,
2511 1253 2759 1313 senarius
2785 1253 3056 1318 videlicet,
3100 1253 3153 1308 in
3192 1254 3396 1311 unitate
3423 1259 3797 1333 numerorum

2155 1344 2534 1402 .~constituitur
2563 1345 2631 1412 ι’,
2667 1341 2868 1408 videat,
2903 1343 2991 1413 qui
3022 1344 3174 1408 dicit,
3203 1359 3327 1398 eum
3349 1354 3629 1403 aeternum
3659 1361 3764 1401 non

2189 1450 2332 1495 esse.
2361 1448 2483 1503 cum
2527 1434 2580 1496 in
2609 1435 2724 1504 ipso
2759 1434 2998 1490 omnium
3035 1435 3284 1490 conditor
3305 1435 3470 1505 opera
3512 1447 3610 1493 sua
3645 1451 3769 1507 per-

2190 1524 2402 1580 fecerit.
2449 1521 2550 1579 Ubi
2615 1522 2931 1587 natandum,
2989 1523 3133 1592 quod
3194 1538 3297 1578 non
3362 1524 3480 1580 ideo
3527 1525 3774 1582 senarius

2190 1627 2450 1672 numerus
2478 1612 2750 1684 perfectus
2773 1624 2877 1680 est,
2913 1615 3168 1684 quoniam
3207 1615 3257 1669 iu
3290 1629 3356 1671 eo
3377 1616 3520 1672 Deus
3557 1626 3770 1683 cuncta,

2189 1721 2328 1777 quae
2342 1695 2530 1761 creare
2546 1704 2732 1771 voluit,
2747 1705 3160 1765 consummavit.
3185 1707 3278 1760 sed
3305 1706 3423 1761 ideo
3447 1706 3491 1739 “
3513 1707 3696 1762 omnia
3727 1710 3769 1742 "

503 1794 765 1869 numeris,
812 1811 1039 1866 quorum
1069 1800 1179 1859 'cst
1222 1799 1418 1856 unitas.
1470 1801 1601 1858 Item
1662 1803 1708 1858 Si
1760 1803 1970 1858 numeri
2021 1819 2085 1859 ex
2120 1785 2354 1870 Bopera
2402 1812 2499 1853 sua
2529 1795 2802 1862 condidit,
2835 1806 2894 1853 ιιι
2939 1797 3267 1867 perfectione.
3312 1799 3518 1854 numeri
3549 1812 3769 1868 operum

502 1889 733 1948 tnonatle
780 1889 940 1945 veluti
985 1907 1049 1950 ett
1095 1893 1324 1969 quodam
1375 1893 1522 1950 fonte
1590 1895 1911 1950 inexhausto
1966 1909 2090 1965 pro-

500 1978 696 2048 ﬂuunt,
731 1988 785 2037 et
832 1980 884 2035 in
939 1996 1085 2048 eam,
1123 1997 1599 2055 quantumcunque
1645 1985 2102 2056 multiplicemur,

501 2068 799 2134 desinunt,
855 2088 959 2128 non
1009 2068 1078 2129 ab
1131 2088 1194 2129 ea
1241 2075 1458 2144 quidem
1501 2076 1849 2147 proﬂuerent,
1881 2077 1924 2132 si
1966 2088 2091 2136 ante

501 2170 700 2214 conon.
721 2158 918 2215 (binim
954 2162 1005 2216 in
1047 2177 1109 2216 ea
1142 2163 1430 2219 causaliter
1483 2161 2017 2225 uou‘substiterent
2045 2169 2090 2234 ",

505 2261 604 2304 nec
651 2249 703 2303 in
755 2263 873 2303 eam
911 2251 1158 2308 desinere
1207 2264 1538 2325 appeterent,
1579 2255 1758 2327 sinon
1799 2257 1855 2313 in
1881 2272 1941 2313 ea
1967 2273 2094 2314 suas

503 2355 698 2397 causas
721 2344 1066 2400 aeternaliter
1094 2361 1410 2417 permanere
1449 2349 1680 2406 naturali
1725 2362 1872 2408 metu
1896 2365 2092 2423 regno-

502 2445 737 2495 srereut.
787 2435 858 2488 ad
898 2453 1035 2507 quas
1078 2454 1290 2509 semper
1346 2439 1522 2496 redire
1572 2459 1675 2499 non
1735 2457 1950 2502 cessant
1996 2433 2125 2518 per,

503 2531 719 2584 eosdem
777 2530 996 2602 gradus,
1056 2529 1254 2602 quibus
1307 2536 1373 2588 ad
1445 2536 1634 2590 eadem
1698 2535 2089 2608 proﬁttxerant,

503 2623 786 2693 ειιλιμῖρίς
832 2625 1047 2695 regulis.
1093 2640 1188 2694 per
1226 2642 1362 2696 quas
1405 2628 1583 2683 omnis
1627 2628 1981 2700 inaequalitas
2021 2634 2093 2688 ad

503 2715 884 2784 aequalitatem
914 2726 1212 2770 revocatur.
1253 2717 1563 2786 Analytieas
1591 2730 1771 2775 autem
1801 2721 2012 2792 regulas
2035 2720 2088 2776 in

505 2804 685 2859 fronte
714 2806 1222 2870 secuuditractatus
1252 2805 1552 2864 .‘llatltcseos
1579 2809 1849 2878 magniﬁci
1881 2810 2088 2867 lloetbii

504 2897 778 2950 studiosus
809 2897 1036 2967 quisque
1091 2898 1285 2953 talium.
1316 2899 1544 2959 mirabili
1593 2912 1904 2958 naturarum
1934 2902 2088 2959 iuda-

506 2991 721 3058 gatio'ue
748 2981 997 3060 reperiet.
1031 2987 1089 3044 Si
1115 3003 1306 3060 autem
1333 2991 1459 3061 quis.
1484 2992 1703 3057 dixerit,
1738 3003 1794 3048 et
1828 2995 2087 3050 unitatem

505 3095 876 3142 munerarium,
906 3091 960 3136 et
1001 3081 1145 3151 ipsos
1179 3098 1435 3140 numeros
1469 3084 1628 3140 simul
1655 3099 1779 3143 esse
1815 3087 2088 3158 insepara-

509 3173 714 3236 biliter,
749 3173 1003 3243 qntmiam
1032 3174 1175 3228 inter
1204 3189 1287 3240 ea,
1321 3190 1458 3246 quae
1488 3177 1648 3232 simul
1675 3189 1728 3234 et
1755 3179 2086 3250 inseparabi-

505 3261 631 3316 liter
673 3275 815 3327 sunt,
863 3278 966 3329 non
1008 3265 1301 3338 incongrue
1333 3280 1813 3332 connumerantur,
1847 3285 1952 3327 non
2000 3288 2089 3326 ue-

506 3356 764 3423 pandum,
790 3355 895 3410 imo
920 3355 1092 3412 etiam.
1115 3353 1389 3412 fatendum
1422 3376 1435 3421 ;
1465 3363 1556 3414 sed
1589 3375 1692 3414 non
1725 3361 1846 3416 ideo
1870 3371 2088 3417 acterna

506 3461 646 3505 esse.
691 3445 1064 3517 principioque
1105 3461 1295 3503 carere
1324 3450 1650 3509 credendum
1682 3450 1765 3523 vel
1795 3447 2088 3524 intelligen-

507 3537 668 3592 dum.
691 3535 852 3591 Multa
897 3537 1040 3592 enim
1079 3550 1225 3603 sunt,
1254 3555 1393 3608 quae
1430 3540 1593 3596 simul
1643 3542 1906 3614 incipiunt
1947 3558 2087 3610 esse,

507 3642 615 3681 non
670 3638 849 3682 tamen
887 3629 1007 3684 ideo
1039 3630 1197 3684 simul
1227 3632 1251 3662 ⁸
1279 3633 1624 3688 aeterualiter
1659 3642 1926 3704 coguntur
1956 3636 2086 3690 sub-

508 3717 722 3784 sistere.
750 3717 882 3772 Nam
914 3730 967 3774 et
1003 3720 1254 3775 materies
1281 3732 1329 3775 et
1357 3720 1549 3787 forma,
1580 3733 1632 3777 et
1665 3738 1764 3777 vox
1787 3733 1840 3779 et
1866 3724 2089 3780 verbum

508 3809 681 3863 simul
710 3809 995 3880 incipiunt,
1031 3813 1189 3867 simul
1222 3813 1490 3877 desinunt,
1527 3827 1626 3869 nec
1664 3825 1842 3870 tamen
1869 3829 2089 3871 acterna

509 3910 653 3955 sunt.
672 3894 728 3955 Si
755 3902 898 3955 enim
919 3911 1136 3956 aeterna
1160 3912 1361 3968 essent,
1378 3919 1473 3958 uer.
1496 3905 1814 3974 inciperent,
1829 3921 1927 3962 nec
1950 3906 2094 3961 desi-

517 4006 712 4051 uerent
735 4011 876 4062 esse,
893 4009 946 4052 et
972 3999 1140 4053 multa
1157 3999 1206 4054 id
1233 4014 1420 4071 genus.
1446 3999 1914 4072 Respondendnm,
1933 4019 2091 4060 sena-

509 4087 639 4144 rius
656 4103 921 4144 numerus
943 4093 1009 4146 ab
1035 4091 1240 4146 unitate
1298 4102 1352 4147 et
1381 4093 1824 4164 multiplicatione
1863 4097 2092 4153 aliorum

513 4195 866 4237 numerorum
895 4197 1000 4237 non
1025 4182 1343 4249 secluditur,
1369 4185 1686 4254 praesertim
1717 4201 1838 4242 cum
1870 4187 2016 4244 solus
2039 4188 2093 4244 in

514 4272 901 4342 cardinalibus,
925 4276 1023 4332 hoc
1054 4285 1158 4343 est,
1190 4277 1241 4330 in
1271 4278 1441 4347 prime
1470 4293 1627 4333 versu
1660 4295 2004 4336 numerorum
2029 4281 2095 4348 ab

482 4378 624 4430 ,uno
652 4382 841 4437 usque
867 4370 935 4423 ad
973 4364 1180 4433 decem,
1233 4368 1509 4441 perfectus.
1549 4371 1658 4437 sit;
1693 4373 1814 4430 suis
1866 4389 2098 4445 namque

515 4455 759 4528 partibus
785 4457 1082 4528 perﬁcitur,
1107 4469 1254 4514 sexta
1285 4460 1554 4525 videlicet,
1584 4472 1637 4517 et
1661 4463 1837 4526 tertia,
1861 4474 1915 4519 et
1939 4462 2096 4518 dimi-

513 4545 623 4604 dia.
676 4545 842 4605 Sexta
885 4551 1299 4620 quidem‘unum
1353 4564 1455 4614 est,
1511 4555 1668 4609 tertia
1712 4555 1834 4619 duo,
1873 4556 2095 4612 dimidia

463 4708 466 4710 η
516 4636 643 4702 tria,
676 4652 818 4711 qttae
847 4640 1003 4694 simul
1041 4647 1352 4713 compactae
1413 4646 1682 4705 senariam
1737 4645 2028 4703 conﬁciunt
2075 4652 2102 4684 ³

519 4727 896 4798 quantitatem.
948 4729 1123 4784 Unum
1169 4731 1456 4801 siquidem,
1505 4743 1562 4791 et
1604 4735 1734 4799 duo,
1762 4745 1818 4788 et
1863 4734 1965 4790 tria
2002 4751 2095 4791 sex

519 4826 647 4883 sunt
671 4818 735 4869 ⁸ο.
767 4817 864 4873 Est
885 4829 939 4873 et
966 4819 1066 4871 alia
1096 4822 1250 4883 ratio,
1277 4836 1416 4888 quae
1433 4822 1572 4876 miro
1595 4823 1752 4878 modo
1778 4825 1975 4880 senarii
2002 4840 2102 4878 nu-

519 4908 655 4962 meri
703 4908 1084 4978 perfectionem
1133 4909 1388 4974 insinuat,
1419 4925 1560 4980 quae
1606 4913 1836 4988 primum
1880 4930 2094 4967 versum

522 5013 872 5054 numerorum
920 4993 1032 5055 suis
1068 5001 1310 5070 partibus
1352 5003 1599 5058 ordinate
1644 5005 1948 5058 constitutis
1980 5020 2110 5073 per-

522 5092 653 5146 ﬁcit.
711 5074 876 5147 Sexta
922 5108 1047 5163 pars
1093 5093 1209 5160 ejus
1257 5108 1418 5148 unum
1477 5095 1708 5165 primum
1756 5111 2099 5168 numerorum

522 5182 731 5239 obtinet
765 5183 962 5246 locant,
1011 5183 1166 5238 tertia
1207 5184 1311 5238 duo
1378 5185 1698 5249 secundum,
1738 5187 1957 5240 dimidia
2003 5188 2104 5242 tria

527 5273 770 5341 tertium,
800 5275 1016 5328 dimidia
1046 5285 1108 5328 et
1141 5285 1292 5328 sexta
1342 5289 1480 5345 quae
1529 5285 1654 5334 sunt
1687 5278 1787 5332 tria
1823 5288 1876 5330 et
1914 5293 2097 5346 unum.

2191 1906 2412 1949 Suarum
2454 1889 2838 1960 perfectionem
2887 1887 3233 1960 signiﬁcaret.
3265 1889 3377 1944 Hoc
3408 1889 3572 1961 igitur
3605 1891 3779 1946 maxi-

2194 1998 2338 2036 mum
2384 1996 2448 2036 ac
2482 1979 2874 2035 divinissimutn
2910 1979 3203 2050 exemplar,
3233 1980 3284 2034 in
3325 1997 3433 2053 quo
3465 1983 3591 2037 fecit
3636 1983 3774 2038 Deus

2191 2090 2352 2148 opera
2407 2086 2534 2143 sua.
2587 2071 2830 2147 nunquid
2884 2071 3142 2127 credibile
3190 2082 3280 2135 aut
3347 2056 3770 2130 verisimiletest

2196 2171 2564 2242 temporaliter
2593 2171 2900 2233 inchoasse,
2927 2165 3050 2224 dum
3093 2166 3145 2219 in
3176 2181 3241 2221 eo
3271 2167 3606 2232 nonrsolum.
3633 2183 3771 2238 quae

2193 2263 2246 2318 in
2287 2263 2617 2333 temporibus
2641 2272 2788 2325 sunt,
2833 2276 3015 2314 verum
3044 2269 3095 2314 et
3127 2262 3240 2330 ipsa
3269 2267 3532 2331 tempora,
3559 2268 3772 2333 etquae

2195 2353 2334 2409 ultra
2368 2363 2606 2422 tempora
2639 2351 2962 2416 subsistunt,
2988 2353 3054 2404 ab
3083 2351 3275 2420 opiﬁce
3301 2369 3540 2408 omnium
3568 2354 3768 2409 consti-

2195 2453 2307 2502 tuta
2335 2443 2496 2500 sunt?
2525 2442 2755 2498 Proinde
2784 2457 2940 2498 nemo
2963 2457 3152 2497 sanum
3183 2445 3397 2514 sapiens
3424 2445 3491 2500 de
3529 2447 3767 2501 aeternio

2192 2545 2302 2590 tate
2347 2547 2695 2589 munerorum
2747 2531 3029 2595 dubitabit,
3078 2534 3246 2588 solius
3307 2535 3505 2590 senarii
3563 2536 3772 2597 numeri

2191 2635 2511 2694 argumento
2551 2632 2726 2677 utens.
2775 2619 2908 2676 Nam
2952 2624 3096 2692 quod
3147 2623 3215 2677 de
3267 2623 3592 2679 aeternitate
3633 2621 3774 2681 illius

2193 2715 2529 2785 intelligi-tur,
2559 2713 2626 2767 tle
2655 2711 2883 2766 aliorum
2913 2711 3163 2765 similiter
3205 2712 3542 2781 perennitate
3571 2713 3768 2769 intelli-

2192 2806 2421 2876 gendum
2457 2815 2540 2859 est
2567 2803 2631 2856 ”.
2667 2802 2941 2871 Siquidem
2991 2819 3097 2858 non
3148 2802 3213 2858 de
3255 2803 3370 2859 solo
3419 2805 3654 2869 senario,
3707 2809 3775 2862 de

2191 2898 2542 2955 universitate
2587 2911 2719 2951 vero
2765 2894 3089 2965 generaliter
3132 2897 3372 2952 onmium
3421 2912 3770 2954 numerorum

2191 2992 2393 3047 dictum
2417 2997 2499 3042 est
2523 3002 2538 3040 :
2569 2985 2759 3041 Omnia
2780 2987 2834 3039 in
2858 3002 3122 3051 mensura,
3150 2997 3198 3041 et
3217 3003 3450 3055 numero,
3474 2999 3523 3042 et
3545 2990 3775 3060 pondere

2193 3066 2501 3148 IcatDéus.
2527 3078 2601 3133 At
2636 3077 2683 3133 si
2714 3077 2827 3132 loca
2876 3086 2930 3132 et
2958 3087 3198 3146 tempora
3229 3061 3369 3134 intra
3392 3081 3595 3145 omnia,
3629 3095 3772 3152 quae

2192 3175 2334 3230 Deus
2358 3173 2504 3236 fecit,
2531 3177 3010 3235 connumerautur,
3031 3171 3339 3227 necessario
3379 3171 3771 3230 intellectualea

2193 3266 2423 3332 numeri,
2451 3266 2504 3320 in
2543 3265 2657 3320 sola
2692 3263 2916 3318 scientia
2946 3263 3245 3330 substituti,
3276 3263 3392 3320 loca
3436 3273 3492 3326 et
3529 3271 3772 3335 tempora

2191 3368 2419 3415 naturae
2456 3371 2595 3414 suae
2625 3354 2986 3426 perpetuitate
3015 3356 3364 3425 praecedunt,
3402 3364 3466 3412 er
3496 3355 3640 3412 intra
3685 3369 3771 3419 ea,

2191 3465 2332 3522 quae
2362 3449 2523 3505 simul
2549 3458 2604 3504 et
2637 3435 2858 3502 aeterna
2896 3455 2954 3503 et
2985 3448 3124 3504 facta
3169 3457 3316 3514 sunt,
3348 3455 3768 3524 computantur;

2190 3553 2411 3597 aeterna
2447 3528 2667 3612 quidem
2697 3549 2825 3595 sunt
2866 3541 2918 3594 in
2950 3539 3201 3604 monade,
3230 3540 3281 3594 in
3315 3538 3779 3612 multiplicationi-

2192 3635 2294 3689 bus
2314 3647 2444 3688 ιρι-ο
2464 3636 2546 3687 sui
2565 3631 2608 3664 “
2630 3631 2793 3687 facta.
2820 3630 2958 3686 Msa.
2991 3631 3065 3687 De
3091 3631 3408 3686 aeternitate
3423 3646 3771 3694 numerorum

2195 3725 2248 3780 in
2295 3723 2523 3781 monade
2560 3722 2696 3779 satis
2735 3730 2819 3778 est
2867 3722 3214 3794 disputatum.
3265 3722 3544 3789 Quomodo
3592 3731 3774 3778 autem

2195 3817 2325 3883 ﬁunt
2353 3817 2418 3881 ",
2442 3825 2498 3870 ct
2523 3815 2643 3880 ubi,
2660 3825 2716 3869 et
2757 3814 2918 3876 unde,
2943 3813 3095 3868 valde
3120 3797 3484 3869 necessarium
3509 3817 3601 3870 est
3626 3812 3778 3869 inve-

2193 3905 2409 3977 SIigare.
2427 3904 2625 3960 Eorum
2645 3916 2876 3972 namque
2893 3913 3210 3973 argumento
3231 3918 3490 3964 conamur
3506 3916 3776 3970 asserere,

2195 3997 2396 4060 omnia,
2452 4007 2590 4064 quae
2615 4009 2644 4047 a
2675 3995 2719 4026 "
2742 3993 2851 4047 Deo
2891 4003 3034 4056 sunt,
3087 4003 3307 4048 aeterna
3342 3993 3501 4048 simul
3547 4004 3601 4049 et
3635 3993 3772 4049 facta

2195 4102 2334 4144 esse.
2365 4087 2508 4141 Dtsc.
2558 4082 2946 4141 Aeternitatem
2996 4081 3259 4144 monadis,
3287 4073 3650 4161 omniumque
3676 4098 3779 4138 nu-

2198 4189 2472 4233 merorum
2501 4173 2552 4228 in
2597 4187 2682 4237 ea,
2704 4178 2986 4249 quantum
3018 4171 3192 4235 valeo,
3219 4171 3464 4242 exposui.
3494 4171 3774 4240 Quomodo

2197 4279 2376 4324 autem
2405 4265 2804 4322 intellectualcs
2825 4262 3060 4328 muneri,
3084 4265 3377 4319 secundum
3404 4278 3543 4336 quos
3567 4265 3771 4325 omnia,

2199 4375 2338 4433 quae
2383 4361 2655 4418 numerari
2686 4369 2929 4430 possunt,
2965 4370 3334 4424 immorantur,
3366 4361 3520 4422 liurtt,
3563 4365 3621 4412 et
3663 4357 3780 4438 ubi,

2201 4465 2256 4509 et
2303 4454 2466 4518 unde,
2512 4465 2661 4508 tuutn
2711 4465 2792 4506 est
2845 4451 3154 4535 explanare.
3229 4449 3342 4506 lloc
3401 4461 3613 4519 atttctu
3656 4448 3776 4505 dico

2124 4520 2176 4579 D
2203 4547 2400 4610 sciens,
2442 4544 2654 4600 facilius
2677 4559 2864 4600 eorum
2893 4520 3288 4603 aeteinitatem,
3319 4557 3480 4611 quam
3513 4538 3772 4595 facturam

2203 4649 2256 4692 et
2275 4637 2463 4708 quaeri
2495 4651 2672 4707 posse.
2694 4645 2757 4712 ct
2783 4635 3030 4698 inveniri,
3053 4644 3105 4689 et
3137 4634 3373 4688 suaderi.
3405 4631 3542 4688 MAG.
3584 4633 3654 4687 lle
3691 4647 3773 4686 me

2203 4728 2360 4796 bene,
2391 4739 2448 4784 ut
2491 4729 2666 4791 video,
2713 4727 2991 4792 aestimas,
3043 4727 3256 4796 quando
3308 4724 3436 4778 mibi
3480 4722 3772 4778 diﬂieiliura

2188 4817 2534 4888 quaerenda,
2565 4817 2902 4878 invenienda,
2930 4816 3200 4871 suadenda
3228 4814 3540 4870 ronunittis.
3575 4815 3778 4869 Vernu-

2203 4920 2382 4965 tamen
2434 4924 2612 4964 meum
2658 4918 2743 4962 est
2813 4911 3099 4977 quaerere,
3160 4906 3396 4959 invenire
3460 4919 3589 4960 vero
3638 4905 3786 4959 illius.

2201 5001 2368 5058 solius
2396 5011 2497 5058 est.
2526 5000 2613 5071 qui
2642 4998 2902 5053 illuminat
2928 4999 3232 5052 abscondita
3263 4999 3623 5055 lcuclwurtmt:
3655 5010 3773 5048 sna-

2204 5095 2332 5149 dere
2372 5106 2588 5162 quoque
2617 5088 2854 5157 ejusdem
2885 5098 2990 5146 est.
3018 5087 3107 5156 qui
3153 5097 3326 5156 potest
3375 5086 3520 5140 solus
3565 5085 3775 5154 aperire

2202 5199 2422 5240 sensum
2453 5192 2504 5237 et
2540 5181 2888 5236 intellectum.
2944 5178 3082 5245 Qnid
3109 5180 3250 5231 enim
3294 5179 3509 5246 prodest
3540 5175 3776 5230 exterior

2206 5273 2425 5341 suasio,
2453 5274 2495 5328 si
2551 5288 2652 5325 non
2701 5269 2840 5324 adsit
2865 5268 2906 5298 "
2931 5267 3156 5325 interior
3200 5267 3556 5321 iliumiuatiu'.’
3596 5267 3773 5334 Itaque

1819 5387 2067 5442 VARIAI‘Z
2108 5386 2505 5443 LECTIllNES.

1127 5497 1154 5559 ’μ
1186 5497 1227 5551 Λ
1271 5497 1428 5552 enim.
1499 5557 1502 5560 ,
1541 5500 1566 5531 ⁸

1275 5569 1296 5599 ⁷
1337 5571 1376 5621 Α
1408 5571 1765 5632 substiterant,

687 5642 727 5674 ⁸⁵
753 5642 967 5693 denaria
998 5643 1819 5704 omnium;mroustitttilttr-out.
1847 5641 1908 5695 (Σ.

988 5712 1030 5746 ⁸⁸
1056 5711 1094 5765 C
1121 5727 1243 5764 rtus.
1338 5709 1376 5741 "
1403 5712 1443 5765 Α
1472 5711 1680 5780 ﬁuttml.
1754 5712 1797 5743 “
1828 5731 1858 5764 α
1881 5725 1984 5764 om.
2018 5711 2080 5761 Α.

601 5510 614 5540 ε
658 5518 756 5554 non
805 5515 912 5554 om.
964 5500 1026 5554 Λ.

533 5572 673 5626 (iter.
769 5571 789 5602 ‘
832 5589 930 5626 non
979 5586 1086 5625 out.
1116 5569 1178 5621 Α.

532 5641 593 5697 C.
687 5642 727 5674 ³⁵
753 5642 904 5693 deum

539 5714 588 5748 ”
614 5722 683 5768 est
708 5727 823 5767 om.
843 5714 905 5764 Α.

1607 5502 1745 5569 quod
1785 5512 1957 5554 utilem
1998 5497 2201 5565 semper
2238 5505 2561 5569 tmtttel_ot_tt.'
2594 5490 2634 5542 (ἶ

1865 5569 1889 5602 ⁸
1911 5572 2066 5621 Sintul
2107 5586 2223 5620 om.
2255 5569 2318 5619 Α.

1987 5638 2032 5676 ⁸³
2062 5639 2200 5704 quod
2233 5653 2334 5688 non
2375 5629 2680 5688 ideo—sed
2709 5631 2825 5682 idco
2856 5647 2960 5687 om.
2986 5631 3042 5683 ll.

2161 5707 2203 5743 ι’
2227 5706 2268 5762 C
2292 5707 2376 5760 sit.

2737 5491 2756 5518 ⁸
2796 5489 2834 5540 Α
2879 5489 3275 5543 rurtonationes.
3374 5488 3452 5538 'A
3485 5487 3772 5541 immutabi-

2939 5560 2981 5591 '°
3007 5562 3042 5612 :\
3078 5560 3228 5625 fiunt.
3339 5559 3376 5586 “
3415 5562 3508 5609 hoc
3545 5570 3616 5610 (δι
3664 5575 3767 5608 om.

3135 5631 3172 5657 "
3202 5628 3299 5684 Pro
3323 5645 3498 5680 omnia
3535 5633 3573 5681 Α
3613 5644 3662 5677 m
3692 5642 3765 5678 ru.

2422 5566 2443 5598 ⁵
2471 5565 2510 5616 (Ζ
2545 5559 2839 5627 per/irim”.
