4174 6198
287 340 394 399 685

1145 333 1240 393 DE
1275 333 1615 398 nmsmus
1650 329 2004 394 NATURAE.
2039 313 2344 428 ausas
2383 337 2701 396 manus.

3453 346 3558 403 666

283 447 624 504 extrinsecus
641 445 942 518 accepisse,
967 444 1093 518 quia
1123 454 1279 505 extra
1301 446 1460 504 illum
1491 448 1624 505 nihil
1653 461 1760 514 est,
1787 449 1870 505 vel
1903 461 1959 516 Α·
1976 430 2128 517 esse,
2157 459 2216 506 et
2258 461 2420 526 sunt,
2448 460 2503 506 et
2531 451 2657 508 v'ere
2704 468 2770 508 ac
2813 438 3029 524 semper
3074 452 3252 511 futura
3300 470 3455 524 suat,
3506 463 3560 515 in

285 538 430 594 intra
463 553 524 596 se
558 553 666 595 non
697 539 715 570 ⁸
759 537 1112 596 αηεεωιίειε
1157 538 1260 594 sibi
1290 540 1555 611 reperisse
1585 552 1640 608 ι,
1668 540 1736 598 de
1763 557 1873 612 quo

285 628 486 684 faceret
514 629 567 686 in
597 627 864 699 sapientia
893 642 1008 692 sua,
1040 642 1180 699 quae
1206 627 1325 686 ﬁeri
1352 628 1374 661 ³
1403 629 1587 686 voluit.
1622 685 1624 688 ,

356 717 444 772 t5.
477 717 712 774 Proinde
759 731 868 772 non
905 717 1077 773 datur-
1122 708 1276 773 locus
1323 718 1517 784 nihilo,
1565 734 1666 775 nec
1694 729 1870 787 extra,

285 825 388 869 nec
431 811 577 868 intra
607 812 806 878 Deum;
844 820 900 867 et
930 820 1108 870 tamen
1135 813 1203 868 de
1230 813 1403 868 nihilo
1442 813 1627 870 omnia
1654 809 1868 880 fecisse,

282 916 415 962 non.
437 901 493 958 in
542 918 739 958 vanum
785 902 1046 958 creditur.
1075 904 1153 958 Ae
1177 918 1274 974 per
1299 903 1511 959 hoe‘nil
1537 903 1684 960 aliud
1715 898 1872 960 datur

278 993 532 1066 intelligi,
562 994 691 1049 dum
718 994 988 1058 audimus,
1023 993 1205 1052 omnia
1234 994 1304 1051 de
1333 995 1500 1051 nihilo
1531 997 1730 1062 creari,
1761 997 1868 1053 nisi

281 1088 408 1161 quia
459 1095 614 1152 erat,
645 1088 861 1157 quando
908 1103 1016 1142 non
1057 1096 1232 1142 erant.
1260 1086 1493 1157 Ideoque
1532 1103 1639 1143 non
1677 1088 1870 1144 incon-

275 1195 415 1251 grue
439 1179 702 1244 dicimus,
746 1193 960 1248 semper
989 1187 1146 1234 erant
1164 1217 1180 1242 ,
1225 1191 1441 1250 semper
1469 1195 1576 1235 non
1604 1189 1782 1248 erant,
1815 1187 1871 1236 ct

283 1284 391 1338 sign
437 1278 558 1323 erat
585 1270 802 1338 quando
831 1283 938 1321 non
967 1277 1124 1321 erant
1148 1268 1192 1331 ⁸,
1223 1275 1282 1322 et
1310 1268 1525 1338 quando
1551 1284 1658 1324 non
1691 1278 1865 1335 erant,

279 1368 422 1413 erat.
475 1357 753 1428 Siquidem
781 1372 998 1426 semper
1023 1366 1180 1430 erant
1221 1356 1282 1411 in
1323 1353 1498 1413 Verbo
1537 1357 1630 1412 Dei
1680 1373 1870 1413 causa-

279 1448 436 1511 liter,
472 1448 522 1502 vi
552 1457 606 1502 et
639 1455 904 1518 potestate
933 1447 954 1479 '
990 1447 1130 1501 ultra
1159 1446 1340 1502 omnia
1377 1447 1490 1504 loca
1519 1458 1574 1503 et
1603 1458 1868 1520 tempora,

283 1540 422 1594 ultra
447 1555 665 1594 omnem
699 1539 1103 1610 generationem
1135 1538 1380 1595 localiter
1414 1549 1470 1594 et
1502 1540 1871 1611 temporaliter

281 1634 478 1690 laetam
517 1633 562 1698 ⁸,
603 1631 741 1686 ultra
781 1647 997 1686 onmem
1030 1630 1258 1686 formant
1294 1632 1403 1687 π’
1436 1634 1672 1702 speciem
1704 1647 1866 1689 sensu

281 1737 331 1782 et
379 1726 650 1783 intellectu
683 1726 986 1796 cognitam,
1018 1723 1156 1778 ultra
1205 1739 1421 1781 omnem
1451 1723 1766 1795 qualitatem
1809 1733 1864 1781 et

1974 550 2237 612 quantum
2263 541 2319 598 in
2358 543 2470 598 suis
2507 545 2685 608 causis
2705 543 3027 601 subsistunt.
3055 544 3112 602 lu
3141 559 3404 618 quantum
3431 566 3562 606 vero

1946 635 2028 686 εἰη
2074 633 2480 701 accidentibus,
2523 650 2666 706 quae
2707 635 2788 694 eis
2809 636 3168 710 extrinsecus
3212 641 3560 711 contingunt,

1974 723 2232 784 dicuntur
2271 739 2412 790 esse,
2441 739 2544 780 nec
2589 734 2770 790 tamen
2816 742 2965 792 vere,
3011 743 3111 783 nec
3149 744 3362 799 semper
3404 737 3556 786 sunt.

1946 813 2264 871 Solventur
2288 815 2328 848 "
2352 815 2495 874 enim
2522 814 2576 872 in
2619 830 2714 882 ea,
2743 803 2812 872 ex
2839 817 3050 888 quibus
3080 830 3352 888 assumpta
3395 830 3560 889 sunt,

1945 942 1948 946 η
1973 903 2028 958 in
2056 903 2254 974 quibus
2277 919 2410 960 vere
2432 912 2484 962 et
2505 938 2511 944 -
2530 920 2745 974 semper
2783 916 2942 970 sunt,
2968 907 3188 976 quando
3215 907 3394 964 omnis
3430 894 3562 964 subo

1972 996 2171 1052 stantia
2195 994 2263 1050 ab
2288 995 2541 1068 omnibus
2565 995 3008 1070 corruptibilium
3036 998 3406 1054 accidentibus
3426 1014 3558 1070 pur-

1943 1087 2208 1159 "gabitur,
2237 1095 2292 1142 et
2331 1087 2402 1143 ab
2437 1076 2711 1153 omnibus,
2756 1103 2896 1158 quae
2934 1074 3004 1146 ad
3042 1098 3241 1147 statum
3271 1104 3402 1146 suae
3429 1103 3559 1161 pro-

1970 1177 2124 1251 priae
2158 1184 2384 1231 naturae
2417 1193 2526 1232 non
2568 1178 2819 1244 attinent,
2860 1178 3196 1246 absolvatur,
3239 1178 3368 1235 solis
3401 1190 3556 1234 uatu-

1917 1303 1929 1319 κ
1976 1272 2181 1328 ralihus
2210 1272 2498 1328 virtutibus
2526 1273 2744 1338 decora,
2775 1272 3044 1329 insolubili
3093 1272 3437 1342 simplicitate
3457 1311 3478 1340 ,
3500 1282 3555 1329 et

1973 1364 2027 1422 in
2056 1362 2165 1427 Itis,
2193 1362 2283 1432 qui
2312 1363 2436 1436 boui
2463 1372 2608 1425 sunt,
2635 1361 2791 1416 donis
2813 1363 3022 1434 gratiae
3049 1372 3240 1418 ornata
3257 1403 3272 1429 ,
3299 1373 3557 1422 aeternae

1971 1452 2320 1509 hcetitudinis
2362 1453 2906 1524 contemplationihus
2957 1452 3096 1508 ultra
3141 1469 3360 1510 omnem
3400 1463 3559 1510 natu-

1971 1558 2122 1610 ram,
2169 1551 2225 1598 et
2267 1533 2781 1614 suam,glurillcata,
2809 1543 2972 1614 inque
3011 1545 3184 1614 ipsum
3235 1546 3399 1601 Deum
3428 1560 3559 1601 con-

1970 1649 2148 1700 versa,
2201 1633 2450 1705 Deosque
2492 1651 2598 1711 non
2643 1647 2856 1700 natura,
2903 1635 3000 1690 sed
3038 1634 3210 1705 gratia
3255 1635 3417 1690 facta.
3461 1633 3559 1694 llis

1973 1727 2160 1797 itaque
2208 1713 2510 1782 rationibus
2555 1727 2951 1792 consideratis,
2995 1728 3118 1797 quis
3164 1727 3265 1782 nisi
3324 1728 3553 1784 nimium

281 1818 638 1887 qaantitatcztt
659 1857 675 1882 ,
717 1826 1008 1884 ceteraque
1057 1813 1392 1881 accidentia,
1423 1830 1519 1884 per
1551 1831 1691 1886 quae
1734 1816 1863 1874 sub-
1895 1813 1938 1872 Β
1971 1819 2157 1874 tardus
2194 1829 2289 1872 aut
2333 1819 2554 1886 nimium
2589 1818 2959 1873 contentiosus
2983 1834 3089 1870 non
3115 1818 3410 1882 concedat,
3433 1833 3557 1889 om-

280 1909 477 1963 stantia
525 1905 945 1977 uniuscujusque
992 1916 1276 1962 creaturae
1330 1906 1647 1978 intelligitur
1707 1923 1862 1975 esse,

279 2017 386 2055 non
411 2001 435 2034 ⁸
463 2011 666 2065 autem,
695 2001 823 2070 quid
851 1999 941 2055 sit.
971 1999 1037 2054 Et
1060 2014 1277 2068 semper
1321 2014 1425 2054 non
1459 2008 1642 2066 erant;
1669 2000 1862 2071 'prius-

276 2107 437 2161 quam
465 2093 614 2149 enim
657 2107 752 2163 per
777 2091 1182 2164 generationem
1214 2091 1268 2146 in
1304 2087 1508 2146 formas
1541 2102 1598 2147 et
1627 2092 1860 2165 species,

277 2185 394 2240 loca
453 2193 509 2240 et
561 2195 858 2256 tempora,
893 2183 1056 2255 inque
1103 2182 1285 2238 omnia
1333 2182 1675 2249 accidentia,
1725 2198 1864 2254 quae

272 2287 530 2332 aeternae
560 2290 748 2332 eorum
789 2273 1122 2330 substantiae
1148 2273 1201 2328 in
1232 2271 1405 2329 Verbo
1435 2272 1528 2327 Dei
1565 2273 1864 2329 incommu-

275 2365 581 2422 nicabiliter
629 2364 953 2423 substitutae
998 2363 1288 2426 accidunt,
1338 2364 1706 2434 proﬁcerent,
1753 2378 1860 2418 non

273 2469 428 2516 erant
456 2460 509 2514 in
539 2457 904 2530 generatione,
942 2473 1041 2514 nec
1065 2459 1087 2492 ’
1110 2466 1269 2513 erant
1302 2457 1567 2524 localiter,
1599 2472 1696 2513 nec
1727 2467 1863 2514 tem-

275 2548 549 2619 poraliter,
593 2561 692 2602 nec
727 2547 781 2600 in
820 2545 1058 2618 propriis
1095 2543 1716 2616 fortnis'spcciebusque,
1744 2547 1864 2616 qui-

277 2640 376 2695 bus
403 2637 707 2695 accidentia
735 2638 1070 2708 contingunt.
1099 2636 1176 2691 Ae
1218 2652 1316 2708 per
1357 2639 1460 2701 hoc
1498 2654 1603 2692 non
1642 2638 1860 2694 irratioo

277 2732 531 2788 habilile
569 2733 636 2786 de
663 2731 742 2786 eis
785 2730 1151 2800 praedicatur,
1185 2746 1291 2785 non
1327 2737 1478 2793 erat,
1507 2729 1725 2800 quando
1751 2743 1858 2785 non

273 2830 464 2887 t't'altl;
511 2821 884 2892 temporaliter
915 2821 1060 2876 enim
1093 2819 1482 2875 inchoavcrunt
1507 2835 1605 2889 per
1631 2835 1860 2890 genera-

279 2915 476 2968 tionem
503 2927 627 2970 esse
650 2914 794 2984 quod
828 2927 934 2968 non
969 2921 1156 2978 erant,
1189 2909 1316 2982 quia
1357 2924 1572 2980 semper
1599 2909 1652 2964 in
1684 2908 1860 2966 Verbo

277 3004 370 3059 Dei
393 3003 717 3068 subsistunt,
753 3003 804 3058 in
835 3018 945 3074 quo
971 2985 1221 3058 nec'esse
1249 3000 1510 3072 incipiunt
1538 2999 1581 3032 “
1608 3016 1626 3069 ;
1653 2999 1860 3056 inﬁnita

276 3108 359 3150 est
401 3095 549 3151 enim
604 3093 913 3172 aeternitas.
955 3093 1025 3149 Et
1065 3102 1186 3148 erat
1250 3092 1466 3165 quando
1506 3107 1612 3147 non
1663 3100 1854 3159 erant;

1967 1909 2076 1973 nia,
2109 1924 2250 1978 quae
2278 1923 2346 1963 es
2391 1909 2503 1964 Deo
2541 1919 2688 1972 sunt,
2729 1917 2783 1962 et
2821 1907 2866 1942 ⁸⁸
2887 1919 3109 1963 aeterna
3151 1908 3313 1962 simul
3338 1924 3459 1965 esse
3485 1917 3559 1969 .et

1965 1998 2145 2056 facta?
2872 1999 2874 2001 ’

2031 2092 2125 2160 16.
2169 2093 2294 2148 Dtsc
2371 2091 2512 2148 llaec
2554 2092 2686 2148 mihi
2728 2091 2982 2163 perplane
3026 2106 3187 2147 suasa
3240 2102 3386 2148 sunt.
3437 2091 3557 2150 Non

1966 2195 2144 2242 tamen
2189 2185 2367 2240 cumis
2409 2185 2734 2256 ambiguitas
2775 2200 2840 2238 ex
2870 2198 2955 2237 me
2981 2183 3159 2242 adhuc
3199 2183 3407 2254 repulsa
3448 2195 3551 2240 est.

1963 2279 2117 2348 Quod
2139 2281 2282 2333 enim
2314 2278 2358 2310 ι’
2383 2277 2586 2340 dixisti,
2615 2286 2896 2348 propterea
2938 2276 3147 2338 nuntia,
3175 2291 3314 2346 quae
3334 2293 3398 2332 ex
3442 2278 3556 2336 Deo

1963 2384 2124 2436 sunt,
2156 2380 2211 2424 et
2256 2383 2474 2423 aeterna
2506 2379 2562 2422 et
2591 2369 2731 2424 facta
2770 2376 2926 2433 sunt,
2973 2368 3101 2439 quia
3149 2369 3203 2423 in
3231 2368 3405 2424 Verbo
3453 2367 3553 2425 Dei

1965 2470 2188 2516 aeterna
2237 2468 2394 2519 sunt,
2427 2470 2516 2522 et,
2564 2471 2621 2512 ut
2669 2458 2747 2511 ait
2793 2467 3012 2512 sanctus
3041 2457 3410 2527 Augustinus,
3445 2473 3550 2513 non

1963 2550 2106 2620 facta
2153 2548 2564 2603 substantialiter
2595 2547 2894 2610 cxistrntia,
2933 2545 3286 2615 tetnporuliter
3315 2564 3431 2602 vero
3459 2562 3554 2616 per

1961 2641 2345 2713 generationem
2395 2640 2447 2693 in
2493 2639 2664 2707 [unua
2711 2650 2757 2693 et
2798 2639 3065 2704 speciebus
3105 2649 3150 2690 et
3197 2637 3551 2694 «tridentibus

1964 2732 2126 2802 facta,
2154 2733 2362 2788 sublata
2401 2731 2546 2787 omni
2576 2731 2928 2798 ambiguitate
2969 2731 3258 2799 perspicio.
3288 2732 3550 2798 Quoniam

1962 2837 2094 2879 vero
2122 2824 2386 2894 scriptum
2410 2834 2496 2877 est
2528 2839 2542 2875 :
2577 2822 2643 2876 In
2668 2822 2924 2893 principio
2947 2820 3069 2892 fecit
3100 2821 3243 2876 Deus
3271 2821 3474 2876 caelum
3498 2834 3552 2878 et

1960 2927 2156 2972 terram
2186 2957 2203 2982 ,
2238 2927 2334 2972 et:
2366 2915 2558 2973 Omnia
2600 2895 2854 2986 supien'tia
2895 2913 3094 2983 fecisti,
3141 2929 3308 2983 cogor
3358 2913 3550 2980 fateri,

1960 3011 2140 3066 omnia
2164 3007 2218 3062 in
2255 3003 2428 3062 Verbo
2454 3005 2545 3061 Dei
2562 3013 2617 3061 et
2643 3003 2688 3048 ὀ
2711 3014 2927 3060 aeterna
2941 3011 2996 3058 et
3020 3002 3162 3058 laeta
3184 3017 3324 3058 esse.
3355 3000 3550 3061 Omnia

1963 3099 2083 3155 dico
2109 3098 2337 3154 visibilis
2383 3106 2436 3154 et
2490 3093 2820 3161 invisibilia,“
2845 3094 3157 3164 temporalia
3199 3103 3255 3148 et
3300 3104 3547 3162 aeterna,

278 3187 648 3260 It-mporaliter
689 3187 834 3243 enim
875 3185 1267 3242 inchoaveram
1309 3198 1409 3254 per
1455 3183 1860 3258 generationem
1890 3183 1934 3245 C
1964 3203 2154 3244 omnes
2187 3186 2567 3257 prituordialcs
2595 3198 2967 3242 causas‘cum
2994 3183 3550 3255 omnibtts‘ett‘ectibus

273 3296 392 3337 esse
418 3282 564 3353 quod
595 3295 702 3336 non
731 3290 908 3351 erant,
930 3279 1033 3335 hoc
1060 3287 1162 3339 est,
1190 3277 1243 3333 in
1273 3275 1465 3332 formis
1497 3283 1552 3331 et
1577 3275 1860 3346 speciebus

276 3386 560 3442 apparere.
591 3370 825 3426 Proinde
867 3370 913 3426 si
942 3369 1064 3441 quis
1103 3353 1364 3426 naturam
1388 3382 1567 3424 rerum
1621 3366 1860 3422 intentus

273 3462 632 3534 psrspexerit,
678 3461 823 3516 nulla
872 3471 1123 3516 creatura
1153 3459 1195 3491 "
1235 3457 1484 3514 sensibus
1525 3470 1621 3512 seu
1646 3455 1857 3511 intelle-

274 3555 449 3609 ctihus
475 3554 834 3609 succumbens
864 3551 1179 3622 reperietur,
1207 3550 1276 3604 de
1299 3564 1405 3620 qua
1447 3547 1716 3602 veraciter
1749 3545 1858 3602 dici

275 3661 377 3697 non
418 3643 609 3716 possit,
641 3657 856 3713 semper
880 3650 1018 3706 erat,
1045 3647 1100 3694 et
1140 3650 1260 3705 est,
1302 3650 1358 3694 et
1383 3637 1606 3703 erit,.et
1644 3652 1859 3722 semper

275 3751 382 3790 nun
407 3744 556 3800 erat,
586 3751 686 3790 nec
729 3743 831 3800 est,
871 3748 969 3787 nec
1015 3732 1140 3788 erit.
1175 3730 1452 3801 Siquidem
1503 3730 1858 3789 incommuta-

271 3830 450 3886 biliter
474 3839 532 3884 ct
567 3824 708 3894 erat,
735 3837 791 3882 et
823 3836 929 3893 est,
955 3839 1008 3881 et
1046 3825 1150 3880 erit
1198 3825 1309 3896 ipsa
1332 3823 1508 3896 prima
1543 3822 1858 3879 constitutio

272 3921 326 3976 in
357 3922 623 3995 sapientia
655 3921 746 3974 Dei
791 3935 887 3990 per
931 3917 1303 3987 primordiales
1331 3930 1557 3980 causas;
1602 3915 1698 3969 sed
1728 3912 1855 3983 quia

271 4014 388 4085 ipsa
425 4012 744 4070 constitutio
775 4011 874 4066 soli
923 4010 1035 4066 Deo
1073 4009 1286 4080 Cognita
1315 4017 1434 4072 est,
1461 4021 1784 4077 omnemque
1814 4006 1857 4047 ³³

257 4120 489 4160 sensum
533 4113 590 4159 et
633 4103 965 4158 intellectum
1012 4102 1174 4155 totius
1217 4109 1500 4154 creaturae
1542 4105 1792 4168 superat,
1823 4112 1856 4151 a

271 4197 526 4267 nulloque
548 4199 726 4252 adhuc
753 4196 1023 4252 intellectu
1049 4202 1236 4249 creato
1257 4190 1508 4263 cognosci
1529 4200 1706 4260 potest
1728 4189 1857 4260 quid

261 4289 360 4351 sit,
389 4290 581 4361 incipit
612 4305 709 4359 per
746 4286 1152 4358 generationem
1198 4281 1565 4354 temporaliter
1609 4280 1855 4351 accipere

267 4379 605 4448 quantitates
626 4388 680 4432 et
705 4378 1017 4448 qualitates,
1045 4376 1096 4430 in
1127 4375 1320 4444 quibus
1344 4373 1506 4427 vcluti
1532 4369 1853 4443 quihusdaut

271 4471 410 4524 vesti
475 4468 616 4525 entis
635 4477 826 4539 operta
853 4469 896 4503 "
922 4475 1098 4537 potest
1127 4463 1495 4529 manifestare,
1536 4463 1660 4533 quia
1682 4475 1763 4518 est
1787 4463 1853 4529 “,

1961 3281 2094 3346 suis,
2126 3280 2321 3351 quibus
2342 3279 2477 3334 ordo
2503 3278 2808 3334 seculorum
2838 3275 3084 3332 localiter
3096 3283 3158 3350 et
3181 3275 3556 3344 teniporaliter

1959 3374 2258 3445 peragitur,
2285 3382 2341 3429 et
2369 3374 2601 3429 mundus
2648 3373 2749 3429 iste
2791 3371 3020 3427 visibilis
3068 3371 3316 3442 impletur
3341 3372 3406 3425 ".
3440 3368 3549 3427 Sed

1959 3463 2230 3533 quomodo
2272 3472 2450 3534 potest
2495 3463 2598 3519 hoc
2649 3462 2845 3518 rationi
2893 3463 3217 3526 convenire,
3252 3462 3320 3516 ad
3350 3475 3546 3532 purum

1957 3540 2067 3610 non
2094 3554 2248 3609 valeo
2275 3555 2602 3626 perspicere.
2633 3553 2772 3609 Mac.
2815 3552 3052 3608 Putasne
3103 3552 3300 3624 igitur,
3329 3567 3414 3606 me
3449 3551 3546 3607 do-

1956 3660 2084 3702 cere
2129 3645 2363 3702 voluisse
2382 3687 2398 3710 ,
2423 3645 2604 3701 omnia
2624 3685 2639 3710 ,
2673 3645 2726 3699 in
2753 3655 3015 3716 quantum
3059 3655 3278 3700 aeterna
3306 3653 3452 3712 sunt,
3485 3643 3543 3700 in

1961 3736 2138 3794 Verbo
2170 3737 2262 3791 Dei
2295 3735 2571 3808 unigenitn
2597 3724 2819 3790 aeterna
2843 3749 2966 3790 esse
2992 3749 3007 3799 ;
3039 3733 3095 3789 in
3121 3747 3381 3803 quantum
3411 3751 3544 3793 vero

1959 3828 2100 3885 facta
2149 3837 2311 3893 sunt,
2357 3837 2514 3882 extra
2562 3826 2798 3881 Verbum
2847 3823 2992 3882 facta
3043 3825 3200 3881 esse?
3237 3825 3354 3880 Non
3397 3825 3547 3884 enim

1959 3919 2252 3985 aestimas,
2298 3917 2594 3972 rationibus
2636 3916 2880 3975 veritatis
2925 3916 3248 3982 convenire,
3281 3917 3546 3977 universi-

1961 4021 2125 4067 tatem
2155 4009 2405 4068 conditae
2435 4018 2667 4063 naturae
2697 4007 2749 4062 in
2783 4007 2956 4063 Verbo
2982 4017 3034 4062 et
3070 4018 3343 4064 aeternam
3382 4009 3543 4066 simul

1956 4116 2010 4161 et
2042 4103 2260 4159 factam.
2291 4104 2436 4158 Dtsc.
2466 4100 2580 4156 Non
2613 4101 2898 4171 putabam,
2922 4109 2973 4155 te
3001 4099 3080 4174 sic
3123 4099 3387 4162 docuisse.
3422 4100 3538 4158 Non

1956 4195 2102 4250 enim
2128 4193 2354 4248 aestimo
2375 4231 2392 4259 ,
2420 4191 2584 4246 ullum
2632 4200 2778 4248 recte
2804 4189 3292 4263 philomphautium
3323 4200 3542 4262 putare,
3619 4204 3622 4208 '

1959 4285 2123 4340 totius
2169 4284 2539 4339 universitatis
2586 4293 2791 4354 partem
2823 4283 2877 4337 in
2911 4280 3086 4338 Verbo
3117 4282 3211 4338 Dei
3257 4293 3551 4340 aeternam-

1957 4377 2270 4437 subsistere,
2319 4384 2529 4446 partem
2575 4382 2732 4428 extra
2764 4370 2997 4426 Verbum
3047 4370 3412 4440 temporaliter
3461 4371 3541 4428 fa-

1957 4479 2124 4525 ctam.
2176 4468 2309 4522 Nam
2368 4463 2544 4536 ncqne
2583 4463 2717 4519 sinit
2763 4478 2863 4518 nos
2911 4463 3039 4517 talia
3090 4462 3331 4534 cogitare
3381 4479 3537 4524 sacra

271 4577 378 4618 non
403 4574 590 4617 autem
615 4561 749 4629 quid
774 4561 861 4615 sit.
897 4559 1114 4614 Inchoat
1141 4573 1269 4626 ergo
1294 4554 1689 4625 quodammodo
1711 4570 1850 4618 esse,
1887 4553 1932 4612 D
1960 4560 2261 4629 Scriptura,
2290 4574 2428 4627 quae
2452 4556 2581 4612 dicit
2608 4555 2662 4609 in
2686 4554 2901 4610 Psalmo
2932 4571 2946 4608 :
2980 4553 3173 4610 Omnia
3202 4571 3254 4609 ιη
3280 4557 3538 4625 sapientia

267 4671 376 4713 non
401 4657 455 4713 in
475 4666 742 4726 quantum
770 4656 821 4710 in
851 4653 1031 4709 causis
1057 4651 1494 4723 primordialihus
1523 4651 1564 4681 ⁸⁵
1590 4651 1853 4714 subsistit,

267 4745 364 4804 sed
408 4747 461 4801 itt
503 4757 765 4818 quantum
807 4761 872 4798 es
921 4744 1100 4799 causis
1152 4742 1534 4811 temporalibus
1583 4742 1625 4772 "
1671 4741 1860 4811 incipit

261 4842 782 4911 .a;tparere.t1atts:ts
825 4831 1006 4891 autem
1054 4835 1372 4905 temporales
1414 4835 1536 4901 dico
1565 4833 1850 4903 qualitates

265 4945 322 4986 et
356 4932 686 5002 quantitates
728 4942 779 4984 ct
821 4940 1020 4992 cetera,
1061 4943 1201 4997 quae
1244 4926 1555 4981 substantiis
1599 4926 1849 4979 accidunt

269 5025 638 5098 temporaliter
660 5040 756 5095 per
777 5024 1197 5091 gent-rationem.
1222 5021 1285 5074 Et
1314 5020 1433 5074 ideo
1454 5023 1518 5072 de
1545 5019 1610 5073 iis
1632 5019 1844 5084 dicitur,

264 5125 386 5174 erat
407 5117 625 5190 quando
647 5131 751 5169 non
780 5125 966 5178 erant;
994 5129 1096 5166 non
1125 5111 1268 5166 enim
1295 5127 1506 5181 semper
1529 5110 1579 5164 in
1606 5110 1858 5164 acciden-

261 5209 412 5264 tibus
447 5205 800 5278 appareltaut.
845 5202 1045 5257 Eadem
1078 5203 1286 5256 ratione
1313 5210 1367 5255 et
1406 5217 1546 5256 nunc
1592 5199 1846 5254 dicuntur

1954 4649 2154 4719 fecisti,
2189 4648 2242 4702 itt
2271 4646 2466 4704 Genesi
2499 4663 2512 4700 :
2540 4645 2605 4700 In
2643 4644 2901 4715 principio
2934 4643 3054 4714 fecit
3093 4643 3231 4698 Deus
3256 4647 3458 4700 caelum
3487 4658 3537 4702 et

1954 4753 2184 4806 terram;
2208 4738 2497 4808 Apostolus
2519 4755 2531 4789 :
2563 4735 2625 4791 In
2645 4752 2768 4808 quo,
2787 4735 2983 4805 inquit,
3005 4746 3180 4789 creata
3199 4747 3318 4790 sunt
3335 4740 3533 4806 omnia,

1951 4847 2084 4901 quae
2108 4839 2226 4884 sunt
2256 4828 2309 4881 in
2337 4825 2495 4887 caelis
2523 4836 2569 4879 et
2598 4841 2732 4896 quae
2757 4824 2810 4878 in
2837 4834 3003 4888 terra,
3030 4825 3134 4879 sive
3169 4825 3389 4880 visibilis
3433 4827 3537 4882 sire

1952 4920 2248 4981 invisibilia,
2288 4919 2394 4970 sive
2426 4915 2644 4980 Turoni,
2668 4915 2776 4968 sire
2801 4913 3216 4979 Dominutiones,
3240 4916 3343 4970 sive
3376 4913 3536 4972 Prin-

1952 5012 2177 5082 cipatus,
2205 5011 2310 5064 sit-c
2341 5008 2658 5071 l’otestatca,
2689 5005 2864 5058 ontuin
2895 5019 2960 5058 ex
2986 5003 3098 5076 ipso
3126 5015 3173 5059 et
3217 5021 3309 5074 per
3331 5007 3531 5077 ipsum,

1949 5115 1996 5158 ct
2033 5105 2089 5158 in
2124 5101 2294 5174 ipsum
2338 5109 2513 5154 creata
2557 5109 2712 5161 sunt;
2755 5097 2807 5151 itt
2854 5095 3187 5166 Evangelio:
3219 5094 3411 5151 Omnia
3440 5115 3534 5170 per

1950 5195 2118 5264 ipsum
2148 5191 2286 5262 facta
2314 5199 2453 5256 sunt,
2482 5197 2528 5242 et
2561 5188 2671 5242 sine
2698 5189 2809 5257 ipso
2829 5187 3030 5258 factum
3054 5199 3126 5242 est
3158 5187 3287 5242 nihil
3310 5206 3326 5244 :
3356 5203 3532 5261 neque

1554 5350 1806 5405 VARIAE
1842 5311 2244 5404 tentiones.

376 5493 394 5524 ⁸
421 5507 522 5546 non
550 5505 660 5543 om.
696 5489 760 5542 Α.

263 5591 330 5604 -ρ
354 5578 459 5616 non
489 5572 638 5615 erunt
671 5577 779 5613 mn.
811 5558 870 5612 C.

265 5636 311 5668 ¹⁰
336 5633 696 5702 ιεηιμοταιὲιρν
725 5632 861 5702 enim
890 5660 952 5702 -έ-
988 5630 1236 5702 ἰῐξσῆ-ίιὶμιὶηι
1267 5646 1374 5679 om.

602 5702 648 5733 ⁸⁵
682 5701 719 5750 Α
752 5700 802 5761 in
845 5699 1268 5768 primumiicithua
1308 5699 1502 5750 cumis.

683 5771 726 5802 "
772 5782 815 5826 ει
863 5788 967 5824 υἱὶι.
1005 5774 1067 5822 Α.

263 5720 367 5758 non
399 5713 501 5757 est.

216 5816 219 5820 .
267 5778 311 5807 "
335 5775 375 5832 Li
403 5784 601 5826 autem.

835 5491 853 5519 ⁸
884 5488 984 5541 l’t-n
1025 5489 1269 5554 reperisse
1297 5485 1337 5540 C
1370 5502 1420 5538 re
1458 5483 1680 5537 subaudi
1713 5503 1743 5536 η
1771 5482 2122 5553 superioribus
2153 5481 2280 5537 nihil
2325 5497 2536 5554 perisse.

976 5560 997 5589 ⁵
1028 5560 1067 5608 (ἰ
1105 5566 1366 5626 potestate
1411 5557 1610 5626 factum?
1642 5555 1778 5606 ultra
1826 5563 1930 5606 n-t.

993 5628 1236 5676 im'iniiim
1267 5646 1374 5676 om.
1414 5628 1472 5676 ti.
1577 5625 1612 5654 ¹¹
1645 5627 1685 5676 Δ
1723 5635 1934 5676 natura.

1622 5698 1665 5732 ιθ
1698 5697 1740 5746 Α
1772 5711 1834 5746 t-x
1865 5694 2234 5763 trnqmralibus
2279 5693 2470 5746 cumis.

1145 5771 1184 5804 ⁵⁸
1238 5769 1500 5840 pangitur
1538 5799 1586 5807 --
1617 5765 1852 5832 féf'piclitv‘
1882 5780 1990 5818 Ottt.
2025 5765 2086 5817 (ξ.

2639 5479 2660 5511 ³
2688 5479 2727 5550 Α
2761 5498 2789 5532 ο
2819 5479 2967 5550 mia,
2999 5491 3157 5550 quae.
3246 5481 3269 5511 ι
3296 5480 3529 5550 Ideoque

2023 5554 2042 5583 ‘
2083 5554 2277 5622 factum
2319 5548 2428 5608 om.
2460 5552 2524 5606 Ο.
2609 5550 2645 5622 1
2662 5549 2791 5622 Cri.
2888 5548 2911 5580 ⁸
2951 5551 2994 5603 A
3023 5549 3160 5622 nos}.
3233 5553 3274 5622 A’
3307 5550 3348 5604 C
3399 5548 3522 5622 non.

2015 5625 2056 5656 "
2083 5617 2128 5676 Α
2159 5639 2358 5676 ontnem
2389 5637 2528 5676 vero.
2606 5619 2650 5651 ³³
2679 5620 2719 5673 C
2745 5629 2943 5689 aperta.
3025 5617 3069 5648 ³⁸
3099 5617 3190 5673 Sic
3222 5617 3297 5683 C;
3328 5623 3368 5672 Α
3397 5619 3526 5688 quia

2571 5691 2610 5722 ι’
2657 5690 2700 5744 Α
2729 5688 3034 5747 salvantur.
3140 5692 3183 5724 ⁸“¹
3230 5702 3274 5747 et
3321 5705 3429 5748 om.
3457 5689 3525 5748 C.
