4260 6082
516 160 625 217 ’1Οό

1939 134 2225 227 ιοιιιικιε
2261 131 2458 201 Scott

3657 134 3765 202 7οι

513 267 651 333 tiali,
673 280 999 337 semperque
1027 274 1383 337 permanente
1422 256 1456 315 ‘.
1492 250 1668 329 deque
1695 261 1807 328 ipsa
1833 255 2082 310 mutabili
2109 264 2161 323 Α
2189 267 2423 323 eamque
2451 248 2909 323 iuundatiOnibus
2932 232 3050 305 suis
3071 247 3340 321 ecoperit,
3371 257 3428 305 ιιι
3455 249 3540 306 vis
3564 249 3632 305 ad
3657 254 3763 323 pu-

499 375 571 414 ει
608 333 873 430 qualitate
912 333 974 410 et
1017 333 1322 425 quan(itate
1361 355 1382 385 ³
1425 353 1686 409 materiae
1726 344 1997 423 copulata,
2036 350 2092 405 in

503 445 683 515 primo
722 446 863 502 libro
897 445 1051 509 satis,
1104 454 1163 497 ut
1192 444 1407 514 Opinor,
1456 451 1542 499 est
1584 453 1789 497 actum.
1843 442 1910 496 Et
1950 457 2093 499 nunc

470 584 473 587 μ
504 539 746 596 breviter
786 543 853 594 de
900 535 1092 593 iisdem
1131 537 1505 609 repetendum,
1537 550 1606 591 ne
1635 534 1743 588 ulla
1772 533 2096 603 ambiguitas

501 630 808 702 legentibus
838 629 1195 698 relinquatur.
1229 626 1613 683 Substantialis
1640 625 1816 681 forma
1842 634 1925 680 est
1955 625 2091 694 ipsa,

475 720 659 794 ‘cujus
698 722 1117 794 participatione
1148 722 1328 776 omnis
1357 720 1633 775 individua
1661 714 2097 790 speciesl'orma-

470 808 475 811 Α
504 826 612 878 tur,
652 824 708 869 et
739 824 825 869 est
853 829 958 869 una
984 812 1041 869 in
1064 812 1337 876 omnibus,
1368 818 1425 866 et
1453 809 1631 866 omnis
1660 810 1716 863 in
1746 822 1876 873 una,
1903 817 1959 863 et
1993 820 2094 862 nec

503 905 900 976 multiplicatur
938 902 995 958 in
1040 901 1433 972 multiplicatis.
1491 916 1590 954 nec
1639 899 1905 954 minuitur
1931 899 1983 952 in
2010 914 2095 953 re-

502 996 709 1049 fractis.
762 991 880 1047 Non
926 993 1084 1048 enim
1119 992 1291 1059 major
1339 1000 1423 1045 est
1470 986 1493 1021 ³
1551 989 1722 1044 forum
1782 989 1891 1053 illa,
1948 988 2093 1043 verbi

499 1084 700 1153 gratia.
745 1099 888 1150 quae
914 1082 1117 1136 dicitur
1145 1082 1326 1146 homo,
1358 1081 1410 1133 itt
1445 1080 1657 1133 inlittita
1689 1079 1961 1133 humanae
1993 1094 2091 1133 na-

500 1183 654 1226 turae
695 1187 793 1241 per
832 1172 1143 1229 individuas
1173 1174 1384 1241 species
1419 1171 1889 1241 multiplicatione,
1929 1185 2092 1242 quam

500 1263 554 1317 in
597 1264 689 1318 illo
733 1278 846 1318 uno
896 1274 953 1319 et
982 1264 1160 1336 primo
1203 1264 1441 1326 homine,
1492 1262 1583 1331 qui
1626 1262 1832 1331 primus
1868 1260 1889 1291 ⁸
1926 1262 2094 1333 parti-

497 1370 625 1425 ceps
670 1354 814 1410 illius
852 1358 1029 1411 lactus
1054 1365 1173 1421 est;
1217 1370 1317 1410 nec
1341 1355 1515 1408 minor
1542 1355 1594 1409 in
1628 1354 1717 1407 illo
1746 1366 1887 1419 erat,
1928 1370 2091 1423 quam

498 1463 551 1501 tu
595 1456 867 1511 omnibus,
901 1462 1132 1515 quorum
1162 1462 1389 1514 corpora
1418 1462 1481 1498 ex
1512 1444 1603 1497 illo
1627 1443 2054 1514 multiplicantur
2073 1459 2091 1496 :

497 1537 593 1593 Sed
641 1555 693 1594 ιιι
736 1540 990 1594 omnibus
1041 1554 1147 1592 una
1190 1540 1487 1607 eademque
1516 1546 1633 1601 est,
1677 1538 1810 1591 etin
1838 1538 2090 1593 omnibus

2188 360 2312 400 rum
2338 343 2384 376 ⁸⁸
2412 342 2683 413 dignosci,
2716 339 2849 412 quid
2879 340 2974 407 sit,
3002 339 3178 397 valeat
3208 354 3226 398 :
3262 340 3381 410 ipse
3404 334 3599 412 aquas,
3624 358 3765 412 quae

2186 440 2292 494 sub
2329 439 2481 492 caelo
2505 446 2634 493 simt
2663 434 2867 491 divinis
2893 434 3363 491 admonitionibus
3399 434 3457 490 in
3479 438 3648 489 unum
3686 436 3766 488 lo-
3804 508 3809 511 _

2187 546 2314 587 cum
2330 531 2936 603 jubetureongrega'te.
2961 538 3019 583 ut
3042 539 3305 599 appareat
3328 527 3509 594 aride,
3534 528 3639 585 hoc
3660 536 3766 593 est,

2190 634 2249 679 ut
2271 623 2486 679 occulta
2508 618 2890 678 substantialis
2910 621 3112 681 forma.
3137 622 3283 676 circa
3316 634 3480 691 quam
3507 618 3762 677 acciden-

2189 718 2328 773 ιὶιιιιι
2356 717 2553 773 ﬂuctus
2592 726 2941 780 exaestuant,
2968 712 3427 770 intellectualibus
3453 712 3632 771 Oculis
3663 727 3764 768 ns-

2190 824 2343 869 tnras
2370 818 2557 867 rerum
2586 808 3039 877 discernentibus
3067 807 3218 862 clare
3252 805 3551 877 perluceat.
3587 806 3661 862 De
3690 822 3757 861 eo

2187 917 2395 967 autem.
2416 904 2560 974 quod
2592 904 2839 959 omnium
2866 917 3072 968 rerum,
3100 917 3239 972 quae
3263 901 3481 955 deliniri
3510 909 3760 971 possunt,

2189 1008 2346 1055 iocus
2370 994 2443 1051 sit
2468 996 2783 1051 communis
2812 1010 3031 1060 eorum,
3058 992 3143 1049 vel
3167 993 3389 1065 propria
3411 992 3684 1053 deﬁnitio,
3711 991 3761 1045 in

2188 1086 2367 1162 primo
2394 1089 2535 1143 libro
2559 1089 2713 1157 satis,
2743 1098 2805 1143 ut
2830 1090 3046 1159 opinor,
3076 1087 3414 1161 disputatum
3445 1097 3548 1141 est.
3584 1085 3653 1141 Et
3677 1102 3763 1140 νου

2185 1184 2320 1253 cauit
2356 1180 2498 1236 Dens
2532 1182 2745 1235 aridam
2785 1189 3008 1242 terram,
3043 1162 3575 1250 congregationesque
3597 1194 3767 1247 aqua-

2187 1292 2305 1331 rtmt
2328 1272 2619 1345 appellavit
2643 1277 2838 1329 maria.
2881 1271 3284 1329 Vocabulorum
3311 1271 3684 1343 geminatione
3711 1271 3766 1323 in

2154 1372 2445 1436 operibus
2470 1369 2635 1422 trium
2668 1367 3104 1437 primordialiutn
3142 1365 3360 1423 dierum
3394 1356 3455 1426 δ’,
3494 1365 3547 1417 in
3590 1364 3767 1432 primu

2186 1460 2443 1516 videlicet
2465 1462 2760 1531 appellavit
2782 1462 2959 1515 lucem
2986 1460 3074 1513 die
3099 1478 3151 1520 ιι.
3174 1467 3228 1514 ει
3246 1462 3505 1510 tenebras
3520 1466 3767 1518 ttoctetn,

2186 1553 2243 1613 in
2290 1554 2535 1608 secundo
2581 1542 2797 1609 vocavit
2829 1551 2973 1608 Deus
3003 1554 3411 1606 ﬁrmamentum
3436 1550 3677 1612 caelum,
3714 1548 3766 1601 in

504 1639 611 1683 tota
640 1631 955 1699 aequaliter,
985 1627 1037 1683 in
1064 1629 1222 1683 nullis
1266 1628 1428 1681 ullam
1458 1628 1772 1682 varietatem
1824 1626 1905 1681 vel
1934 1627 1955 1657 '
1985 1628 2093 1681 dis-
2124 1630 2169 1691 Β
2198 1631 2359 1687 tertio
2400 1630 2612 1685 vocavit
2637 1631 2777 1701 Deus
2808 1626 3015 1682 aridam
3050 1640 3269 1689 terram,
3300 1630 3766 1697 congregationem

496 1721 901 1775 situthtuditn-ut
918 1720 1196 1789 recipiens.
1224 1720 1421 1773 Eadem
1449 1719 1584 1773 ratio
1606 1729 1687 1772 est
1711 1718 1732 1749 ‘
1762 1719 1811 1771 in
1834 1719 2085 1774 untnibus

499 1809 947 1864 sultstzintialibus
994 1810 1205 1875 lurtnis,
1263 1809 1314 1861 itt
1362 1822 1520 1877 equo,
1554 1808 1607 1861 in
1633 1806 1785 1872 bove,
1819 1808 1871 1863 in
1908 1807 2081 1872 leone,

494 1902 801 1969 ceterisque
846 1900 1190 1964 animalibus,
1238 1900 1289 1952 in
1316 1899 1547 1953 surculis
1573 1913 1789 1969 quoque
1817 1908 1873 1953 et
1903 1897 2087 1955 herbis

497 1989 692 2045 simiiis
737 1989 919 2058 regula
967 1989 1289 2044 naturaliter
1329 1988 1709 2054 constituitur;
1742 1987 1915 2041 forma
1956 2003 2085 2043 vero

494 2079 606 2141 illa.
638 2082 897 2137 materiae
921 2082 1227 2136 adhaerens
1251 2080 1319 2135 ad
1348 2080 1787 2146 constitutionem
1814 2080 2081 2150 corporis,

493 2166 643 2227 varia
672 2163 908 2241 semper,
938 2183 1105 2243 atque
1134 2173 1432 2237 mutabilis,
1466 2173 1631 2243 inque
1657 2172 1902 2227 diversas
1927 2170 2086 2226 dine-

489 2264 701 2319 rentias
728 2256 1023 2319 secundum
1068 2263 1324 2319 accidens
1354 2262 1623 2333 dispersa.
1670 2259 1787 2317 Non
1833 2263 1979 2317 enim
2011 2276 2081 2317 ex

430 2392 435 2397 ς
492 2356 831 2411 naturalibus
880 2354 1063 2411 causis
1106 2344 1399 2411 visibilium
1444 2354 1744 2422 formarum
1798 2353 2081 2425 multiplex

489 2446 795 2503 diderentia
840 2447 1086 2518 procedit
1127 2446 1182 2502 in
1215 2462 1320 2502 una
1370 2445 1670 2516 eademque
1695 2445 2080 2502 substantiali'

489 2535 685 2599 forma,
737 2538 833 2592 sed
878 2537 1220 2593 extrinsecus
1258 2535 1459 2592 evenit.
1490 2535 1782 2593 Hominum
1813 2537 2077 2608 siquidem

490 2628 633 2683 inter
662 2643 720 2682 se
742 2626 1124 2684 dissimilitudo
1152 2628 1206 2683 in
1234 2628 1408 2695 vultu,
1448 2628 1505 2682 in
1530 2626 1834 2697 quantitate
1862 2637 1918 2684 et
1947 2643 2077 2699 qua-

487 2721 642 2778 litate
686 2720 1024 2793 singulorum
1079 2734 1370 2791 corporum
1399 2719 1442 2788 ⁸,
1497 2735 1711 2779 morum
1747 2735 1985 2793 quoque,
2023 2731 2082 2777 et

490 2814 970 2870 conversatiouum
1020 2813 1257 2869 varietas
1305 2826 1415 2867 non
1460 2825 1531 2866 ex
1576 2812 1815 2869 humana
1860 2819 2075 2879 natura,

490 2920 631 2974 quae
680 2919 787 2959 una
837 2904 1136 2974 eademque
1168 2912 1254 2959 est
1280 2902 1333 2959 in
1361 2902 1636 2966 omnibus,
1667 2900 1724 2957 in
1750 2902 1947 2974 quibus
1972 2910 2074 2969 est,

2189 1736 2296 1794 que
2314 1736 2574 1791 aquarum
2600 1718 2888 1791 appellavit
2915 1720 3104 1779 maria,
3139 1719 3408 1788 duplicem
3434 1718 3597 1772 tutius
3622 1730 3778 1772 crea-

2188 1823 2341 1873 turae
2368 1813 2786 1887 speculationem
2818 1812 3109 1885 signiﬁcari
3133 1812 3393 1868 arbitror.
3435 1810 3607 1866 Aliter
3626 1810 3774 1873 enim

2186 1906 2246 1964 in
2267 1908 2473 1973 causis,
2498 1905 2655 1962 aliter
2679 1906 2734 1961 in
2758 1903 3038 1961 effectibus
3059 1918 3164 1960 una
3188 1903 3489 1973 eademque
3514 1916 3603 1957 res
3622 1901 3777 1958 tbeo-

2187 1996 2304 2054 riae
2350 1994 2811 2069 Speculationibus
2849 1994 3152 2050 intimatur.
3203 1992 3277 2049 Et
3322 1993 3447 2049 vidit
3472 1993 3614 2047 Deus
3633 1989 3776 2063 quod

2185 2095 2317 2141 esset
2348 2085 2561 2141 bonum.
2597 2084 2748 2142 Visio
2780 2084 2874 2139 Dei
2918 2082 3084 2139 totius
3127 2074 3500 2138 universitatis
3531 2089 3616 2136 est
3642 2094 3775 2136 εοιιο

2142 2236 2147 2241 ,
2187 2181 2339 2235 ditio.
2366 2179 2481 2235 Non
2513 2179 2658 2235 enim
2676 2178 2822 2233 aliud
2844 2187 2927 2234 est
2948 2178 2999 2233 ei
3023 2176 3227 2247 videre,
3255 2186 3310 2231 et
3332 2175 3378 2207 ³⁸
3398 2174 3546 2229 aliud
3572 2171 3772 2236 facere.

2186 2274 2283 2327 sed
2313 2270 2451 2325 visio
2474 2270 2619 2326 illius
2662 2268 2911 2324 voluntas
2953 2266 3073 2338 eius
3116 2276 3219 2331 est,
3267 2275 3322 2322 et
3360 2263 3612 2321 voluntas
3649 2276 3776 2335 ope-

2186 2360 2347 2418 ratio.
2400 2359 2593 2415 Merito
2638 2367 2819 2414 autem
2866 2368 3059 2424 onme',
3090 2359 3236 2427 quod
3283 2356 3416 2411 vidit
3470 2354 3636 2422 Deus,
3685 2362 3774 2411 est

2185 2454 2416 2511 bonum.
2469 2450 2661 2507 Divina
2701 2449 2969 2521 siquidem
3001 2449 3217 2506 bonitas
3240 2446 3507 2523 bonorum
3533 2443 3774 2515 omnium

2185 2560 2352 2604 causa
2392 2552 2506 2611 est,
2562 2544 2672 2599 imo
2708 2543 2873 2598 etiam
2901 2543 3083 2599 omnia
3109 2541 3251 2597 bona
3284 2539 3403 2611 ipsa
3431 2547 3533 2595 est.
3562 2534 3779 2592 Nullum

2183 2637 2330 2693 enim
2359 2649 2455 2706 per
2488 2648 2550 2690 se
2577 2634 2778 2689 bonum
2796 2640 2906 2699 est,
2937 2634 3030 2712 sed
3054 2633 3109 2688 in
3144 2638 3405 2702 quantum
3435 2630 3641 2686 bonum
3664 2633 3773 2693 est,

2189 2727 2617 2804 participatione
2656 2725 2799 2781 illius
2843 2725 2992 2791 Loni,
3043 2725 3189 2795 quod
3229 2737 3409 2794 pcrse
3438 2717 3780 2779 solummodo

2182 2816 2546 2895 substantiale
2580 2816 2784 2872 bonum
2809 2825 2912 2880 est,
2946 2814 3148 2871 bonum
3171 2822 3274 2869 est.
3302 2811 3475 2868 Nemo
3506 2810 3654 2867 enim
3686 2807 3780 2865 bo-

2183 2928 2305 2977 nus,
2334 2910 2437 2967 nisi
2465 2908 2612 2966 solus
2650 2906 2816 2965 Deus.
2869 2907 3007 2965 Vidit
3032 2922 3163 2980 ergo
3192 2905 3335 2962 Deus
3358 2904 3498 2977 quod
3523 2916 3654 2959 esset
3684 2902 3778 2958 bo-

492 3011 549 3051 ει
597 2996 700 3052 sibi
747 3009 962 3064 semper
1000 2994 1296 3061 simillima,
1350 2992 1714 3064 nullamque'
1766 2994 2082 3051 varietatem
2112 2995 2157 3059 C
2187 3019 2338 3067 num,
2392 3003 2498 3059 hoc
2545 3009 2651 3067 est,
2698 3000 3119 3074 vidit.seipsnm
3165 3000 3219 3054 in
3267 2997 3519 3055 omnibus
3551 2997 3775 3054 bonum-

490 3094 781 3163 recipieus,
808 3086 903 3147 sed
922 3105 989 3145 es
1016 3090 1122 3155 his,
1142 3104 1283 3161 quae
1305 3090 1451 3145 circa
1478 3104 1598 3143 eam
1622 3087 1666 3121 "
1688 3087 2080 3159 intelliguntur,

490 3174 787 3257 εόιιιὶιιεῑι,
835 3197 913 3238 ειν
943 3179 1077 3237 locis
1116 3180 1391 3245 videlicet,
1418 3180 1857 3250 temporibusque
1900 3179 1966 3246 “,
2012 3195 2081 3234 ex

490 3277 859 3351 generatione,
891 3283 947 3328 et
971 3271 1238 3343 qualitate
1278 3281 1335 3327 et
1369 3270 1678 3340 quantitate
1722 3270 1765 3301 “
1794 3269 2081 3325 alimonio-
2115 3312 2123 3321 .

496 3385 640 3433 rum,
676 3366 980 3435 regionum,
1006 3377 1217 3428 aerum,
1248 3362 1302 3416 in
1325 3361 1520 3433 quibus
1548 3360 1794 3432 quisquis
1819 3359 2080 3423 nascitur,

493 3472 587 3513 seu
616 3456 872 3520 nutritur,
899 3464 1028 3509 etut
1047 3453 1093 3485 “
1110 3452 1487 3508 universaliter
1511 3452 1707 3517 dicant,
1726 3465 1793 3506 es
1806 3451 2080 3516 omnibus,

495 3566 637 3619 quae
665 3550 813 3602 circa
861 3545 1219 3603 substantiam
1260 3544 1653 3622 intelliguntur,
1683 3554 1737 3598 et
1764 3558 1869 3599 non
1895 3543 2011 3616 ipsa
2038 3543 2081 3575 “

494 3639 796 3696 substantia
820 3646 961 3693 sunt.
991 3637 1108 3707 Ipsa
1130 3636 1274 3692 enim
1328 3635 1554 3708 simplex
1587 3646 1643 3690 et
1670 3630 1954 3690 uniformis
1979 3641 2081 3701 est,

498 3733 767 3803 nullisque
823 3730 1176 3786 varietatibus
1233 3745 1327 3785 seu
1382 3727 1862 3799 compositionibus
1917 3726 2086 3785 obno-

494 3827 606 3882 lia.
1504 3815 1507 3818 ⁴

564 3919 656 3976 28.
696 3918 957 3989 Quisquis
988 3930 1118 3989 ergo
1154 3924 1280 3972 actu
1310 3916 1539 3972 rationis
1567 3915 1772 3983 omnia,
1806 3917 2085 3988 quaecun-

494 4024 601 4082 que
641 4009 981 4065 extrinsecus
1016 4010 1166 4063 circa
1201 4009 1476 4080 propriam
1510 4007 1873 4065 substantiam
1903 4007 2086 4081 singu-

500 4104 672 4157 larum
719 4100 1041 4166 formarum,
1090 4103 1193 4157 hoc
1227 4110 1333 4169 est,
1364 4102 1511 4157 circa
1545 4101 1854 4157 individuus
1878 4110 1934 4158 et
1962 4116 2087 4173 spe-

497 4194 821 4250 cialissimas
870 4193 1085 4263 species
1114 4192 1565 4263 [uniuscujusque
1616 4192 1868 4259 formae,
1934 4192 2084 4248 verbi

496 4301 682 4349 causa,
713 4282 974 4347 hominis,
998 4281 1142 4350 equi,
1177 4280 1351 4345 bovis,
1377 4282 1563 4352 piscis,
1596 4283 1855 4346 volatilis,
1887 4283 2084 4337 herba-

498 4392 639 4439 rum,
674 4374 939 4444 lignorum
972 4373 1017 4405 ⁸⁸
1046 4372 1419 4443 intelliguntur
1454 4373 1536 4428 vel
1577 4374 1885 4429 sentiuntur
1912 4382 2089 4429 muta-

497 4467 650 4533 bilia,
695 4465 859 4520 veluti
913 4466 1147 4535 quadam
1200 4466 1491 4520 multarum
1543 4480 1807 4536 aquarum
1855 4466 2087 4521 inunda—

502 4556 647 4611 tione
674 4570 890 4624 semper
915 4554 1252 4619 ﬂuctuantia,
1280 4556 1349 4610 ab
1387 4555 1500 4623 ipsa
1540 4555 1731 4611 intima
1758 4556 2084 4620 substantia,

497 4648 643 4703 circa
671 4663 833 4717 quam
870 4648 1176 4714 volvuntur,
1216 4648 1343 4701 dum
1384 4650 1454 4703 sit
1500 4647 1613 4718 ipsa
1655 4649 2086 4705 incottttnutabili

499 4756 631 4793 suae
671 4749 895 4792 naturae
936 4750 1124 4794 tenore
1168 4739 1430 4805 stabilita,
1492 4753 1781 4812 segregare
1823 4742 2082 4812 potuerit,

497 4833 661 4901 inque
702 4847 867 4890 unum
898 4833 1073 4885 locum
1113 4831 1527 4901 congregaverit
1558 4832 1621 4897 ",
1654 4832 1758 4887 hoc
1787 4842 1890 4897 est,
1922 4834 2082 4888 unius

497 4922 845 4993 ejusdemque
870 4905 1199 4977 definitionis
1218 4923 1423 4977 ambitu
1438 4923 1767 4979 concluserit
1790 4923 1854 4991 ",
1870 4924 2079 4990 dicens,

496 5030 681 5081 omne,
725 5018 1080 5087 quodcunque
1124 5017 1270 5071 circa
1307 5017 1581 5088 propriam
1613 5018 1970 5073 substantiam
1997 5017 2084 5072 vel

498 5109 834 5182 intelligitur,
879 5110 965 5163 vel
1008 5109 1261 5175 sentitur,
1309 5110 1518 5165 varium
1566 5119 1623 5165 et
1666 5109 1924 5165 mutabile
1971 5120 2083 5176 est,

2183 3097 2299 3155 Non
2332 3098 2478 3153 enim
2502 3097 2647 3153 Deus
2674 3096 2809 3151 vidit
2833 3092 2937 3149 nisi
2964 3093 3227 3163 seipsum,
3260 3088 3387 3160 quia
3414 3096 3570 3144 extra
3599 3088 3776 3160 ipsum

2182 3188 2319 3246 nihil
2346 3198 2452 3255 est,
2477 3197 2535 3245 et
2560 3202 2745 3252 omne,
2783 3184 2928 3258 quod
2958 3182 3012 3238 in
3045 3182 3162 3253 ipso
3203 3191 3312 3246 est,
3360 3178 3475 3250 ipse
3501 3189 3610 3243 est,
3646 3176 3777 3234 sim-

2180 3279 2416 3353 plexque
2460 3280 2602 3336 visio
2646 3278 2816 3349 ipsius
2855 3285 2956 3339 est,
3011 3284 3068 3331 et
3094 3289 3124 3328 a
3162 3271 3311 3328 nullo
3359 3271 3467 3327 alio
3510 3270 3777 3326 formatur

2183 3374 2300 3445 ipsa
2346 3373 2453 3429 nisi
2498 3389 2530 3427 a
2574 3371 2776 3443 seipse.
2825 3368 2891 3426 Et
2920 3369 3033 3423 ait:
3061 3363 3325 3422 Germiuet
3376 3372 3518 3418 terra
3563 3362 3777 3416 herbam

2182 3465 2457 3530 virentem,
2508 3473 2557 3519 et
2601 3462 2878 3533 facientem
2917 3475 3115 3523 semen,
3145 3466 3193 3511 et
3218 3454 3426 3527 lignum
3464 3452 3777 3523 pomiferum

2150 3582 2155 3585 ι
2184 3555 2387 3627 faciens
2434 3552 2868 3629 [ructantjuxta
2919 3566 3082 3623 genus
3129 3562 3308 3614 suum,
3343 3544 3696 3616 cujus'setsten
3725 3544 3777 3596 in

2184 3649 2299 3721 ipso
2322 3648 2390 3704 sit
2415 3663 2574 3719 super
2603 3656 2821 3702 terram.
2862 3641 3133 3699 Virtutem
3171 3639 3463 3696 herbarum
3484 3636 3779 3709 lignorum-

2186 3753 2294 3811 que
2351 3739 2407 3798 in
2452 3734 2902 3809 primordialtbus
2962 3732 3143 3790 causis
3189 3730 3465 3788 conditam
3509 3741 3606 3799 per
3643 3727 3778 3783 haec

2182 3833 2356 3891 verba
2415 3830 2735 3905 prophetica
2785 3832 3218 3891 commemorat,
3268 3838 3412 3896 quae
3469 3820 3647 3877 virtus
3698 3818 3781 3893 vis

2186 3928 2459 3984 seminum
2487 3940 2519 3980 a
2548 3922 2755 3988 sanctis
2798 3920 3054 3977 Patribus
3098 3918 3236 3975 solet
3258 3916 3543 3988 appellari,
3577 3916 3632 3971 in
3670 3928 3784 3987 qua

2186 4017 2400 4091 species
2419 4016 2512 4071 illa
2538 4014 2769 4079 animae,
2792 4026 2933 4085 quae
2960 4010 3157 4066 dicitur
3181 4006 3441 4065 autritiva
3461 4014 3518 4062 et
3542 4003 3778 4069 auctiva,

2188 4107 2561 4180 Operationem
2607 4119 2762 4160 suam
2812 4111 3032 4159 exercet
3058 4141 3075 4168 ,
3127 4096 3539 4168 generationem
3586 4092 3777 4151 videli-

2190 4210 2278 4256 cet
2312 4198 2582 4255 seminum
2638 4194 3049 4260 administrans,
3102 4184 3348 4262 etquae
3408 4185 3595 4260 genita
3653 4191 3780 4241 sunt

2191 4291 2441 4347 nutriens
2470 4330 2487 4357 ,
2564 4288 3040 4358 iucrementaqne-
3071 4283 3153 4339 eis
3218 4296 3317 4354 per
3381 4292 3638 4335 numeros
3699 4274 3781 4331 lo-

2112 4349 2166 4410 D
2189 4398 2382 4442 eorum
2444 4349 2503 4438 et
2574 4390 2879 4451 temporum
2915 4349 3309 4432 “distribuens.
3385 4371 3457 4427 Et
3520 4367 3779 4442 quoniam

2188 4490 2399 4542 οιιιιιε,
2470 4473 2618 4544 quod
2676 4472 2733 4528 in
2805 4479 3005 4526 natura
3075 4470 3261 4523 rerum
3324 4462 3616 4519 visibiliter
3680 4472 3779 4531 sp-

2188 4574 2382 4637 paret,
2443 4580 2551 4619 non
2604 4562 2823 4616 aliunde
2876 4558 2980 4614 nisi
3027 4572 3098 4614 es
3146 4555 3375 4611 occultis
3418 4550 3689 4609 naturalis
3721 4558 3781 4603 et

2186 4655 2566 4713 substantialis
2622 4652 2831 4709 formae
2888 4651 3135 4715 sinibus,
3199 4662 3365 4719 quam
3418 4645 3643 4710 aridae,
3692 4640 3775 4696 vel

2185 4756 2366 4803 terrae
2396 4744 2658 4801 vocabulo
2680 4741 3041 4816 signiﬁcatam
3062 4738 3457 4811 praediximus,
3481 4733 3777 4808 originum

2184 4854 2381 4894 causas
2419 4834 2785 4910 generationis
2813 4847 2945 4889 suae
2986 4830 3181 4901 recipit
3215 4832 3281 4892 “,
3312 4836 3601 4899 propterea
3643 4826 3779 4883 scri-

2186 4940 2341 5003 ptum
2369 4940 2455 4985 est
2476 4970 2490 4995 ,
2517 4928 2770 4999 germinet
2805 4934 2947 4979 terra
2976 4922 3191 4977 herbam
3220 4922 3466 4975 virentem
3492 4928 3545 4973 et
3572 4928 3774 4980 cetera.

2187 5026 2267 5078 Ae
2294 5022 2337 5077 si
2375 5032 2560 5092 aperte
2586 5019 2892 5081 diceretur,
2936 5016 3022 5071 vis
3050 5012 3341 5077 seminalis
3379 5011 3672 5067 herbarum
3722 5018 3777 5062 et

2187 5113 2479 5187 lignorum,
2510 5126 2651 5183 quae
2689 5111 2743 5165 in
2775 5108 2983 5165 intimis
3015 5106 3443 5164 substantiarum
3475 5100 3776 5158 rationibus

1786 5244 2041 5303 VARIAE
2079 5247 2477 5305 LECTIONES.
3170 5300 3176 5306 .
3318 5306 3327 5314 .

584 5356 652 5403 ut
686 5366 952 5408 manente.
1051 5356 1070 5386 ²
1098 5356 1135 5407 Λ
1162 5355 1455 5424 quantitate
1494 5364 1542 5407 ct
1580 5355 1857 5424 qualitate.
1953 5352 1975 5385 ³
2005 5353 2146 5424 Atat
2179 5354 2374 5424 major.
2463 5351 2484 5381 ⁴
2520 5354 2557 5404 Α
2584 5352 2748 5424 prius.
2845 5352 2867 5381 '
2900 5352 2937 5424 Α
2975 5361 3088 5405 aut.
3162 5350 3184 5382 '
3231 5352 3273 5402 Α
3304 5350 3505 5424 Eodem
3534 5357 3763 5424 rectene.

508 5422 525 5451 '
550 5424 885 5478 substantia“
922 5444 1031 5479 nm.
1062 5429 1123 5478 Λ.

505 5496 787 5548 iii-ratione
816 5507 1113 5565 quaiullult‘
1145 5506 1193 5548 ct
1233 5498 1511 5563 qualitate.
1594 5494 1636 5526 ”
1670 5508 1723 5547 ut
1754 5509 1865 5551 om.
1891 5497 1954 5549 Α.

501 5565 808 5620 concludere

1196 5424 1233 5475 η⁸
1260 5422 1300 5477 (3
1328 5436 1635 5488 temporum.
1702 5426 1721 5454 ‘
1742 5422 1785 5479 C
1817 5424 2020 5477 nullam
2050 5422 2069 5491 (
2102 5441 2201 5494 que
2232 5422 2386 5493 om).
2460 5427 2501 5453 ¹⁰
2533 5427 2570 5475 Α
2610 5422 2700 5474 ille

1233 5498 1511 5546 aaulitute.
1594 5494 1636 5526 ”
1670 5508 1723 5546 ιιι
1754 5509 1865 5546 οιιι.
1891 5497 1954 5546 Δ.
2042 5494 2082 5526 ⁸⁸
2120 5496 2161 5546 ι,;
2216 5495 2378 5546 iste.’
2416 5494 2459 5525 ⁸⁸
2491 5499 2531 5546 Α
2583 5504 2630 5543 ιι
2688 5497 2700 5545 ι

2138 5504 2161 5547 .'.
2216 5504 2338 5547 ista.
2368 5506 2378 5514 ’
2416 5504 2459 5525 "
2491 5504 2531 5546 Α
2583 5504 2630 5543 ιι
2688 5504 2981 5562 lignorum.

916 5568 954 5598 “
984 5562 1262 5635 odpnrnni
1287 5584 1396 5620 om.
1430 5568 1494 5621 A.
1592 5567 1632 5597 "
1659 5570 1698 5619 Α
1734 5566 1935 5620 dierum
1961 5566 2410 5632 primordmlium.
2473 5567 2517 5594 ¹⁰
2544 5576 2586 5616 et
2616 5581 2726 5616 om.
2759 5568 2839 5623 Α..
2916 5565 2956 5595 "
2985 5562 3026 5618 (Ξ
3062 5562 3275 5631 recepit.
3323 5562 3327 5627 ξ

2460 5427 2570 5507 ιε’-Α
2610 5422 2782 5507 illam.
2871 5423 2913 5453 “
2961 5424 3004 5474 Δ
3040 5432 3088 5507 εξ
3114 5422 3453 5507 temporibus.
3538 5420 3767 5507 “ag-2:

3069 5492 3111 5523 "’
3147 5495 3187 5544 Α
3220 5504 3559 5564 congregare.
3633 5492 3691 5526 ’τ’
3719 5493 3767 5548 Α
