4260 6082
357 249 368 262 .
419 205 546 294 res

1287 214 1380 274 DE
1417 211 1761 296 emerem;
1799 169 2157 272 mtronas.
2199 243 2270 254 ..-
2307 211 2507 270 uasa
2549 211 2874 272 TERTIUS.

3605 229 3719 290 730

437 331 598 389 vitam
648 345 932 390 recurrere
975 333 1196 388 necesse
1239 339 1342 396 est,
1399 329 1554 400 cujus
1607 328 2022 402 participatione
2051 331 2098 392 Α
2127 336 2230 385 est.
2263 329 2398 384 Nam
2419 336 2474 386 et
2500 343 2700 401 corpus
2725 332 3018 388 humanum
3037 373 3052 399 ,
3081 329 3196 390 sive
3226 331 3430 400 vivum,
3453 333 3565 392 sive
3594 353 3738 394 inor.

429 423 792 498 apcciticatur.
812 423 954 480 llaec
969 434 1148 478 autem
1177 421 1582 492 generalissima
1618 422 1726 476 vita
1753 436 1782 476 a
1809 422 2029 492 sapien-
2075 419 2084 426 ’

432 515 575 575 tibus
609 515 806 571 mundi
821 510 1283 580 universalissima
1309 511 1511 576 anima,
1533 523 1704 567 totum
1719 511 1860 582 quod
1883 513 2028 568 intra

427 607 680 666 caelestis
694 609 956 681 Sphaerae
978 601 1240 664 ambitum
1265 605 1880 678 conrp:-el:euditpr,per
1904 621 2028 676 spc-

427 706 698 764 eieS‘suas
725 684 1064 768 ministrans,
1097 711 1356 766 vocatur;
1401 698 1617 756 divinae
1645 713 1776 754 vero
1799 701 2028 771 sophiae

327 839 336 846 -
430 795 800 872 speculatores
836 780 1162 850 communem
1193 795 1348 848 vitam
1388 792 1680 864 appellant.
1710 794 1860 872 Quae
1895 793 2024 848 dum

383 885 386 888 ⁴
429 889 503 948 sit
543 889 820 962 particeps
874 875 1023 942 illius
1068 887 1228 944 unius
1258 886 1272 918 ¹
1309 883 1474 949 vitae,
1499 898 1640 954 quae
1679 897 1777 953 per
1804 897 1863 939 se
1893 881 2024 940 sult-

428 977 696 1037 stantialis
739 987 841 1043 est,
894 977 1180 1048 omnisque
1217 977 1361 1032 vitae
1393 975 1512 1030 fons
1551 982 1606 1030 et
1645 963 1884 1052 creatrix
1913 973 2028 1028 suis

429 1068 784 1128 divisionibus
831 1067 1126 1124 visibilium
1169 1077 1228 1123 et
1267 1065 1620 1150 invisibiiium
1646 1067 1668 1096 ²
1699 1065 1838 1120 vitas
1866 1065 2024 1138 juxta

426 1159 668 1218 divinam
694 1157 1093 1215 ordinationem
1139 1155 1434 1219 distribuit,
1458 1154 1912 1226 quemadmodum
1943 1153 2024 1210 sui

362 1275 370 1284 ·
427 1255 534 1312 iste
559 1253 814 1310 sensibus
837 1262 1000 1307 notus
1022 1249 1208 1307 radios
1228 1263 1356 1306 suos
1383 1247 1583 1320 ubique
1612 1245 1881 1314 dili‘undit,
1915 1263 2024 1304 non

429 1351 612 1402 tamen
652 1342 726 1400 ita
755 1341 864 1397 vita
909 1341 964 1396 in
1009 1339 1191 1396 omnia
1229 1337 1496 1412 pervenit,
1529 1337 1672 1394 sicut
1696 1337 1902 1394 solas-es
1931 1354 2020 1396 ra-

427 1437 524 1493 dii.
569 1436 648 1492 illi
695 1433 960 1507 siquidem
1004 1450 1112 1490 non
1159 1433 1345 1491 omnia
1392 1444 1718 1505 penetrant;
1765 1433 2024 1490 interiora

430 1527 631 1584 etenim
659 1525 952 1582 multorum
974 1540 1258 1598 corporum
1277 1540 1386 1582 non
1410 1523 1876 1584 transeuntNitae
1896 1539 2024 1582 vero

429 1618 572 1678 nulla
597 1627 870 1694 creatura,
892 1632 990 1674 seu
1022 1616 1332 1682 sensibilis,
1375 1631 1470 1674 seu
1503 1614 1893 1688 intelligibilis,
1927 1631 2024 1672 ex-

2135 429 2308 490 tuum,
2341 439 2536 494 corpus
2566 423 2804 479 hominis
2831 431 2932 480 est.
2965 423 3224 480 Similiter
3253 424 3434 480 anima
3467 425 3737 498 humana,

2133 518 2248 576 sive
2285 532 2488 590 corpus
2531 532 2689 574 suum
2742 517 2905 576 simul
2951 518 3240 576 collectum
3290 528 3464 590 regat,
3513 522 3630 578 sive
3681 523 3738 580 in

2131 615 2316 680 partes
2342 607 2685 672 dissofutuza,
2708 616 2768 664 ut
2791 608 3004 664 videtur
3023 650 3038 676 ,
3079 609 3330 666 sensibus
3371 624 3561 680 regere
3593 610 3738 670 desio

2129 708 2248 766 nat,
2288 701 2474 755 anima
2515 707 2694 754 tamen
2736 699 2974 757 hominis
3003 685 3124 758 esse
3165 717 3271 756 non
3301 711 3500 758 cessat.
3529 703 3609 760 Ae
3633 717 3736 776 per

2129 793 2236 850 hoc
2257 793 2420 848 datur
2441 791 2664 866 intelligi
2697 793 2875 850 altiori
2903 809 3082 849 rerum
3108 793 3470 860 inlimatioue,
3497 809 3606 852 non
3629 795 3734 853 mi-

2129 903 2232 956 nus
2259 903 2381 942 eam
2407 887 2792 942 administrare
2819 903 3019 957 corpus
3061 902 3159 956 per
3197 888 3470 944 elementa
3511 889 3730 960 disper-

2128 995 2270 1046 sum,
2295 995 2458 1049 cpiam
2485 994 2592 1033 una
2617 978 2936 1049 compagine
2959 979 3328 1036 membrorum
3354 980 3768 1050 conjunctnm.‘

2125 1071 2278 1141 Quod
2345 1087 2474 1128 vera
2525 1077 2664 1126 ratio
2726 1071 3099 1126 indubitanter
3153 1070 3368 1144 edocet.
3448 1069 3510 1126 Si
3583 1069 3732 1128 enim

2127 1167 2310 1222 anima
2358 1165 2582 1238 spiritus
2645 1173 2748 1228 est,
2804 1178 2904 1236 per
2941 1177 3003 1220 se
3051 1163 3198 1220 omni
3257 1176 3527 1232 corporea
3578 1177 3731 1218 cras-

2123 1259 2364 1316 situdine
2415 1273 2634 1323 carens,
2687 1257 2800 1326 ipsa
2850 1271 3066 1326 quoque
3124 1255 3413 1320 elementa,
3473 1253 3528 1308 in
3589 1268 3734 1323 quae

2125 1367 2321 1424 corpus
2366 1349 2596 1406 solvitur
2622 1389 2635 1413 ,
2683 1355 2946 1418 quantum
2991 1361 3090 1416 per
3133 1361 3194 1402 se
3245 1343 3567 1416 simpliciter
3599 1344 3737 1400 sub-

2121 1445 2325 1499 sistunt
2349 1469 2372 1507 ,-
2425 1440 2694 1513 spirituali
2747 1449 2978 1496 naturae
3037 1439 3320 1510 proxima
3353 1445 3478 1493 sunt
3532 1456 3545 1491 :
3604 1435 3738 1508 quid

2122 1537 2348 1602 mirum,
2380 1537 2426 1592 si
2479 1536 2800 1607 incorporea
2833 1534 3016 1589 anima
3057 1545 3240 1602 partes
3287 1531 3531 1603 corporis
3559 1529 3644 1585 sui
3678 1531 3734 1586 in

2124 1629 2390 1700 proximis
2420 1629 2442 1660 ⁵
2472 1627 2574 1684 sibi
2610 1626 2824 1682 naturis
2870 1623 3178 1681 custoditas
3224 1623 3466 1678 rexerit?
3495 1619 3736 1676 Faciiius

429 1725 560 1784 pars
587 1725 710 1768 esse
724 1717 934 1782 potest.
968 1707 1103 1764 Nam
1133 1717 1437 1776 etcorpora
1457 1750 1472 1774 ,
1503 1723 1644 1780 quae
1669 1709 1872 1766 nostris
1899 1724 2023 1766 sen-
2059 1713 2096 1770 Β
2127 1721 2270 1776 enim
2301 1719 2504 1778 similia
2539 1717 2665 1783 sibi,
2693 1732 2858 1787 quam
2901 1715 3182 1790 dissimilia
3227 1723 3408 1786 potest
3439 1713 3734 1784 attingere.

429 1805 582 1862 sibus
607 1803 857 1859 videntur
875 1801 1044 1856 veluti
1075 1811 1310 1869 mortua,
1331 1817 1440 1864 non
1469 1801 1696 1858 omnino
1717 1802 1824 1857 vita
1859 1801 2022 1857 relin-

429 1903 690 1970 quuntur.
721 1892 790 1950 Ut
816 1893 962 1950 enim
991 1891 1208 1962 illorum
1225 1893 1554 1964 compositio
1579 1901 1744 1964 atque
1767 1892 2026 1950 formatio

428 1985 904 2042 administratione
932 1984 1184 2059 propriae
1211 1985 1376 2052 vitae,
1417 1986 1493 2042 ita
1539 1985 1702 2042 etiam
1745 1983 1944 2040 solutio
1970 1991 2024 2040 et

429 2073 724 2134 inﬁrmitas
749 2086 806 2132 et
829 2075 1036 2134 reditus
1075 2076 1128 2132 in
1155 2091 1220 2132 ea
1244 2117 1258 2143 ,
1299 2089 1367 2132 ex
1390 2075 1590 2148 quibus
1614 2075 1848 2132 deducta
1873 2085 2021 2140 sunt.

429 2165 670 2240 ejusdem
695 2169 958 2242 obsequio
975 2169 1272 2243 peragitur.
1293 2167 1515 2226 Semina
1531 2169 1822 2242 siquidem,
1847 2175 2024 2225 terrae

361 2313 368 2318 .
431 2261 828 2330 commendata,
855 2261 962 2318 nisi
1003 2261 1152 2334 prius
1171 2263 1496 2328 moriantur,
1539 2278 1644 2318 non
1675 2247 2021 2326 reviviscunt,

433 2361 489 2408 et
531 2367 681 2408 mors
723 2365 912 2408 eorum
956 2351 980 2385 ³
1020 2351 1221 2410 solutio
1271 2352 1532 2410 materiae
1575 2361 1633 2408 et
1677 2352 1874 2426 speciei
1919 2361 2024 2420 est,

355 2437 376 2446 ’”
432 2443 732 2515 eademque
754 2445 885 2510 vita,
918 2457 1058 2514 quae
1088 2443 1325 2502 viviﬁcat
1369 2443 1479 2510 vim
1527 2443 1816 2511 seminum,
1849 2452 1902 2500 et
1929 2459 2025 2515 per

435 2535 546 2592 vim
578 2537 808 2604 semina,
839 2523 1157 2610 priusquam
1198 2538 1503 2604 solvantur,
1545 2538 1599 2596 in
1621 2537 1893 2596 solutione
1918 2554 2028 2593 non

435 2627 656 2695 deserit,
676 2632 772 2685 seti
793 2629 860 2685 iis
887 2643 1104 2699 semper
1119 2628 1408 2697 adhaeret,
1432 2628 1541 2684 imo
1561 2629 1724 2684 etiam
1750 2644 1816 2686 ea
1844 2628 2026 2692 solvit,

430 2736 692 2792 moxque,
721 2719 866 2778 nulla
894 2735 1048 2779 mora
1075 2721 1422 2785 interstante,
1449 2720 1760 2786 viviﬁcare,
1792 2719 1895 2776 hoc
1921 2729 2024 2784 est,

435 2814 494 2871 in
518 2815 745 2870 eandem
777 2813 1012 2886 speciem
1053 2829 1310 2870 revocare
1333 2811 1540 2884 incipit.
1579 2810 1680 2868 Ubi
1705 2812 1852 2867 enim
1881 2823 2028 2866 esset

435 2907 530 2965 illa
555 2909 666 2962 vita
687 2906 975 2963 solutionis
1011 2921 1307 2982 corporum
1337 2904 1360 2935 ⁸
1387 2903 1781 2976 ιοωιιοτεγηίεἰ
1827 2902 1880 2958 in
1912 2903 2028 2974 ipso

435 3001 648 3058 soluto?
679 2999 744 3056 Ut
765 3001 910 3058 enim
939 2999 1026 3056 illa
1053 3015 1178 3056 eum
1200 3008 1482 3072 compacto
1507 3015 1614 3054 non
1639 2997 2024 3070 compingitur,

2127 1811 2420 1872 Dissimilia
2451 1821 2634 1870 autem
2679 1823 2806 1868 sunt
2851 1812 2953 1868 sibi
2985 1824 3202 1874 crassa,
3227 1839 3230 1842 ι
3255 1819 3312 1866 et
3359 1807 3736 1879 corruptibilis

2126 1921 2388 1979 corpora;
2441 1905 2642 1962 similia
2697 1920 2829 1960 vero
2882 1905 3237 1968 tenuissima;
3273 1911 3330 1956 et
3379 1901 3526 1957 nullo
3573 1900 3737 1956 modo

2127 1997 2464 2072 corruptioni
2485 1995 2744 2053 obnoxia.
2774 1995 2892 2051 Non
2920 2011 3072 2063 enim
3111 1993 3440 2050 credendum
3472 2001 3576 2057 est,
3609 2005 3736 2047 cor-

2127 2103 2322 2160 poreus
2357 2095 2562 2160 partes.
2595 2105 2658 2143 ex
2701 2087 3019 2158 rontpag'ine
3057 2086 3218 2158 spissi
3259 2084 3510 2156 corporis
3549 2083 3740 2153 dissos-

2131 2180 2294 2248 iutas,
2325 2179 2546 2253 itthsis
2581 2181 2886 2246 elementis,
2931 2179 2984 2233 in
3024 2179 3222 2249 quibus
3248 2177 3550 2245 salvantur,
3579 2190 3738 2234 eras-

2127 2273 2424 2328 situdinent
2472 2287 2630 2328 suam
2665 2287 2770 2326 non
2795 2261 2799 2266 ’
2825 2271 3100 2336 deserere,
3149 2283 3206 2324 et
3235 2285 3342 2325 non
3381 2269 3736 2342 .inqipsorum

2129 2362 2522 2420 elementorum
2569 2361 2875 2417 levissimas
2903 2389 2910 2398 -
2943 2359 3370 2432 spiritualesque
3436 2360 3732 2432 qualitates

2133 2457 2381 2520 transire,
2425 2469 2534 2510 non
2573 2464 2633 2508 ut
2673 2455 2890 2524 penitus
2927 2448 3033 2520 non
3066 2467 3330 2522 corporea
3374 2451 3428 2519 ⁸,
3467 2452 3562 2508 sed
3609 2463 3671 2508 ut
3709 2439 3730 2492 ⁷

2128 2545 2426 2621 spiritualia
2452 2561 2705 2617 corpora,
2733 2544 2872 2600 sicut
2898 2553 2956 2598 et
2978 2545 3090 2613 ipsa
3123 2543 3232 2598 sint
3251 2543 3546 2600 elementa.
3577 2543 3736 2612 Quod
3805 2533 3815 2546 ’

2129 2640 2293 2696 etiam
2321 2637 2555 2702 viventis
2590 2636 2770 2692 adhuc
2807 2635 3051 2706 corporis
3095 2643 3418 2706 argumento
3440 2636 3740 2706 promptis.

2129 2731 2269 2787 sime
2318 2729 2470 2784 vales
2532 2727 2859 2798 approbare.
2921 2727 3164 2783 Partium
3234 2722 3503 2798 siquidem
3563 2727 3736 2801 ipsius
3824 2797 3830 2802 ,

2129 2813 2397 2892 quaedam
2443 2818 2662 2890 quidem
2693 2817 3034 2889 ponderosae
3083 2825 3228 2884 sunt,
3267 2819 3326 2873 et
3371 2818 3424 2874 in
3465 2821 3738 2875 crassitnd

2129 2913 2310 2967 dinem
2337 2911 2622 2974 densetae,
2650 2917 2710 2962 ut
2736 2917 3040 2971 sunto-asa,
3069 2922 3284 2972 carnes,
3309 2911 3462 2964 nervi
3491 2923 3736 2980 quoque,

2133 3019 2196 3059 ac
2223 3017 2422 3068 venae,
2453 3015 2644 3058 omnes
2679 3001 2845 3056 etiam
2876 2999 3156 3065 humores,
3195 3001 3395 3071 quibus
3423 3001 3598 3056 moles
3621 3009 3740 3058 tota“
3773 3047 3782 3054 .

436 3093 512 3150 ita
543 3109 668 3149 cum
695 3093 874 3165 soluto
901 3108 1012 3150 non
1047 3093 1313 3158 solvitur,
1339 3105 1518 3162 neque
1549 3105 1673 3148 cum
1695 3098 2026 3146 renascente
2055 3076 2098 3138 C
2133 3093 2424 3165 irrigatur,
2479 3102 2536 3148 et
2585 3091 2856 3156 nutritur,
2907 3101 2965 3148 et
3011 3086 3354 3158 inbuuntur;
3405 3091 3544 3148 haec
3584 3093 3734 3148 enim

435 3187 756 3250 renascitur,
782 3199 885 3242 nec
894 3185 1015 3259 plus
1038 3191 1253 3258 vegetat
1273 3189 1448 3240 totum
1469 3181 1630 3242 simul
1655 3180 2026 3252 coniunctura,

430 3295 600 3353 quam
630 3280 684 3336 in
709 3287 892 3352 partes
914 3278 1270 3348 disiunctum,
1295 3289 1474 3348 neque
1497 3272 1688 3344 major,
1715 3275 1768 3330 id
1794 3283 1898 3340 est,
1929 3287 2024 3344 ρο-
2055 3353 2066 3360 _

438 3370 639 3427 lentior
665 3371 719 3425 in
749 3377 893 3436 toto,
921 3384 1084 3442 quam
1115 3369 1168 3424 in
1197 3375 1390 3442 parte;
1429 3381 1530 3424 nee
1556 3365 1754 3432 minor,
1785 3365 1889 3421 hoc
1919 3373 2025 3430 est,

437 3463 784 3536 impotentior
818 3463 872 3518 in
905 3469 1061 3533 parte
1102 3455 1268 3532 quam
1315 3460 1370 3516 in
1410 3467 1546 3516 toto.
1593 3456 1744 3519 Haec
1785 3459 2028 3530 ejusdem

435 3570 672 3628 namque
705 3555 984 3628 regiminis
1005 3561 1089 3612 est
1119 3555 1172 3610 in
1198 3553 1430 3610 cunctis.
1459 3551 1576 3626 Ipsa
1607 3553 1773 3609 etiam
1803 3551 2026 3618 solutio,

349 3699 356 3706 .
433 3663 574 3722 quae
595 3663 742 3706 mors
768 3649 1016 3721 corporis
1045 3647 1274 3712 dicitur,
1308 3645 1512 3704 nostris
1543 3645 1793 3702 sensibus
1813 3655 1870 3700 et
1908 3660 2026 3700 ma-

438 3741 608 3798 teriae
633 3741 832 3799 solutio
854 3749 961 3806 est,
985 3755 1092 3796 non
1115 3739 1218 3812 ipsi
1248 3749 1493 3806 naturae,
1516 3755 1660 3813 quae
1689 3737 2029 3818 inseparabi-

436 3834 503 3890 lis
531 3835 690 3893 estin
718 3835 918 3907 seipsa,
941 3833 994 3890 ei
1023 3833 1190 3892 simul
1221 3842 1282 3891 et
1315 3849 1530 3906 semper
1555 3833 1638 3890 est
1656 3875 1672 3898 ,
1705 3848 1806 3890 nec
1833 3833 2030 3904 spatiis

436 3923 678 3985 locorum
711 3937 767 3984 et
799 3936 1100 4000 temporum
1145 3935 1488 3998 segregatum
1539 3923 1713 3981 Homo
1757 3923 2028 3996 siquidem

435 4034 543 4077 non
575 4019 774 4076 desinit
791 4033 913 4075 esse
939 4019 1118 4074 homo.
1146 4016 1321 4074 Homo
1342 4026 1524 4074 autem
1548 4031 1746 4088 corpus
1763 4026 1816 4070 et
1843 4015 2024 4072 anima

435 4119 537 4167 est.
571 4109 630 4166 Si
653 4121 834 4166 autem
861 4121 1074 4182 semper
1104 4107 1540 4178 horno..semper
1565 4106 1726 4178 igitur
1758 4105 1947 4162 anima
1969 4113 2025 4160 et

433 4217 651 4276 corpus.
681 4201 748 4257 Et
769 4201 1018 4272 quamvis
1053 4208 1242 4276 partes
1265 4199 1505 4257 hominis
1533 4213 1566 4253 α
1592 4207 1660 4254 se
1677 4197 1908 4254 invicem
1935 4191 2026 4254 ee-

435 4275 762 4367 greqeiuur;
785 4293 968 4348 anima
998 4275 1386 4348 enim'deserit
1411 4289 1671 4347 usitatum
1707 4297 1830 4360 post
1859 4277 2046 4360 gena-5

437 4383 698 4442 rationem
736 4385 820 4442 sui
864 4383 1112 4456 corporis
1142 4382 1380 4454 regimen
1405 4421 1422 4450 ,
1451 4397 1560 4452 qua
1583 4383 1868 4438 deserente
1895 4397 2024 4437 eor-

435 4495 536 4551 pus
559 4480 1124 4550 solvitur,partesque
1163 4475 1304 4534 illius
1349 4477 1590 4552 propriis
1627 4477 2022 4534 elementorum

434 4571 654 4628 sedibus
677 4571 980 4642 redduntur
1006 4589 1022 4625 :
1055 4569 1289 4627 naturali
1315 4578 1500 4626 tarnon
1529 4571 1741 4628 ratione
1759 4579 1813 4628 et
1839 4579 2022 4642 partes

435 4667 504 4720 ad
527 4673 702 4722 totum
733 4663 926 4722 referri
941 4671 1062 4722 “non
1083 4665 1342 4721 desinunt
1357 4645 1582 4736 semper
1605 4673 1659 4718 et
1683 4663 2022 4736 inseparabi-

437 4758 580 4828 liter,
601 4767 658 4814 et
684 4766 858 4815 totum
891 4757 962 4814 ad
995 4753 1217 4830 partes;
1246 4755 1527 4826 relationis
1567 4757 1832 4826 siquidem
1881 4757 2022 4812 ratio

437 4864 711 4922 nunquam
739 4855 924 4922 potest
954 4849 1155 4921 perire.
1187 4847 1422 4905 Proinde
1447 4847 1590 4920 quod
1613 4837 1876 4918 corpbreo
1899 4863 2018 4903 sen-

435 4941 521 5002 sui
563 4941 780 4998 videtur
829 4940 1136 5012 segregari,
1197 4940 1374 4996 altiori
1427 4955 1608 4994 rerum
1659 4940 2025 5010 speculatione

439 5049 652 5106 semper
693 5033 856 5090 simul
901 5043 958 5090 et
1005 5031 1438 5089 insenarabillter
1479 5031 1772 5090 subsistere
1805 5047 2027 5088 recesse

2053 4443 2103 4503 ι)

2129 3186 2312 3242 omnia
2343 3201 2411 3240 ex
2457 3185 2704 3255 aquatili,
2739 3195 3066 3256 terrenaque
3085 3184 3351 3258 qualitate
3379 3186 3434 3242 in
3463 3187 3732 3242 constitu—

2129 3281 2330 3338 tionem
2386 3277 2633 3351 eorporis
2691 3287 3022 3346 sumuntur;
3069 3277 3337 3350 quaedam
3389 3291 3525 3334 vero
3570 3277 3750 3336 lovis--

2129 3373 2324 3437 simae,
2372 3369 2630 3442 nulloque
2661 3369 2964 3444 gravitatis,
3016 3365 3112 3426 seu
3151 3369 3542 3428 crassitudinis
3589 3385 3732 3441 pon-

2127 3463 2258 3519 dere
2279 3463 2592 3534 impeditae,
2615 3473 2828 3532 quaqua
2850 3475 3089 3526 versum,
3106 3466 3266 3530 prout
3287 3461 3470 3517 anima
3483 3459 3750 3532 jusserit,-

2129 3554 2274 3610 nulla
2320 3565 2476 3610 more
2517 3553 2846 3638 interstante
2889 3551 3176 3608 confestim
3215 3549 3550 3626 perveniunt
3591 3552 3642 3622 ³,
3671 3561 3736 3611 ut
3829 3547 3834 3556 ’

2126 3655 2212 3702 est
2233 3647 2405 3712 visus,
2429 3652 2490 3699 et
2513 3644 2751 3700 auditus.
2795 3645 2940 3713 Quas
2973 3653 3166 3717 partes
3203 3645 3448 3714 corporis
3477 3659 3598 3700 esse
3616 3646 3640 3680 ⁵
3658 3659 3732 3701 ex

2129 3740 2252 3810 igne
2281 3747 2338 3794 et
2365 3750 2492 3794 aere
2524 3736 2805 3800 deductas,
2839 3749 3000 3792 nam
3045 3737 3198 3801 recte
3229 3736 3730 3810 philosophantium

2129 3829 2412 3901 abnegavit
2453 3827 2519 3882 ⁸ο.
2553 3827 2649 3884 Est
2689 3826 2854 3892 enim,
2905 3829 2964 3882 ut
2987 3827 3068 3885 ait
3109 3837 3336 3884 sanctus
3359 3829 3738 3900 Augustinus,

2128 3921 2446 3998 luminorum
2461 3917 2666 3988 aliquid
2685 3919 2742 3972 in
2779 3917 2980 3982 oculis,
3019 3932 3233 3972 aereum
3251 3917 3508 3988 quiddam
3539 3919 3731 3976 mobile

2127 4023 2175 4068 et
2204 4029 2456 4070 sonorum
2489 4011 2542 4067 in
2573 4013 2832 4068 auribua..
2851 4013 3014 4068 Visus
3041 4010 3310 4084 siquidem
3331 4020 3417 4067 est
3443 4012 3533 4068 lux
3562 4027 3732 4082 quae-

2128 4105 2276 4171 dam,
2311 4119 2378 4160 ex
2407 4103 2592 4164 cordis
2621 4105 2742 4176 igne
2771 4105 3006 4172 primum
3047 4117 3304 4174 nascens,
3339 4104 3640 4175 deindeque
3669 4105 3726 4164 in

2128 4198 2498 4254 summitatem
2555 4197 2784 4254 verticis
2830 4200 3156 4276 ascendens,
3203 4198 3258 4254 in
3301 4189 3436 4254 eam
3463 4190 3731 4258 'videlicel

2127 4297 2358 4362 partem,
2376 4304 2516 4362 quae
2531 4303 2558 4344 a
2582 4287 2808 4358 Graecis
2835 4287 3033 4344 dicitur
3052 4293 3234 4366 μήνιγξ
3253 4291 3361 4357 “,a
3375 4291 3586 4348 Latinls
3599 4309 3731 4352 vero

2129 4382 2524 4446 membranula,
2554 4397 2664 4452 qua
2696 4375 2986 4438 cerebrum
3029 4393 3088 4438 et
3121 4381 3363 4438 ambitur
3394 4392 3450 4440 et
3491 4373 3730 4440 obstodi-

2135 4492 2242 4547 tur,
2292 4495 2394 4552 per
2431 4475 2698 4550 quosdau't
2744 4493 2906 4550 peros
2949 4479 3016 4534 ad
3060 4477 3351 4550 supercilia
3383 4478 3727 4551 pupillasque

2131 4574 2410 4630 oculorum
2439 4572 2706 4638 derivata,
2751 4573 2894 4626 unde
2919 4571 3265 4628 velocissimo
3305 4570 3532 4643 impetu,
3571 4571 3725 4629 sola-

2135 4667 2272 4722 rium
2298 4667 2572 4722 radiorum
2598 4666 2790 4730 instar,
2819 4665 2970 4720 foras
2989 4665 3299 4735 prosiliens,
3325 4665 3478 4736 prius
3503 4667 3724 4738 propin-

2089 4837 2092 4840 _
2132 4776 2238 4832 qua
2263 4759 2376 4814 loca
2401 4765 2456 4814 et
2489 4772 2738 4828 corpora,
2764 4767 2858 4812 seu
2883 4757 3196 4828 longissime
3221 4758 3541 4826 constituta,
3573 4765 3726 4817 tanta

2083 4883 2085 4886 ‹
2132 4849 2884 4920 velocitate.attingit,‘quam
2919 4847 3173 4920 palpebra
3201 4846 3480 4905 oculorum
3508 4857 3564 4904 et
3605 4857 3726 4904 tau-

2135 4943 2276 4996 tunis
2304 4953 2328 4982 ι
2361 4939 2669 5011 supercilia.
2705 4939 2934 4996 Auditus
2965 4951 3180 5011 quoque
3220 4949 3304 4995 est
3333 4939 3727 4996 subtilissimus

2133 5035 2351 5104 quidam
2409 5037 2658 5098 tinnitus,
2695 5033 2787 5106 qui
2836 5049 2900 5090 ex
2960 5051 3030 5106 pu
3053 5047 3274 5089 menum
3321 5034 3518 5104 spiritu
3546 5035 3728 5105 primo

1733 5177 1988 5244 VARiAi-J
2025 5176 2424 5238 LECTIGNES.

457 5279 462 5284 ’
513 5296 530 5330 ¹
566 5303 724 5348 nutus
755 5310 862 5350 om.
895 5292 959 5346 Α.
1069 5295 1090 5324 ⁸
1126 5303 1176 5348 σι
1226 5294 1566 5348 iurisibilium
1617 5307 1725 5346 om.
1755 5293 1818 5345 Α.

441 5362 460 5396 ⁷
495 5377 551 5422 ut
597 5383 709 5421 om.
739 5367 800 5420 (Σ.
857 5407 880 5418 -
907 5365 930 5395 ⁸
965 5365 1006 5420 i‘.
1033 5367 1366 5437 proveniunt.
1441 5368 1460 5399 ⁵
1497 5381 1608 5419 esse
1661 5381 1770 5418 out.
1805 5365 1866 5417 tl.

1935 5291 1954 5321 ³
1993 5291 2034 5344 Λ
2067 5291 2281 5346 ilict-um

1945 5363 1986 5393 ¹⁶
2027 5364 2068 5418 C
2088 5364 2387 5432 attingeret.

2395 5291 2416 5322 δ
2457 5295 2494 5343 Α
2538 5289 2792 5360 corporis.
2871 5289 2894 5322 ⁵
2929 5295 2966 5346 Α
3025 5293 3228 5361 primis.

2468 5364 2506 5392 “
2551 5371 2786 5418 MEMHA.

3341 5292 3362 5324 ⁸
3401 5292 3446 5345 Α
3475 5307 3718 5364 corpora.

1965 5505 2215 5562 NOTAE.

517 5633 542 5664 ι
579 5621 837 5676 Tuutoncs
866 5621 902 5672 i.
931 5635 978 5670 ο.
1009 5619 1301 5692 palpebrae,
1335 5620 1428 5690 pili
1459 5619 2002 5692 pcipebraruszoni

446 5692 686 5760 magistri
705 5693 846 5761 gloss
883 5694 934 5744 iu
957 5691 1302 5750 Prudentium
1321 5711 1332 5746 :
1351 5702 1484 5746 setas
1510 5701 1654 5745 tacut
1675 5691 1844 5752 cities,
1867 5691 2004 5758 quod

2111 5633 2208 5739 gr!”
2253 5617 2410 5669 etimit
2463 5625 2704 5670 (uniones
2749 5617 2960 5686 proprie
2991 5634 3256 5676 coruinus.
3291 5617 3372 5675 Ci.
3412 5619 3488 5674 Du
3537 5617 3718 5690 Cange

2133 5719 2152 5739 ι
2180 5701 2351 5739 ussar.
2723 5715 2726 5718 ~

2133 5701 2300 5742 “0533
2310 5705 2351 5740 Γ.
2723 5715 2726 5718 ’
