  <div class='ocr_page' id='page_1' title='image "/cluster/home/n/w/nwhite01/storage/ocr_20150623/122/uva.x000503459/406.png"; bbox 0 0 4260 6082; ppageno 0'>
   <div class='ocr_carea' id='block_1_1' title="bbox 447 277 554 336">
    <p class='ocr_par' dir='ltr' id='par_1_1' title="bbox 447 277 554 336">
     <span class='ocr_line' id='line_1_1' title="bbox 447 277 554 336; baseline 0.028 -3"><span class='ocrx_word' id='word_1_1' title='bbox 447 277 554 336; x_wconf 71' lang='lat'><strong>735</strong></span> 
     </span>
    </p>
   </div>
   <div class='ocr_carea' id='block_1_2' title="bbox 1280 238 2849 373">
    <p class='ocr_par' dir='ltr' id='par_1_2' title="bbox 1280 238 2849 373">
     <span class='ocr_line' id='line_1_2' title="bbox 1280 238 2849 373; baseline 0.001 -36"><span class='ocrx_word' id='word_1_2' title='bbox 1280 281 1366 338; x_wconf 80' lang='lat' dir='ltr'><strong>DE</strong></span> <span class='ocrx_word' id='word_1_3' title='bbox 1411 281 1753 340; x_wconf 69' lang='lat' dir='ltr'><strong>illYlSlONE</strong></span> <span class='ocrx_word' id='word_1_4' title='bbox 1791 282 2142 341; x_wconf 68' lang='lat' dir='ltr'><strong>NATURAE.</strong></span> <span class='ocrx_word' id='word_1_5' title='bbox 2175 314 2239 325; x_wconf 83' lang='lat'><strong>—-</strong></span> <span class='ocrx_word' id='word_1_6' title='bbox 2282 238 2849 373; x_wconf 14' lang='grc' dir='ltr'>ιιιιειιδτειιιςιυε.</span> 
     </span>
    </p>
   </div>
   <div class='ocr_carea' id='block_1_3' title="bbox 3586 279 3701 338">
    <p class='ocr_par' dir='ltr' id='par_1_3' title="bbox 3586 279 3701 338">
     <span class='ocr_line' id='line_1_3' title="bbox 3586 279 3701 338; baseline 0.035 -4"><span class='ocrx_word' id='word_1_7' title='bbox 3586 279 3701 338; x_wconf 67' lang='grc' dir='ltr'><strong>Ἰδὶ</strong></span> 
     </span>
    </p>
   </div>
   <div class='ocr_carea' id='block_1_4' title="bbox 443 382 3787 465">
    <p class='ocr_par' dir='ltr' id='par_1_4' title="bbox 443 382 3787 465">
     <span class='ocr_line' id='line_1_4' title="bbox 443 382 3787 465; baseline -0.001 -14"><span class='ocrx_word' id='word_1_8' title='bbox 443 410 633 451; x_wconf 80' lang='lat' dir='ltr'><strong>manac</strong></span> <span class='ocrx_word' id='word_1_9' title='bbox 668 405 898 452; x_wconf 76' lang='lat' dir='ltr'><strong>naturae</strong></span> <span class='ocrx_word' id='word_1_10' title='bbox 928 396 996 451; x_wconf 83' lang='lat' dir='ltr'><strong>ab</strong></span> <span class='ocrx_word' id='word_1_11' title='bbox 1031 396 1269 465; x_wconf 75' lang='lat' dir='ltr'><strong>angelica</strong></span> <span class='ocrx_word' id='word_1_12' title='bbox 1300 398 1607 454; x_wconf 74' lang='lat' dir='ltr'><strong>substantia</strong></span> <span class='ocrx_word' id='word_1_13' title='bbox 1641 399 1864 453; x_wconf 82' lang='lat' dir='ltr'><strong>relictae</strong></span> <span class='ocrx_word' id='word_1_14' title='bbox 1887 409 2014 454; x_wconf 89' lang='lat' dir='ltr'><strong>sunt</strong></span> <span class='ocrx_word' id='word_1_15' title='bbox 2044 409 2091 464; x_wconf 82' lang='grc' dir='ltr'><strong>Α</strong></span> <span class='ocrx_word' id='word_1_16' title='bbox 2120 399 2279 464; x_wconf 87' lang='lat' dir='ltr'><strong>lium,</strong></span> <span class='ocrx_word' id='word_1_17' title='bbox 2310 414 2465 454; x_wconf 83' lang='lat' dir='ltr'><strong>suam</strong></span> <span class='ocrx_word' id='word_1_18' title='bbox 2500 382 2985 455; x_wconf 84' lang='lat' dir='ltr'><strong>rationabilitatem</strong></span> <span class='ocrx_word' id='word_1_19' title='bbox 3036 408 3145 452; x_wconf 88' lang='lat' dir='ltr'><strong>non</strong></span> <span class='ocrx_word' id='word_1_20' title='bbox 3168 407 3468 461; x_wconf 82' lang='lat' dir='ltr'><strong>oesereus;</strong></span> <span class='ocrx_word' id='word_1_21' title='bbox 3500 391 3699 458; x_wconf 85' lang='lat' dir='ltr'><strong>nutrit,</strong></span> <span class='ocrx_word' id='word_1_22' title='bbox 3775 425 3787 434; x_wconf 94' lang='lat'><strong>-</strong></span> 
     </span>
    </p>
   </div>
   <div class='ocr_carea' id='block_1_5' title="bbox 444 488 2015 558">
    <p class='ocr_par' dir='ltr' id='par_1_5' title="bbox 444 488 2015 558">
     <span class='ocr_line' id='line_1_5' title="bbox 444 488 2015 558; baseline 0.003 -14"><span class='ocrx_word' id='word_1_23' title='bbox 444 491 550 544; x_wconf 83' lang='lat' dir='ltr'><strong>hae</strong></span> <span class='ocrx_word' id='word_1_24' title='bbox 602 488 1056 558; x_wconf 65' lang='lat' dir='ltr'><strong>signiﬁcationes,</strong></span> <span class='ocrx_word' id='word_1_25' title='bbox 1111 490 1295 545; x_wconf 81' lang='lat' dir='ltr'><strong>anima</strong></span> <span class='ocrx_word' id='word_1_26' title='bbox 1337 489 1589 546; x_wconf 67' lang='lat' dir='ltr'><strong>videlicet</strong></span> <span class='ocrx_word' id='word_1_27' title='bbox 1626 493 1931 557; x_wconf 87' lang='lat' dir='ltr'><strong>rationalis,</strong></span> <span class='ocrx_word' id='word_1_28' title='bbox 1958 501 2015 549; x_wconf 88' lang='lat' dir='ltr'><strong>et</strong></span> 
     </span>
    </p>
   </div>
   <div class='ocr_carea' id='block_1_6' title="bbox 440 577 2015 651">
    <p class='ocr_par' dir='ltr' id='par_1_6' title="bbox 440 577 2015 651">
     <span class='ocr_line' id='line_1_6' title="bbox 440 577 2015 651; baseline 0.001 -12"><span class='ocrx_word' id='word_1_29' title='bbox 440 580 619 651; x_wconf 66' lang='lat' dir='ltr'><strong>imago</strong></span> <span class='ocrx_word' id='word_1_30' title='bbox 655 581 767 636; x_wconf 88' lang='lat' dir='ltr'><strong>Dei.</strong></span> <span class='ocrx_word' id='word_1_31' title='bbox 799 577 1192 637; x_wconf 78' lang='lat' dir='ltr'><strong>lrratiOnabilis</strong></span> <span class='ocrx_word' id='word_1_32' title='bbox 1233 591 1415 637; x_wconf 84' lang='lat' dir='ltr'><strong>autem</strong></span> <span class='ocrx_word' id='word_1_33' title='bbox 1470 584 1575 637; x_wconf 87' lang='lat' dir='ltr'><strong>vita</strong></span> <span class='ocrx_word' id='word_1_34' title='bbox 1619 583 1885 641; x_wconf 84' lang='lat' dir='ltr'><strong>dividitur</strong></span> <span class='ocrx_word' id='word_1_35' title='bbox 1910 585 1926 617; x_wconf 82' lang='grc'>¹</span> <span class='ocrx_word' id='word_1_36' title='bbox 1957 586 2015 640; x_wconf 91' lang='lat' dir='ltr'><strong>in</strong></span> 
     </span>
    </p>
   </div>
   <div class='ocr_carea' id='block_1_7' title="bbox 430 657 2015 733">
    <p class='ocr_par' dir='ltr' id='par_1_7' title="bbox 430 657 2015 733">
     <span class='ocr_line' id='line_1_7' title="bbox 430 657 2015 733; baseline -0.005 -14"><span class='ocrx_word' id='word_1_37' title='bbox 430 677 576 727; x_wconf 84' lang='lat' dir='ltr'><strong>eam,</strong></span> <span class='ocrx_word' id='word_1_38' title='bbox 619 676 758 733; x_wconf 86' lang='lat' dir='ltr'><strong>quae</strong></span> <span class='ocrx_word' id='word_1_39' title='bbox 790 674 1007 729; x_wconf 71' lang='lat' dir='ltr'><strong>sensum</strong></span> <span class='ocrx_word' id='word_1_40' title='bbox 1032 658 1342 731; x_wconf 81' lang='lat' dir='ltr'><strong>participat,</strong></span> <span class='ocrx_word' id='word_1_41' title='bbox 1381 657 1543 728; x_wconf 84' lang='lat' dir='ltr'><strong>inque</strong></span> <span class='ocrx_word' id='word_1_42' title='bbox 1588 672 1735 722; x_wconf 88' lang='lat' dir='ltr'><strong>eam,</strong></span> <span class='ocrx_word' id='word_1_43' title='bbox 1781 669 1923 725; x_wconf 88' lang='lat' dir='ltr'><strong>quae</strong></span> <span class='ocrx_word' id='word_1_44' title='bbox 1946 669 2015 711; x_wconf 86' lang='lat' dir='ltr'><strong>eo</strong></span> 
     </span>
    </p>
   </div>
   <div class='ocr_carea' id='block_1_8' title="bbox 433 747 2015 821">
    <p class='ocr_par' dir='ltr' id='par_1_8' title="bbox 433 747 2015 821">
     <span class='ocr_line' id='line_1_8' title="bbox 433 747 2015 821; baseline -0.003 -14"><span class='ocrx_word' id='word_1_45' title='bbox 433 761 604 807; x_wconf 82' lang='lat' dir='ltr'><strong>caret.</strong></span> <span class='ocrx_word' id='word_1_46' title='bbox 636 751 698 807; x_wconf 76' lang='lat' dir='ltr'><strong>Et</strong></span> <span class='ocrx_word' id='word_1_47' title='bbox 726 767 830 806; x_wconf 90' lang='lat' dir='ltr'><strong>una</strong></span> <span class='ocrx_word' id='word_1_48' title='bbox 857 752 950 821; x_wconf 83' lang='lat' dir='ltr'><strong>qui</strong></span> <span class='ocrx_word' id='word_1_49' title='bbox 974 754 1075 804; x_wconf 71' lang='lat' dir='ltr'><strong>ient</strong></span> <span class='ocrx_word' id='word_1_50' title='bbox 1101 750 1356 806; x_wconf 87' lang='lat' dir='ltr'><strong>omnibus</strong></span> <span class='ocrx_word' id='word_1_51' title='bbox 1388 747 1710 804; x_wconf 83' lang='lat' dir='ltr'><strong>animalibus</strong></span> <span class='ocrx_word' id='word_1_52' title='bbox 1747 747 2015 806; x_wconf 70' lang='lat' dir='ltr'><strong>sentiendi</strong></span> 
     </span>
    </p>
   </div>
   <div class='ocr_carea' id='block_1_9' title="bbox 435 837 2017 902">
    <p class='ocr_par' dir='ltr' id='par_1_9' title="bbox 435 837 2017 902">
     <span class='ocr_line' id='line_1_9' title="bbox 435 837 2017 902; baseline -0.001 -7"><span class='ocrx_word' id='word_1_53' title='bbox 435 841 689 896; x_wconf 87' lang='lat' dir='ltr'><strong>virtutem</strong></span> <span class='ocrx_word' id='word_1_54' title='bbox 720 840 1045 896; x_wconf 85' lang='lat' dir='ltr'><strong>habentibus</strong></span> <span class='ocrx_word' id='word_1_55' title='bbox 1070 838 1430 902; x_wconf 84' lang='lat' dir='ltr'><strong>distribuitur,</strong></span> <span class='ocrx_word' id='word_1_56' title='bbox 1477 838 1645 895; x_wconf 86' lang='lat' dir='ltr'><strong>altera</strong></span> <span class='ocrx_word' id='word_1_57' title='bbox 1690 853 1819 894; x_wconf 84' lang='lat' dir='ltr'><strong>vero</strong></span> <span class='ocrx_word' id='word_1_58' title='bbox 1868 837 2017 893; x_wconf 90' lang='lat' dir='ltr'><strong>omni</strong></span> 
     </span>
    </p>
   </div>
   <div class='ocr_carea' id='block_1_10' title="bbox 433 930 2015 1010">
    <p class='ocr_par' dir='ltr' id='par_1_10' title="bbox 433 930 2015 1010">
     <span class='ocr_line' id='line_1_10' title="bbox 433 930 2015 1010; baseline -0.001 -24"><span class='ocrx_word' id='word_1_59' title='bbox 433 948 594 1007; x_wconf 78' lang='lat' dir='ltr'><strong>sensu</strong></span> <span class='ocrx_word' id='word_1_60' title='bbox 626 933 938 1010; x_wconf 84' lang='lat' dir='ltr'><strong>carentibus</strong></span> <span class='ocrx_word' id='word_1_61' title='bbox 983 931 1247 1006; x_wconf 74' lang='lat' dir='ltr'><strong>materiis,</strong></span> <span class='ocrx_word' id='word_1_62' title='bbox 1285 945 1424 1001; x_wconf 84' lang='lat' dir='ltr'><strong>quae</strong></span> <span class='ocrx_word' id='word_1_63' title='bbox 1451 931 1662 1002; x_wconf 81' lang='lat' dir='ltr'><strong>species</strong></span> <span class='ocrx_word' id='word_1_64' title='bbox 1704 931 1846 995; x_wconf 84' lang='lat' dir='ltr'><strong>vitae</strong></span> <span class='ocrx_word' id='word_1_65' title='bbox 1886 930 2015 985; x_wconf 85' lang='lat' dir='ltr'><strong>ber-</strong></span> 
     </span>
    </p>
   </div>
   <div class='ocr_carea' id='block_1_11' title="bbox 435 1019 2017 1096">
    <p class='ocr_par' dir='ltr' id='par_1_11' title="bbox 435 1019 2017 1096">
     <span class='ocr_line' id='line_1_11' title="bbox 435 1019 2017 1096; baseline -0.002 -18"><span class='ocrx_word' id='word_1_66' title='bbox 435 1023 629 1080; x_wconf 85' lang='lat' dir='ltr'><strong>barum</strong></span> <span class='ocrx_word' id='word_1_67' title='bbox 652 1023 1037 1096; x_wconf 74' lang='lat' dir='ltr'><strong>lignorumque</strong></span> <span class='ocrx_word' id='word_1_68' title='bbox 1086 1021 1354 1078; x_wconf 82' lang='lat' dir='ltr'><strong>dominari</strong></span> <span class='ocrx_word' id='word_1_69' title='bbox 1374 1024 1396 1054; x_wconf 82' lang='lat'>&#39;</span> <span class='ocrx_word' id='word_1_70' title='bbox 1422 1020 1751 1093; x_wconf 83' lang='lat' dir='ltr'><strong>perhibetur.</strong></span> <span class='ocrx_word' id='word_1_71' title='bbox 1782 1028 1839 1080; x_wconf 88' lang='lat' dir='ltr'><strong>et</strong></span> <span class='ocrx_word' id='word_1_72' title='bbox 1878 1019 2017 1075; x_wconf 86' lang='lat' dir='ltr'><strong>infra</strong></span> 
     </span>
    </p>
   </div>
   <div class='ocr_carea' id='block_1_12' title="bbox 436 1110 2019 1185">
    <p class='ocr_par' dir='ltr' id='par_1_12' title="bbox 436 1110 2019 1185">
     <span class='ocr_line' id='line_1_12' title="bbox 436 1110 2019 1185; baseline -0.002 -16"><span class='ocrx_word' id='word_1_73' title='bbox 436 1131 599 1185; x_wconf 83' lang='lat' dir='ltr'><strong>quam</strong></span> <span class='ocrx_word' id='word_1_74' title='bbox 638 1114 841 1176; x_wconf 83' lang='lat' dir='ltr'><strong>nullam</strong></span> <span class='ocrx_word' id='word_1_75' title='bbox 878 1113 1112 1184; x_wconf 83' lang='lat' dir='ltr'><strong>speciem</strong></span> <span class='ocrx_word' id='word_1_76' title='bbox 1140 1112 1283 1170; x_wconf 89' lang='lat' dir='ltr'><strong>vitae</strong></span> <span class='ocrx_word' id='word_1_77' title='bbox 1326 1113 1465 1169; x_wconf 82' lang='lat' dir='ltr'><strong>ratio</strong></span> <span class='ocrx_word' id='word_1_78' title='bbox 1510 1110 1736 1179; x_wconf 85' lang='lat' dir='ltr'><strong>invenit.</strong></span> <span class='ocrx_word' id='word_1_79' title='bbox 1786 1111 2019 1167; x_wconf 77' lang='lat' dir='ltr'><strong>Proinde</strong></span> 
     </span>
    </p>
   </div>
   <div class='ocr_carea' id='block_1_13' title="bbox 437 1202 2021 1277">
    <p class='ocr_par' dir='ltr' id='par_1_13' title="bbox 437 1202 2021 1277">
     <span class='ocr_line' id='line_1_13' title="bbox 437 1202 2021 1277; baseline -0.004 -13"><span class='ocrx_word' id='word_1_80' title='bbox 437 1217 652 1264; x_wconf 76' lang='lat' dir='ltr'><strong>creatae</strong></span> <span class='ocrx_word' id='word_1_81' title='bbox 682 1206 824 1263; x_wconf 87' lang='lat' dir='ltr'><strong>vitae</strong></span> <span class='ocrx_word' id='word_1_82' title='bbox 851 1216 1110 1277; x_wconf 75' lang='lat' dir='ltr'><strong>quattuor</strong></span> <span class='ocrx_word' id='word_1_83' title='bbox 1141 1202 1475 1261; x_wconf 72' lang='lat' dir='ltr'><strong>ditisrentiae</strong></span> <span class='ocrx_word' id='word_1_84' title='bbox 1515 1203 1569 1256; x_wconf 90' lang='lat' dir='ltr'><strong>in</strong></span> <span class='ocrx_word' id='word_1_85' title='bbox 1604 1210 1859 1272; x_wconf 78' lang='lat' dir='ltr'><strong>quattuor</strong></span> <span class='ocrx_word' id='word_1_86' title='bbox 1897 1217 2021 1274; x_wconf 87' lang='lat' dir='ltr'><strong>spe-</strong></span> 
     </span>
    </p>
   </div>
   <div class='ocr_carea' id='block_1_14' title="bbox 361 1291 2000 1369">
    <p class='ocr_par' dir='ltr' id='par_1_14' title="bbox 361 1291 2000 1369">
     <span class='ocr_line' id='line_1_14' title="bbox 361 1291 2000 1369; baseline -0.008 -11"><span class='ocrx_word' id='word_1_87' title='bbox 361 1299 401 1308; x_wconf 73' lang='grc'><strong>’“</strong></span> <span class='ocrx_word' id='word_1_88' title='bbox 438 1298 623 1357; x_wconf 70' lang='lat' dir='ltr'><strong>diebus</strong></span> <span class='ocrx_word' id='word_1_89' title='bbox 665 1296 1035 1369; x_wconf 60' lang='lat' dir='ltr'><strong>colliguntur:</strong></span> <span class='ocrx_word' id='word_1_90' title='bbox 1084 1293 1464 1352; x_wconf 79' lang='lat' dir='ltr'><strong>intellectualis</strong></span> <span class='ocrx_word' id='word_1_91' title='bbox 1509 1294 1561 1347; x_wconf 90' lang='lat' dir='ltr'><strong>in</strong></span> <span class='ocrx_word' id='word_1_92' title='bbox 1598 1291 1821 1364; x_wconf 77' lang='lat' dir='ltr'><strong>angelis.</strong></span> <span class='ocrx_word' id='word_1_93' title='bbox 1859 1291 2000 1347; x_wconf 81' lang='lat' dir='ltr'><strong>ratio</strong></span> 
     </span>
    </p>
   </div>
   <div class='ocr_carea' id='block_1_15' title="bbox 439 1380 2021 1461">
    <p class='ocr_par' dir='ltr' id='par_1_15' title="bbox 439 1380 2021 1461">
     <span class='ocr_line' id='line_1_15' title="bbox 439 1380 2021 1461; baseline -0.007 -13"><span class='ocrx_word' id='word_1_94' title='bbox 439 1390 581 1448; x_wconf 86' lang='lat' dir='ltr'><strong>nalis</strong></span> <span class='ocrx_word' id='word_1_95' title='bbox 597 1388 621 1422; x_wconf 80' lang='grc'><em>³</em></span> <span class='ocrx_word' id='word_1_96' title='bbox 643 1391 698 1444; x_wconf 89' lang='lat' dir='ltr'><strong>in</strong></span> <span class='ocrx_word' id='word_1_97' title='bbox 723 1386 1051 1453; x_wconf 78' lang='lat' dir='ltr'><strong>hominibus,</strong></span> <span class='ocrx_word' id='word_1_98' title='bbox 1073 1384 1337 1443; x_wconf 83' lang='lat' dir='ltr'><strong>sensnalis</strong></span> <span class='ocrx_word' id='word_1_99' title='bbox 1360 1383 1430 1461; x_wconf 22' lang='lat' dir='ltr'><strong>in.</strong></span> <span class='ocrx_word' id='word_1_100' title='bbox 1457 1382 1665 1443; x_wconf 72' lang='lat' dir='ltr'><strong>bestiis,</strong></span> <span class='ocrx_word' id='word_1_101' title='bbox 1692 1380 2021 1437; x_wconf 83' lang='lat' dir='ltr'><strong>insensualis</strong></span> 
     </span>
    </p>
   </div>
   <div class='ocr_carea' id='block_1_16' title="bbox 370 1461 2019 1549">
    <p class='ocr_par' dir='ltr' id='par_1_16' title="bbox 370 1461 2019 1549">
     <span class='ocr_line' id='line_1_16' title="bbox 370 1461 2019 1549; baseline -0.006 -13"><span class='ocrx_word' id='word_1_102' title='bbox 370 1461 375 1467; x_wconf 52' lang='grc'><em>’</em></span> <span class='ocrx_word' id='word_1_103' title='bbox 440 1480 495 1536; x_wconf 83' lang='grc' dir='ltr'><strong>ἰιι</strong></span> <span class='ocrx_word' id='word_1_104' title='bbox 525 1479 861 1549; x_wconf 73' lang='lat' dir='ltr'><strong>get-minibus</strong></span> <span class='ocrx_word' id='word_1_105' title='bbox 892 1477 1201 1549; x_wconf 77' lang='lat' dir='ltr'><strong>ceterisque</strong></span> <span class='ocrx_word' id='word_1_106' title='bbox 1229 1475 1567 1544; x_wconf 79' lang='lat' dir='ltr'><strong>corporibus,</strong></span> <span class='ocrx_word' id='word_1_107' title='bbox 1595 1473 1649 1527; x_wconf 89' lang='lat' dir='ltr'><strong>in</strong></span> <span class='ocrx_word' id='word_1_108' title='bbox 1680 1473 1875 1543; x_wconf 79' lang='lat' dir='ltr'><strong>quibus</strong></span> <span class='ocrx_word' id='word_1_109' title='bbox 1904 1470 2019 1528; x_wconf 81' lang='lat' dir='ltr'><strong>sola</strong></span> 
     </span>
    </p>
   </div>
   <div class='ocr_carea' id='block_1_17' title="bbox 439 1564 2021 1644">
    <p class='ocr_par' dir='ltr' id='par_1_17' title="bbox 439 1564 2021 1644">
     <span class='ocr_line' id='line_1_17' title="bbox 439 1564 2021 1644; baseline -0.006 -17"><span class='ocrx_word' id='word_1_110' title='bbox 439 1571 648 1644; x_wconf 79' lang='lat' dir='ltr'><strong>species</strong></span> <span class='ocrx_word' id='word_1_111' title='bbox 685 1568 975 1640; x_wconf 73' lang='lat' dir='ltr'><strong>vestigium</strong></span> <span class='ocrx_word' id='word_1_112' title='bbox 1003 1567 1147 1624; x_wconf 82' lang='lat' dir='ltr'><strong>vitae</strong></span> <span class='ocrx_word' id='word_1_113' title='bbox 1180 1564 1510 1629; x_wconf 81' lang='lat' dir='ltr'><strong>manifestat,</strong></span> <span class='ocrx_word' id='word_1_114' title='bbox 1531 1572 1591 1617; x_wconf 91' lang='lat' dir='ltr'><strong>ut</strong></span> <span class='ocrx_word' id='word_1_115' title='bbox 1614 1572 1739 1618; x_wconf 85' lang='lat' dir='ltr'><strong>sunt</strong></span> <span class='ocrx_word' id='word_1_116' title='bbox 1765 1572 2021 1633; x_wconf 79' lang='lat' dir='ltr'><strong>quattuor</strong></span> 
     </span>
    </p>
   </div>
   <div class='ocr_carea' id='block_1_18' title="bbox 441 1643 2021 1726">
    <p class='ocr_par' dir='ltr' id='par_1_18' title="bbox 441 1643 2021 1726">
     <span class='ocr_line' id='line_1_18' title="bbox 441 1643 2021 1726; baseline -0.007 -8"><span class='ocrx_word' id='word_1_117' title='bbox 441 1643 625 1718; x_wconf 77' lang='lat' dir='ltr'><strong>mundi</strong></span> <span class='ocrx_word' id='word_1_118' title='bbox 670 1643 958 1726; x_wconf 84' lang='lat' dir='ltr'><strong>elementa,</strong></span> <span class='ocrx_word' id='word_1_119' title='bbox 1001 1659 1117 1714; x_wconf 89' lang='lat' dir='ltr'><strong>sive</strong></span> <span class='ocrx_word' id='word_1_120' title='bbox 1171 1654 1443 1725; x_wconf 85' lang='lat' dir='ltr'><strong>simplicia</strong></span> <span class='ocrx_word' id='word_1_121' title='bbox 1496 1654 1607 1709; x_wconf 89' lang='lat' dir='ltr'><strong>sint</strong></span> <span class='ocrx_word' id='word_1_122' title='bbox 1644 1667 1739 1724; x_wconf 86' lang='lat' dir='ltr'><strong>per</strong></span> <span class='ocrx_word' id='word_1_123' title='bbox 1782 1668 1861 1720; x_wconf 83' lang='lat' dir='ltr'><strong>se,</strong></span> <span class='ocrx_word' id='word_1_124' title='bbox 1905 1654 2021 1709; x_wconf 83' lang='lat' dir='ltr'><strong>sive</strong></span> 
     </span>
    </p>
   </div>
   <div class='ocr_carea' id='block_1_19' title="bbox 2122 482 3702 563">
    <p class='ocr_par' dir='ltr' id='par_1_19' title="bbox 2122 482 3702 563">
     <span class='ocr_line' id='line_1_19' title="bbox 2122 482 3702 563; baseline -0.008 -15"><span class='ocrx_word' id='word_1_125' title='bbox 2122 501 2176 548; x_wconf 89' lang='lat' dir='ltr'><strong>et</strong></span> <span class='ocrx_word' id='word_1_126' title='bbox 2207 500 2371 563; x_wconf 71' lang='lat' dir='ltr'><strong>auget</strong></span> <span class='ocrx_word' id='word_1_127' title='bbox 2395 491 2417 523; x_wconf 83' lang='grc'>⁸</span> <span class='ocrx_word' id='word_1_128' title='bbox 2460 504 2665 561; x_wconf 86' lang='lat' dir='ltr'><strong>corpus</strong></span> <span class='ocrx_word' id='word_1_129' title='bbox 2710 482 2894 555; x_wconf 87' lang='lat' dir='ltr'><strong>suum,</strong></span> <span class='ocrx_word' id='word_1_130' title='bbox 2924 499 2984 543; x_wconf 91' lang='lat' dir='ltr'><strong>ut</strong></span> <span class='ocrx_word' id='word_1_131' title='bbox 3010 486 3122 549; x_wconf 85' lang='lat' dir='ltr'><strong>illa.</strong></span> <span class='ocrx_word' id='word_1_132' title='bbox 3168 502 3310 559; x_wconf 79' lang='lat' dir='ltr'><strong>quae</strong></span> <span class='ocrx_word' id='word_1_133' title='bbox 3332 499 3501 542; x_wconf 85' lang='lat' dir='ltr'><strong>sensu</strong></span> <span class='ocrx_word' id='word_1_134' title='bbox 3524 493 3702 549; x_wconf 83' lang='lat' dir='ltr'><strong>caret,</strong></span> 
     </span>
    </p>
   </div>
   <div class='ocr_carea' id='block_1_20' title="bbox 2102 576 3703 656">
    <p class='ocr_par' dir='ltr' id='par_1_20' title="bbox 2102 576 3703 656">
     <span class='ocr_line' id='line_1_20' title="bbox 2102 576 3703 656; baseline -0.007 -15"><span class='ocrx_word' id='word_1_135' title='bbox 2102 582 2435 656; x_wconf 42' lang='lat' dir='ltr'><strong>’berbasque</strong></span> <span class='ocrx_word' id='word_1_136' title='bbox 2458 599 2524 639; x_wconf 82' lang='lat' dir='ltr'><strong>ac</strong></span> <span class='ocrx_word' id='word_1_137' title='bbox 2552 583 2692 653; x_wconf 76' lang='lat' dir='ltr'><strong>ligna</strong></span> <span class='ocrx_word' id='word_1_138' title='bbox 2722 589 3009 653; x_wconf 76' lang='lat' dir='ltr'><strong>penetrat;</strong></span> <span class='ocrx_word' id='word_1_139' title='bbox 3041 578 3315 648; x_wconf 84' lang='lat' dir='ltr'><strong>ubiquein</strong></span> <span class='ocrx_word' id='word_1_140' title='bbox 3340 576 3703 656; x_wconf 12' lang='lat' dir='ltr'><strong>seipsaimta,</strong></span> 
     </span>
    </p>
   </div>
   <div class='ocr_carea' id='block_1_21' title="bbox 2114 654 3704 723">
    <p class='ocr_par' dir='ltr' id='par_1_21' title="bbox 2114 654 3704 723">
     <span class='ocr_line' id='line_1_21' title="bbox 2114 654 3704 723; baseline 0 -11"><span class='ocrx_word' id='word_1_141' title='bbox 2114 665 2170 712; x_wconf 88' lang='lat' dir='ltr'><strong>et</strong></span> <span class='ocrx_word' id='word_1_142' title='bbox 2214 658 2269 710; x_wconf 88' lang='lat' dir='ltr'><strong>in</strong></span> <span class='ocrx_word' id='word_1_143' title='bbox 2307 654 2558 712; x_wconf 77' lang='lat' dir='ltr'><strong>omnibus</strong></span> <span class='ocrx_word' id='word_1_144' title='bbox 2584 662 2731 723; x_wconf 85' lang='lat' dir='ltr'><strong>tota,</strong></span> <span class='ocrx_word' id='word_1_145' title='bbox 2777 662 2932 710; x_wconf 84' lang='lat' dir='ltr'><strong>totos‘</strong></span> <span class='ocrx_word' id='word_1_146' title='bbox 2950 669 3143 710; x_wconf 86' lang='lat' dir='ltr'><strong>sensus</strong></span> <span class='ocrx_word' id='word_1_147' title='bbox 3187 669 3317 712; x_wconf 89' lang='lat' dir='ltr'><strong>suos</strong></span> <span class='ocrx_word' id='word_1_148' title='bbox 3348 654 3603 712; x_wconf 85' lang='lat' dir='ltr'><strong>custodit.</strong></span> <span class='ocrx_word' id='word_1_149' title='bbox 3640 654 3704 712; x_wconf 83' lang='lat' dir='ltr'><strong>in</strong></span> 
     </span>
    </p>
   </div>
   <div class='ocr_carea' id='block_1_22' title="bbox 2115 744 3713 819">
    <p class='ocr_par' dir='ltr' id='par_1_22' title="bbox 2115 744 3713 819">
     <span class='ocr_line' id='line_1_22' title="bbox 2115 744 3713 819; baseline 0.003 -20"><span class='ocrx_word' id='word_1_150' title='bbox 2115 744 2330 801; x_wconf 90' lang='lat' dir='ltr'><strong>ossibus</strong></span> <span class='ocrx_word' id='word_1_151' title='bbox 2357 758 2511 816; x_wconf 79' lang='lat' dir='ltr'><strong>ergo,</strong></span> <span class='ocrx_word' id='word_1_152' title='bbox 2538 755 2591 801; x_wconf 88' lang='lat' dir='ltr'><strong>et</strong></span> <span class='ocrx_word' id='word_1_153' title='bbox 2631 744 2916 817; x_wconf 78' lang='lat' dir='ltr'><strong>unguibus,</strong></span> <span class='ocrx_word' id='word_1_154' title='bbox 2949 754 3007 800; x_wconf 88' lang='lat' dir='ltr'><strong>et</strong></span> <span class='ocrx_word' id='word_1_155' title='bbox 3033 744 3241 819; x_wconf 85' lang='lat' dir='ltr'><strong>capillis</strong></span> <span class='ocrx_word' id='word_1_156' title='bbox 3267 744 3713 817; x_wconf 38' lang='lat' dir='ltr'><strong>vim&#39;gertninali&#39;s</strong></span> 
     </span>
    </p>
   </div>
   <div class='ocr_carea' id='block_1_23' title="bbox 2117 820 3712 908">
    <p class='ocr_par' dir='ltr' id='par_1_23' title="bbox 2117 820 3712 908">
     <span class='ocr_line' id='line_1_23' title="bbox 2117 820 3712 908; baseline 0.006 -21"><span class='ocrx_word' id='word_1_157' title='bbox 2117 835 2265 891; x_wconf 82' lang='lat' dir='ltr'><strong>vitae</strong></span> <span class='ocrx_word' id='word_1_158' title='bbox 2292 835 2501 905; x_wconf 89' lang='lat' dir='ltr'><strong>aperit;</strong></span> <span class='ocrx_word' id='word_1_159' title='bbox 2543 851 2683 905; x_wconf 83' lang='lat' dir='ltr'><strong>quae</strong></span> <span class='ocrx_word' id='word_1_160' title='bbox 2717 845 2898 907; x_wconf 89' lang='lat' dir='ltr'><strong>partes</strong></span> <span class='ocrx_word' id='word_1_161' title='bbox 2939 834 3107 892; x_wconf 78' lang='lat' dir='ltr'><strong>nostri</strong></span> <span class='ocrx_word' id='word_1_162' title='bbox 3147 820 3425 908; x_wconf 76' lang='lat' dir='ltr'><strong>corporis,</strong></span> <span class='ocrx_word' id='word_1_163' title='bbox 3452 835 3712 906; x_wconf 74' lang='lat' dir='ltr'><strong>quoniam</strong></span> 
     </span>
    </p>
   </div>
   <div class='ocr_carea' id='block_1_24' title="bbox 2116 918 3712 1001">
    <p class='ocr_par' dir='ltr' id='par_1_24' title="bbox 2116 918 3712 1001">
     <span class='ocr_line' id='line_1_24' title="bbox 2116 918 3712 1001; baseline 0.001 -18"><span class='ocrx_word' id='word_1_164' title='bbox 2116 930 2230 984; x_wconf 89' lang='lat' dir='ltr'><strong>aeri</strong></span> <span class='ocrx_word' id='word_1_165' title='bbox 2257 927 2473 1001; x_wconf 83' lang='lat' dir='ltr'><strong>perviae</strong></span> <span class='ocrx_word' id='word_1_166' title='bbox 2496 942 2601 984; x_wconf 86' lang='lat' dir='ltr'><strong>non</strong></span> <span class='ocrx_word' id='word_1_167' title='bbox 2634 935 2780 991; x_wconf 88' lang='lat' dir='ltr'><strong>sunt,</strong></span> <span class='ocrx_word' id='word_1_168' title='bbox 2806 926 3009 984; x_wconf 89' lang='lat' dir='ltr'><strong>nullum</strong></span> <span class='ocrx_word' id='word_1_169' title='bbox 3025 942 3243 985; x_wconf 83' lang='lat' dir='ltr'><strong>sensum</strong></span> <span class='ocrx_word' id='word_1_170' title='bbox 3272 918 3621 998; x_wconf 56' lang='lat' dir='ltr'><strong>participant;</strong></span> <span class='ocrx_word' id='word_1_171' title='bbox 3646 924 3712 984; x_wconf 87' lang='lat' dir='ltr'><strong>In</strong></span> 
     </span>
    </p>
   </div>
   <div class='ocr_carea' id='block_1_25' title="bbox 2114 1012 3713 1089">
    <p class='ocr_par' dir='ltr' id='par_1_25' title="bbox 2114 1012 3713 1089">
     <span class='ocr_line' id='line_1_25' title="bbox 2114 1012 3713 1089; baseline 0.005 -22"><span class='ocrx_word' id='word_1_172' title='bbox 2114 1013 2553 1089; x_wconf 74' lang='lat' dir='ltr'><strong>quinquepertit&#39;o</strong></span> <span class='ocrx_word' id='word_1_173' title='bbox 2603 1031 2860 1072; x_wconf 81' lang='lat' dir='ltr'><strong>sensuum</strong></span> <span class='ocrx_word' id='word_1_174' title='bbox 2929 1012 3299 1077; x_wconf 77' lang='lat' dir='ltr'><strong>instrumento</strong></span> <span class='ocrx_word' id='word_1_175' title='bbox 3351 1017 3713 1076; x_wconf 80' lang='lat' dir='ltr'><strong>irrationabili</strong></span> 
     </span>
    </p>
   </div>
   <div class='ocr_carea' id='block_1_26' title="bbox 2118 1106 3708 1181">
    <p class='ocr_par' dir='ltr' id='par_1_26' title="bbox 2118 1106 3708 1181">
     <span class='ocr_line' id='line_1_26' title="bbox 2118 1106 3708 1181; baseline 0.002 -17"><span class='ocrx_word' id='word_1_176' title='bbox 2118 1110 2260 1167; x_wconf 81' lang='lat' dir='ltr'><strong>vitae</strong></span> <span class='ocrx_word' id='word_1_177' title='bbox 2297 1107 2694 1173; x_wconf 71' lang='lat' dir='ltr'><strong>communicat,</strong></span> <span class='ocrx_word' id='word_1_178' title='bbox 2725 1124 2864 1181; x_wconf 83' lang='lat' dir='ltr'><strong>quae</strong></span> <span class='ocrx_word' id='word_1_179' title='bbox 2905 1106 3224 1165; x_wconf 85' lang='lat' dir='ltr'><strong>animalium</strong></span> <span class='ocrx_word' id='word_1_180' title='bbox 3260 1110 3472 1167; x_wconf 86' lang='lat' dir='ltr'><strong>ratione</strong></span> <span class='ocrx_word' id='word_1_181' title='bbox 3512 1123 3708 1168; x_wconf 80' lang='lat' dir='ltr'><strong>careo-</strong></span> 
     </span>
    </p>
   </div>
   <div class='ocr_carea' id='block_1_27' title="bbox 2118 1191 3706 1272">
    <p class='ocr_par' dir='ltr' id='par_1_27' title="bbox 2118 1191 3706 1272">
     <span class='ocr_line' id='line_1_27' title="bbox 2118 1191 3706 1272; baseline 0.001 -15"><span class='ocrx_word' id='word_1_182' title='bbox 2118 1204 2249 1257; x_wconf 82' lang='lat' dir='ltr'><strong>tium</strong></span> <span class='ocrx_word' id='word_1_183' title='bbox 2280 1191 2499 1272; x_wconf 78' lang='lat' dir='ltr'><strong>propria</strong></span> <span class='ocrx_word' id='word_1_184' title='bbox 2527 1192 2881 1258; x_wconf 40' lang='lat' dir='ltr'><strong>subsistitsin</strong></span> <span class='ocrx_word' id='word_1_185' title='bbox 2915 1200 2999 1256; x_wconf 88' lang='lat' dir='ltr'><strong>bis</strong></span> <span class='ocrx_word' id='word_1_186' title='bbox 3021 1197 3274 1257; x_wconf 87' lang='lat' dir='ltr'><strong>omnibus</strong></span> <span class='ocrx_word' id='word_1_187' title='bbox 3303 1215 3402 1271; x_wconf 86' lang='lat' dir='ltr'><strong>per</strong></span> <span class='ocrx_word' id='word_1_188' title='bbox 3440 1215 3501 1257; x_wconf 86' lang='lat' dir='ltr'><strong>se</strong></span> <span class='ocrx_word' id='word_1_189' title='bbox 3532 1200 3706 1271; x_wconf 80' lang='lat' dir='ltr'><strong>ipsam</strong></span> 
     </span>
    </p>
   </div>
   <div class='ocr_carea' id='block_1_28' title="bbox 2115 1290 3710 1364">
    <p class='ocr_par' dir='ltr' id='par_1_28' title="bbox 2115 1290 3710 1364">
     <span class='ocr_line' id='line_1_28' title="bbox 2115 1290 3710 1364; baseline 0.002 -18"><span class='ocrx_word' id='word_1_190' title='bbox 2115 1292 2367 1364; x_wconf 75' lang='lat' dir='ltr'><strong>quamvis</strong></span> <span class='ocrx_word' id='word_1_191' title='bbox 2391 1306 2558 1363; x_wconf 81' lang='lat' dir='ltr'><strong>saepe</strong></span> <span class='ocrx_word' id='word_1_192' title='bbox 2581 1290 3030 1349; x_wconf 78' lang='lat' dir='ltr'><strong>irrationabiliter</strong></span> <span class='ocrx_word' id='word_1_193' title='bbox 3046 1300 3349 1356; x_wconf 85' lang='lat' dir='ltr'><strong>moveatur,</strong></span> <span class='ocrx_word' id='word_1_194' title='bbox 3380 1294 3588 1351; x_wconf 81' lang='lat' dir='ltr'><strong>ratione</strong></span> <span class='ocrx_word' id='word_1_195' title='bbox 3607 1307 3710 1349; x_wconf 79' lang='lat' dir='ltr'><strong>sua</strong></span> 
     </span>
    </p>
   </div>
   <div class='ocr_carea' id='block_1_29' title="bbox 2117 1372 3715 1455">
    <p class='ocr_par' dir='ltr' id='par_1_29' title="bbox 2117 1372 3715 1455">
     <span class='ocr_line' id='line_1_29' title="bbox 2117 1372 3715 1455; baseline 0.001 -19"><span class='ocrx_word' id='word_1_196' title='bbox 2117 1398 2309 1438; x_wconf 63' lang='lat' dir='ltr'><strong>carere</strong></span> <span class='ocrx_word' id='word_1_197' title='bbox 2345 1391 2543 1439; x_wconf 80' lang='lat' dir='ltr'><strong>natura</strong></span> <span class='ocrx_word' id='word_1_198' title='bbox 2586 1397 2693 1439; x_wconf 89' lang='lat' dir='ltr'><strong>non</strong></span> <span class='ocrx_word' id='word_1_199' title='bbox 2731 1381 2880 1438; x_wconf 86' lang='lat' dir='ltr'><strong>sinit.</strong></span> <span class='ocrx_word' id='word_1_200' title='bbox 2910 1379 3083 1439; x_wconf 86' lang='lat' dir='ltr'><strong>Omne</strong></span> <span class='ocrx_word' id='word_1_201' title='bbox 3122 1390 3335 1449; x_wconf 87' lang='lat' dir='ltr'><strong>autem,</strong></span> <span class='ocrx_word' id='word_1_202' title='bbox 3365 1372 3509 1455; x_wconf 76' lang='lat' dir='ltr'><strong>quod</strong></span> <span class='ocrx_word' id='word_1_203' title='bbox 3532 1388 3715 1454; x_wconf 79' lang='lat' dir='ltr'><strong>potest</strong></span> 
     </span>
    </p>
   </div>
   <div class='ocr_carea' id='block_1_30' title="bbox 2117 1470 3715 1544">
    <p class='ocr_par' dir='ltr' id='par_1_30' title="bbox 2117 1470 3715 1544">
     <span class='ocr_line' id='line_1_30' title="bbox 2117 1470 3715 1544; baseline 0.003 -18"><span class='ocrx_word' id='word_1_204' title='bbox 2117 1481 2335 1544; x_wconf 73' lang='lat' dir='ltr'><strong>praeter</strong></span> <span class='ocrx_word' id='word_1_205' title='bbox 2375 1473 2476 1527; x_wconf 84' lang='lat' dir='ltr'><strong>has</strong></span> <span class='ocrx_word' id='word_1_206' title='bbox 2518 1471 2825 1542; x_wconf 84' lang='lat' dir='ltr'><strong>praedictas</strong></span> <span class='ocrx_word' id='word_1_207' title='bbox 2856 1472 3132 1538; x_wconf 77' lang='lat' dir='ltr'><strong>virtutes,</strong></span> <span class='ocrx_word' id='word_1_208' title='bbox 3164 1470 3470 1535; x_wconf 70' lang='lat' dir='ltr'><strong>viviﬁcandi</strong></span> <span class='ocrx_word' id='word_1_209' title='bbox 3505 1472 3715 1542; x_wconf 78' lang='lat' dir='ltr'><strong>scilicet</strong></span> 
     </span>
    </p>
   </div>
   <div class='ocr_carea' id='block_1_31' title="bbox 2121 1563 3715 1640">
    <p class='ocr_par' dir='ltr' id='par_1_31' title="bbox 2121 1563 3715 1640">
     <span class='ocr_line' id='line_1_31' title="bbox 2121 1563 3715 1640; baseline 0.002 -20"><span class='ocrx_word' id='word_1_210' title='bbox 2121 1565 2503 1636; x_wconf 75' lang='lat' dir='ltr'><strong>nutrientlique</strong></span> <span class='ocrx_word' id='word_1_211' title='bbox 2555 1580 2621 1621; x_wconf 85' lang='lat' dir='ltr'><strong>ac</strong></span> <span class='ocrx_word' id='word_1_212' title='bbox 2666 1564 2932 1621; x_wconf 83' lang='lat' dir='ltr'><strong>sentiendi</strong></span> <span class='ocrx_word' id='word_1_213' title='bbox 2976 1574 3076 1637; x_wconf 87' lang='lat' dir='ltr'><strong>per</strong></span> <span class='ocrx_word' id='word_1_214' title='bbox 3123 1577 3351 1632; x_wconf 85' lang='lat' dir='ltr'><strong>sensus,</strong></span> <span class='ocrx_word' id='word_1_215' title='bbox 3399 1563 3515 1622; x_wconf 79' lang='lat' dir='ltr'><strong>sive</strong></span> <span class='ocrx_word' id='word_1_216' title='bbox 3554 1574 3715 1640; x_wconf 65' lang='lat' dir='ltr'><strong>agat,</strong></span> 
     </span>
    </p>
   </div>
   <div class='ocr_carea' id='block_1_32' title="bbox 2119 1642 3746 1730">
    <p class='ocr_par' dir='ltr' id='par_1_32' title="bbox 2119 1642 3746 1730">
     <span class='ocr_line' id='line_1_32' title="bbox 2119 1642 3746 1730; baseline -0.002 -19"><span class='ocrx_word' id='word_1_217' title='bbox 2119 1654 2237 1711; x_wconf 82' lang='lat' dir='ltr'><strong>sive</strong></span> <span class='ocrx_word' id='word_1_218' title='bbox 2264 1654 2518 1726; x_wconf 86' lang='lat' dir='ltr'><strong>patiatur,</strong></span> <span class='ocrx_word' id='word_1_219' title='bbox 2544 1664 2702 1711; x_wconf 71' lang='lat' dir='ltr'><strong>extra</strong></span> <span class='ocrx_word' id='word_1_220' title='bbox 2728 1669 2927 1727; x_wconf 85' lang='lat' dir='ltr'><strong>corpus</strong></span> <span class='ocrx_word' id='word_1_221' title='bbox 2946 1669 3101 1710; x_wconf 88' lang='lat' dir='ltr'><strong>suum</strong></span> <span class='ocrx_word' id='word_1_222' title='bbox 3132 1642 3294 1730; x_wconf 67' lang='lat' dir='ltr'><strong>agere</strong></span> <span class='ocrx_word' id='word_1_223' title='bbox 3316 1654 3401 1713; x_wconf 83' lang='lat' dir='ltr'><strong>vel</strong></span> <span class='ocrx_word' id='word_1_224' title='bbox 3426 1657 3536 1729; x_wconf 83' lang='lat' dir='ltr'><strong>pati</strong></span> <span class='ocrx_word' id='word_1_225' title='bbox 3563 1657 3746 1714; x_wconf 73' lang='lat' dir='ltr'><strong>recta.</strong></span> 
     </span>
    </p>
   </div>
   <div class='ocr_carea' id='block_1_33' title="bbox 440 1740 3716 1823">
    <p class='ocr_par' dir='ltr' id='par_1_33' title="bbox 440 1740 3716 1823">
     <span class='ocr_line' id='line_1_33' title="bbox 440 1740 3716 1823; baseline -0.001 -16"><span class='ocrx_word' id='word_1_226' title='bbox 440 1751 737 1822; x_wconf 83' lang='lat' dir='ltr'><strong>composita</strong></span> <span class='ocrx_word' id='word_1_227' title='bbox 768 1766 785 1805; x_wconf 93' lang='lat'><strong>:</strong></span> <span class='ocrx_word' id='word_1_228' title='bbox 816 1760 1015 1813; x_wconf 81' lang='lat' dir='ltr'><strong>terram</strong></span> <span class='ocrx_word' id='word_1_229' title='bbox 1052 1747 1193 1812; x_wconf 86' lang='lat' dir='ltr'><strong>dico,</strong></span> <span class='ocrx_word' id='word_1_230' title='bbox 1222 1760 1441 1817; x_wconf 83' lang='lat' dir='ltr'><strong>aquam,</strong></span> <span class='ocrx_word' id='word_1_231' title='bbox 1470 1755 1524 1799; x_wconf 87' lang='lat' dir='ltr'><strong>et</strong></span> <span class='ocrx_word' id='word_1_232' title='bbox 1553 1743 1575 1775; x_wconf 67' lang='grc' dir='ltr'><strong>ι</strong></span> <span class='ocrx_word' id='word_1_233' title='bbox 1603 1760 1752 1811; x_wconf 87' lang='lat' dir='ltr'><strong>acra,</strong></span> <span class='ocrx_word' id='word_1_234' title='bbox 1779 1745 2021 1799; x_wconf 81' lang='lat' dir='ltr'><strong>aethera-</strong></span> <span class='ocrx_word' id='word_1_235' title='bbox 2052 1740 2096 1800; x_wconf 86' lang='grc' dir='ltr'><strong><em>Β</em></strong></span> <span class='ocrx_word' id='word_1_236' title='bbox 2128 1746 2339 1804; x_wconf 87' lang='lat' dir='ltr'><strong>ratione</strong></span> <span class='ocrx_word' id='word_1_237' title='bbox 2356 1746 2720 1818; x_wconf 65' lang='lat' dir='ltr'><strong>cognoscitur.</strong></span> <span class='ocrx_word' id='word_1_238' title='bbox 2746 1744 2843 1801; x_wconf 77' lang='lat' dir='ltr'><strong>liis</strong></span> <span class='ocrx_word' id='word_1_239' title='bbox 2867 1745 3051 1817; x_wconf 75' lang='lat' dir='ltr'><strong>itaque</strong></span> <span class='ocrx_word' id='word_1_240' title='bbox 3072 1746 3139 1802; x_wconf 90' lang='lat' dir='ltr'><strong>de</strong></span> <span class='ocrx_word' id='word_1_241' title='bbox 3161 1746 3513 1803; x_wconf 76' lang='lat' dir='ltr'><strong>divisionibus</strong></span> <span class='ocrx_word' id='word_1_242' title='bbox 3536 1747 3716 1823; x_wconf 82' lang='lat' dir='ltr'><strong>deque</strong></span> 
     </span>
    </p>
   </div>
   <div class='ocr_carea' id='block_1_34' title="bbox 440 1833 2024 1913">
    <p class='ocr_par' dir='ltr' id='par_1_34' title="bbox 440 1833 2024 1913">
     <span class='ocr_line' id='line_1_34' title="bbox 440 1833 2024 1913; baseline -0.005 -20"><span class='ocrx_word' id='word_1_243' title='bbox 440 1856 566 1913; x_wconf 86' lang='lat' dir='ltr'><strong>que.</strong></span> <span class='ocrx_word' id='word_1_244' title='bbox 608 1840 685 1895; x_wconf 83' lang='lat' dir='ltr'><strong>Ac</strong></span> <span class='ocrx_word' id='word_1_245' title='bbox 709 1855 805 1910; x_wconf 89' lang='lat' dir='ltr'><strong>per</strong></span> <span class='ocrx_word' id='word_1_246' title='bbox 825 1839 929 1908; x_wconf 75' lang='lat' dir='ltr'><strong>hoc</strong></span> <span class='ocrx_word' id='word_1_247' title='bbox 970 1854 1075 1897; x_wconf 90' lang='lat' dir='ltr'><strong>non</strong></span> <span class='ocrx_word' id='word_1_248' title='bbox 1101 1836 1373 1894; x_wconf 85' lang='lat' dir='ltr'><strong>immerito</strong></span> <span class='ocrx_word' id='word_1_249' title='bbox 1400 1834 1600 1889; x_wconf 82' lang='lat' dir='ltr'><strong>dicitur</strong></span> <span class='ocrx_word' id='word_1_250' title='bbox 1625 1833 1785 1889; x_wconf 81' lang='lat' dir='ltr'><strong>homo</strong></span> <span class='ocrx_word' id='word_1_251' title='bbox 1818 1845 2024 1887; x_wconf 81' lang='lat' dir='ltr'><strong>creatu-</strong></span> 
     </span>
    </p>
   </div>
   <div class='ocr_carea' id='block_1_35' title="bbox 442 1922 2025 1999">
    <p class='ocr_par' dir='ltr' id='par_1_35' title="bbox 442 1922 2025 1999">
     <span class='ocr_line' id='line_1_35' title="bbox 442 1922 2025 1999; baseline -0.004 -13"><span class='ocrx_word' id='word_1_252' title='bbox 442 1939 623 1986; x_wconf 78' lang='lat' dir='ltr'><strong>rarunt</strong></span> <span class='ocrx_word' id='word_1_253' title='bbox 648 1927 881 1984; x_wconf 71' lang='lat' dir='ltr'><strong>omnium</strong></span> <span class='ocrx_word' id='word_1_254' title='bbox 907 1926 1145 1999; x_wconf 73' lang='lat' dir='ltr'><strong>ofﬁcina,</strong></span> <span class='ocrx_word' id='word_1_255' title='bbox 1177 1925 1431 1997; x_wconf 77' lang='lat' dir='ltr'><strong>quOniam</strong></span> <span class='ocrx_word' id='word_1_256' title='bbox 1466 1924 1519 1979; x_wconf 90' lang='lat' dir='ltr'><strong>in</strong></span> <span class='ocrx_word' id='word_1_257' title='bbox 1554 1925 1673 1994; x_wconf 85' lang='lat' dir='ltr'><strong>ipso</strong></span> <span class='ocrx_word' id='word_1_258' title='bbox 1705 1922 2025 1989; x_wconf 80' lang='lat' dir='ltr'><strong>universalis</strong></span> 
     </span>
    </p>
   </div>
   <div class='ocr_carea' id='block_1_36' title="bbox 344 2010 2023 2090">
    <p class='ocr_par' dir='ltr' id='par_1_36' title="bbox 344 2010 2023 2090">
     <span class='ocr_line' id='line_1_36' title="bbox 344 2010 2023 2090; baseline -0.004 -11"><span class='ocrx_word' id='word_1_259' title='bbox 344 2040 357 2053; x_wconf 91' lang='grc'>·</span> <span class='ocrx_word' id='word_1_260' title='bbox 440 2030 689 2081; x_wconf 85' lang='lat' dir='ltr'><strong>creatura</strong></span> <span class='ocrx_word' id='word_1_261' title='bbox 733 2019 1059 2083; x_wconf 87' lang='lat' dir='ltr'><strong>continetur.</strong></span> <span class='ocrx_word' id='word_1_262' title='bbox 1108 2011 1628 2090; x_wconf 72' lang='lat' dir='ltr'><strong>luteiligit&#39;quidem</strong></span> <span class='ocrx_word' id='word_1_263' title='bbox 1664 2010 1734 2073; x_wconf 53' lang='lat' dir='ltr'><strong>&#39;ut</strong></span> <span class='ocrx_word' id='word_1_264' title='bbox 1777 2018 2023 2090; x_wconf 79' lang='lat' dir='ltr'><strong>angelus,</strong></span> 
     </span>
    </p>
   </div>
   <div class='ocr_carea' id='block_1_37' title="bbox 444 2109 2024 2187">
    <p class='ocr_par' dir='ltr' id='par_1_37' title="bbox 444 2109 2024 2187">
     <span class='ocr_line' id='line_1_37' title="bbox 444 2109 2024 2187; baseline -0.003 -19"><span class='ocrx_word' id='word_1_265' title='bbox 444 2111 799 2169; x_wconf 81' lang='lat' dir='ltr'><strong>ratiocinator</strong></span> <span class='ocrx_word' id='word_1_266' title='bbox 829 2121 889 2167; x_wconf 90' lang='lat' dir='ltr'><strong>ut</strong></span> <span class='ocrx_word' id='word_1_267' title='bbox 915 2112 1098 2176; x_wconf 80' lang='lat' dir='ltr'><strong>homo,</strong></span> <span class='ocrx_word' id='word_1_268' title='bbox 1126 2110 1291 2167; x_wconf 89' lang='lat' dir='ltr'><strong>sentit</strong></span> <span class='ocrx_word' id='word_1_269' title='bbox 1338 2119 1397 2165; x_wconf 93' lang='lat' dir='ltr'><strong>ut</strong></span> <span class='ocrx_word' id='word_1_270' title='bbox 1437 2109 1637 2165; x_wconf 65' lang='lat' dir='ltr'><strong>ani-tua!</strong></span> <span class='ocrx_word' id='word_1_271' title='bbox 1690 2110 2024 2187; x_wconf 78' lang='lat' dir='ltr'><strong>irt&#39;atimtale,</strong></span> 
     </span>
    </p>
   </div>
   <div class='ocr_carea' id='block_1_38' title="bbox 442 2200 2025 2274">
    <p class='ocr_par' dir='ltr' id='par_1_38' title="bbox 442 2200 2025 2274">
     <span class='ocr_line' id='line_1_38' title="bbox 442 2200 2025 2274; baseline -0.001 -14"><span class='ocrx_word' id='word_1_272' title='bbox 442 2204 585 2262; x_wconf 61' lang='lat' dir='ltr'><strong>vivit.</strong></span> <span class='ocrx_word' id='word_1_273' title='bbox 606 2210 663 2256; x_wconf 89' lang='lat' dir='ltr'><strong>ut</strong></span> <span class='ocrx_word' id='word_1_274' title='bbox 685 2216 928 2274; x_wconf 77' lang='lat' dir='ltr'><strong>germen,</strong></span> <span class='ocrx_word' id='word_1_275' title='bbox 956 2215 1186 2274; x_wconf 85' lang='lat' dir='ltr'><strong>corpore</strong></span> <span class='ocrx_word' id='word_1_276' title='bbox 1204 2200 1495 2271; x_wconf 81' lang='lat' dir='ltr'><strong>animaque</strong></span> <span class='ocrx_word' id='word_1_277' title='bbox 1533 2201 1798 2267; x_wconf 78' lang='lat' dir='ltr'><strong>subsistit,</strong></span> <span class='ocrx_word' id='word_1_278' title='bbox 1828 2202 2025 2258; x_wconf 87' lang='lat' dir='ltr'><strong>nullius</strong></span> 
     </span>
    </p>
   </div>
   <div class='ocr_carea' id='block_1_39' title="bbox 443 2290 2029 2362">
    <p class='ocr_par' dir='ltr' id='par_1_39' title="bbox 443 2290 2029 2362">
     <span class='ocr_line' id='line_1_39' title="bbox 443 2290 2029 2362; baseline -0.001 -12"><span class='ocrx_word' id='word_1_279' title='bbox 443 2302 729 2351; x_wconf 81' lang='lat' dir='ltr'><strong>creaturae</strong></span> <span class='ocrx_word' id='word_1_280' title='bbox 773 2306 984 2362; x_wconf 73' lang='lat' dir='ltr'><strong>expers.</strong></span> <span class='ocrx_word' id='word_1_281' title='bbox 1014 2290 1179 2348; x_wconf 78' lang='lat' dir='ltr'><strong>Extra</strong></span> <span class='ocrx_word' id='word_1_282' title='bbox 1223 2291 1359 2349; x_wconf 80' lang='lat' dir='ltr'><strong>haec</strong></span> <span class='ocrx_word' id='word_1_283' title='bbox 1397 2292 1543 2347; x_wconf 87' lang='lat' dir='ltr'><strong>enim</strong></span> <span class='ocrx_word' id='word_1_284' title='bbox 1591 2290 1792 2346; x_wconf 85' lang='lat' dir='ltr'><strong>nullam</strong></span> <span class='ocrx_word' id='word_1_285' title='bbox 1820 2303 2029 2348; x_wconf 76' lang='lat' dir='ltr'><strong>creatu-</strong></span> 
     </span>
    </p>
   </div>
   <div class='ocr_carea' id='block_1_40' title="bbox 446 2383 2025 2465">
    <p class='ocr_par' dir='ltr' id='par_1_40' title="bbox 446 2383 2025 2465">
     <span class='ocr_line' id='line_1_40' title="bbox 446 2383 2025 2465; baseline 0 -23"><span class='ocrx_word' id='word_1_286' title='bbox 446 2400 564 2443; x_wconf 83' lang='lat' dir='ltr'><strong>ram</strong></span> <span class='ocrx_word' id='word_1_287' title='bbox 599 2386 830 2442; x_wconf 88' lang='lat' dir='ltr'><strong>invenis.</strong></span> <span class='ocrx_word' id='word_1_288' title='bbox 860 2384 966 2445; x_wconf 84' lang='lat' dir='ltr'><strong>Sed</strong></span> <span class='ocrx_word' id='word_1_289' title='bbox 1007 2383 1255 2465; x_wconf 71' lang='lat' dir='ltr'><strong>fortassis</strong></span> <span class='ocrx_word' id='word_1_290' title='bbox 1277 2384 1402 2455; x_wconf 87' lang='lat' dir='ltr'><strong>quis</strong></span> <span class='ocrx_word' id='word_1_291' title='bbox 1428 2384 1644 2451; x_wconf 78' lang='lat' dir='ltr'><strong>dixerit,</strong></span> <span class='ocrx_word' id='word_1_292' title='bbox 1684 2386 1821 2442; x_wconf 87' lang='lat' dir='ltr'><strong>haec</strong></span> <span class='ocrx_word' id='word_1_293' title='bbox 1846 2388 2025 2442; x_wconf 84' lang='lat' dir='ltr'><strong>omnia</strong></span> 
     </span>
    </p>
   </div>
   <div class='ocr_carea' id='block_1_41' title="bbox 447 2473 2025 2547">
    <p class='ocr_par' dir='ltr' id='par_1_41' title="bbox 447 2473 2025 2547">
     <span class='ocr_line' id='line_1_41' title="bbox 447 2473 2025 2547; baseline 0.001 -17"><span class='ocrx_word' id='word_1_294' title='bbox 447 2474 502 2531; x_wconf 90' lang='lat' dir='ltr'><strong>in</strong></span> <span class='ocrx_word' id='word_1_295' title='bbox 529 2473 721 2547; x_wconf 78' lang='lat' dir='ltr'><strong>angelo</strong></span> <span class='ocrx_word' id='word_1_296' title='bbox 745 2488 960 2545; x_wconf 79' lang='lat' dir='ltr'><strong>quoque</strong></span> <span class='ocrx_word' id='word_1_297' title='bbox 1000 2474 1287 2531; x_wconf 83' lang='lat' dir='ltr'><strong>contineri.</strong></span> <span class='ocrx_word' id='word_1_298' title='bbox 1315 2473 1414 2530; x_wconf 87' lang='lat' dir='ltr'><strong>Cui</strong></span> <span class='ocrx_word' id='word_1_299' title='bbox 1447 2477 1766 2546; x_wconf 73' lang='lat' dir='ltr'><strong>reapondeo,</strong></span> <span class='ocrx_word' id='word_1_300' title='bbox 1805 2492 2025 2532; x_wconf 80' lang='lat' dir='ltr'><strong>sensum</strong></span> 
     </span>
    </p>
   </div>
   <div class='ocr_carea' id='block_1_42' title="bbox 444 2567 2026 2638">
    <p class='ocr_par' dir='ltr' id='par_1_42' title="bbox 444 2567 2026 2638">
     <span class='ocr_line' id='line_1_42' title="bbox 444 2567 2026 2638; baseline 0.001 -16"><span class='ocrx_word' id='word_1_301' title='bbox 444 2567 771 2638; x_wconf 70' lang='lat' dir='ltr'><strong>animalibus</strong></span> <span class='ocrx_word' id='word_1_302' title='bbox 827 2567 1172 2622; x_wconf 81' lang='lat' dir='ltr'><strong>distributum</strong></span> <span class='ocrx_word' id='word_1_303' title='bbox 1214 2582 1319 2623; x_wconf 88' lang='lat' dir='ltr'><strong>non</strong></span> <span class='ocrx_word' id='word_1_304' title='bbox 1373 2582 1534 2636; x_wconf 84' lang='lat' dir='ltr'><strong>posse</strong></span> <span class='ocrx_word' id='word_1_305' title='bbox 1576 2567 1893 2637; x_wconf 77' lang='lat' dir='ltr'><strong>subsistere,</strong></span> <span class='ocrx_word' id='word_1_306' title='bbox 1923 2568 2026 2624; x_wconf 90' lang='lat' dir='ltr'><strong>nisi</strong></span> 
     </span>
    </p>
   </div>
   <div class='ocr_carea' id='block_1_43' title="bbox 448 2657 2026 2730">
    <p class='ocr_par' dir='ltr' id='par_1_43' title="bbox 448 2657 2026 2730">
     <span class='ocr_line' id='line_1_43' title="bbox 448 2657 2026 2730; baseline 0.001 -16"><span class='ocrx_word' id='word_1_307' title='bbox 448 2657 503 2714; x_wconf 81' lang='lat' dir='ltr'><strong>in</strong></span> <span class='ocrx_word' id='word_1_308' title='bbox 532 2673 760 2730; x_wconf 85' lang='lat' dir='ltr'><strong>corpore</strong></span> <span class='ocrx_word' id='word_1_309' title='bbox 806 2673 873 2712; x_wconf 77' lang='lat' dir='ltr'><strong>ex</strong></span> <span class='ocrx_word' id='word_1_310' title='bbox 927 2665 1184 2727; x_wconf 86' lang='lat' dir='ltr'><strong>quattuor</strong></span> <span class='ocrx_word' id='word_1_311' title='bbox 1229 2657 1511 2715; x_wconf 89' lang='lat' dir='ltr'><strong>elementis</strong></span> <span class='ocrx_word' id='word_1_312' title='bbox 1555 2658 1869 2717; x_wconf 81' lang='lat' dir='ltr'><strong>constituto.</strong></span> <span class='ocrx_word' id='word_1_313' title='bbox 1910 2658 2026 2716; x_wconf 78' lang='lat' dir='ltr'><strong>Non</strong></span> 
     </span>
    </p>
   </div>
   <div class='ocr_carea' id='block_1_44' title="bbox 447 2748 2027 2820">
    <p class='ocr_par' dir='ltr' id='par_1_44' title="bbox 447 2748 2027 2820">
     <span class='ocr_line' id='line_1_44' title="bbox 447 2748 2027 2820; baseline -0.001 -14"><span class='ocrx_word' id='word_1_314' title='bbox 447 2751 593 2806; x_wconf 82' lang='lat' dir='ltr'><strong>enim</strong></span> <span class='ocrx_word' id='word_1_315' title='bbox 616 2748 639 2784; x_wconf 82' lang='grc'>⁸</span> <span class='ocrx_word' id='word_1_316' title='bbox 663 2750 768 2804; x_wconf 91' lang='lat' dir='ltr'><strong>crit</strong></span> <span class='ocrx_word' id='word_1_317' title='bbox 821 2749 989 2808; x_wconf 85' lang='lat' dir='ltr'><strong>visus.</strong></span> <span class='ocrx_word' id='word_1_318' title='bbox 1024 2748 1114 2805; x_wconf 88' lang='lat' dir='ltr'><strong>ubi</strong></span> <span class='ocrx_word' id='word_1_319' title='bbox 1144 2763 1250 2804; x_wconf 91' lang='lat' dir='ltr'><strong>non</strong></span> <span class='ocrx_word' id='word_1_320' title='bbox 1276 2758 1361 2805; x_wconf 87' lang='lat' dir='ltr'><strong>est</strong></span> <span class='ocrx_word' id='word_1_321' title='bbox 1390 2748 1551 2819; x_wconf 73' lang='lat' dir='ltr'><strong>ignis,</strong></span> <span class='ocrx_word' id='word_1_322' title='bbox 1590 2764 1765 2820; x_wconf 88' lang='lat' dir='ltr'><strong>neque</strong></span> <span class='ocrx_word' id='word_1_323' title='bbox 1791 2751 2027 2817; x_wconf 81' lang='lat' dir='ltr'><strong>auditus,</strong></span> 
     </span>
    </p>
   </div>
   <div class='ocr_carea' id='block_1_45' title="bbox 458 2838 2028 2906">
    <p class='ocr_par' dir='ltr' id='par_1_45' title="bbox 458 2838 2028 2906">
     <span class='ocr_line' id='line_1_45' title="bbox 458 2838 2028 2906; baseline -0.003 -9"><span class='ocrx_word' id='word_1_324' title='bbox 458 2845 505 2898; x_wconf 85' lang='lat' dir='ltr'><strong>si</strong></span> <span class='ocrx_word' id='word_1_325' title='bbox 533 2853 631 2896; x_wconf 81' lang='lat' dir='ltr'><strong>aer</strong></span> <span class='ocrx_word' id='word_1_326' title='bbox 663 2838 834 2906; x_wconf 85' lang='lat' dir='ltr'><strong>desit;</strong></span> <span class='ocrx_word' id='word_1_327' title='bbox 867 2838 1092 2895; x_wconf 86' lang='lat' dir='ltr'><strong>humore</strong></span> <span class='ocrx_word' id='word_1_328' title='bbox 1129 2839 1410 2895; x_wconf 86' lang='lat' dir='ltr'><strong>subtracto</strong></span> <span class='ocrx_word' id='word_1_329' title='bbox 1440 2854 1543 2895; x_wconf 90' lang='lat' dir='ltr'><strong>nec</strong></span> <span class='ocrx_word' id='word_1_330' title='bbox 1572 2838 1812 2895; x_wconf 87' lang='lat' dir='ltr'><strong>olfactus</strong></span> <span class='ocrx_word' id='word_1_331' title='bbox 1850 2854 2028 2894; x_wconf 80' lang='lat' dir='ltr'><strong>rema-</strong></span> 
     </span>
    </p>
   </div>
   <div class='ocr_carea' id='block_1_46' title="bbox 374 2929 2028 3001">
    <p class='ocr_par' dir='ltr' id='par_1_46' title="bbox 374 2929 2028 3001">
     <span class='ocr_line' id='line_1_46' title="bbox 374 2929 2028 3001; baseline -0.001 -16"><span class='ocrx_word' id='word_1_332' title='bbox 374 2978 381 2985; x_wconf 89' lang='lat'><strong>.</strong></span> <span class='ocrx_word' id='word_1_333' title='bbox 457 2929 600 2987; x_wconf 81' lang='lat' dir='ltr'><strong>uenit</strong></span> <span class='ocrx_word' id='word_1_334' title='bbox 629 2944 727 2986; x_wconf 87' lang='lat' dir='ltr'><strong>nec</strong></span> <span class='ocrx_word' id='word_1_335' title='bbox 750 2939 970 3001; x_wconf 71' lang='lat' dir='ltr'><strong>gustus;</strong></span> <span class='ocrx_word' id='word_1_336' title='bbox 1021 2936 1200 2984; x_wconf 86' lang='lat' dir='ltr'><strong>tet-rae</strong></span> <span class='ocrx_word' id='word_1_337' title='bbox 1242 2929 1487 2985; x_wconf 80' lang='lat' dir='ltr'><strong>absentia</strong></span> <span class='ocrx_word' id='word_1_338' title='bbox 1538 2937 1705 2984; x_wconf 89' lang='lat' dir='ltr'><strong>totum</strong></span> <span class='ocrx_word' id='word_1_339' title='bbox 1760 2930 2028 2985; x_wconf 84' lang='lat' dir='ltr'><strong>abstrahit</strong></span> 
     </span>
    </p>
   </div>
   <div class='ocr_carea' id='block_1_47' title="bbox 451 3020 2026 3093">
    <p class='ocr_par' dir='ltr' id='par_1_47' title="bbox 451 3020 2026 3093">
     <span class='ocr_line' id='line_1_47' title="bbox 451 3020 2026 3093; baseline 0.001 -17"><span class='ocrx_word' id='word_1_340' title='bbox 451 3029 673 3078; x_wconf 87' lang='lat' dir='ltr'><strong>tactum.</strong></span> <span class='ocrx_word' id='word_1_341' title='bbox 729 3022 967 3093; x_wconf 78' lang='lat' dir='ltr'><strong>Cet-pom</strong></span> <span class='ocrx_word' id='word_1_342' title='bbox 1013 3036 1141 3077; x_wconf 86' lang='lat' dir='ltr'><strong>vero</strong></span> <span class='ocrx_word' id='word_1_343' title='bbox 1169 3020 1411 3092; x_wconf 66' lang='lat' dir='ltr'><strong>angelica</strong></span> <span class='ocrx_word' id='word_1_344' title='bbox 1459 3021 1726 3092; x_wconf 76' lang='lat' dir='ltr'><strong>simplicia</strong></span> <span class='ocrx_word' id='word_1_345' title='bbox 1768 3024 2026 3093; x_wconf 85' lang='lat' dir='ltr'><strong>spiritua-</strong></span> 
     </span>
    </p>
   </div>
   <div class='ocr_carea' id='block_1_48' title="bbox 2122 1836 3712 1910">
    <p class='ocr_par' dir='ltr' id='par_1_48' title="bbox 2122 1836 3712 1910">
     <span class='ocr_line' id='line_1_48' title="bbox 2122 1836 3712 1910; baseline 0.001 -15"><span class='ocrx_word' id='word_1_346' title='bbox 2122 1836 2444 1895; x_wconf 72' lang='lat' dir='ltr'><strong>diﬂ‘ereutiis</strong></span> <span class='ocrx_word' id='word_1_347' title='bbox 2504 1836 2948 1910; x_wconf 74' lang='lat' dir='ltr'><strong>generalissimae</strong></span> <span class='ocrx_word' id='word_1_348' title='bbox 2996 1836 3140 1893; x_wconf 85' lang='lat' dir='ltr'><strong>vitae</strong></span> <span class='ocrx_word' id='word_1_349' title='bbox 3189 1838 3555 1910; x_wconf 66' lang='lat' dir='ltr'><strong>praecognitis</strong></span> <span class='ocrx_word' id='word_1_350' title='bbox 3640 1838 3712 1897; x_wconf 81' lang='lat' dir='ltr'><strong>ad</strong></span> 
     </span>
    </p>
   </div>
   <div class='ocr_carea' id='block_1_49' title="bbox 2123 1926 3722 2002">
    <p class='ocr_par' dir='ltr' id='par_1_49' title="bbox 2123 1926 3722 2002">
     <span class='ocr_line' id='line_1_49' title="bbox 2123 1926 3722 2002; baseline 0.002 -19"><span class='ocrx_word' id='word_1_351' title='bbox 2123 1927 2440 2002; x_wconf 75' lang='lat' dir='ltr'><strong>praedictae</strong></span> <span class='ocrx_word' id='word_1_352' title='bbox 2459 1926 2794 1999; x_wconf 85' lang='lat' dir='ltr'><strong>quaestionis</strong></span> <span class='ocrx_word' id='word_1_353' title='bbox 2817 1926 3235 1994; x_wconf 81' lang='lat' dir='ltr'><strong>rescrationem,</strong></span> <span class='ocrx_word' id='word_1_354' title='bbox 3265 1938 3526 2000; x_wconf 85' lang='lat' dir='ltr'><strong>quantum</strong></span> <span class='ocrx_word' id='word_1_355' title='bbox 3555 1930 3722 1990; x_wconf 83' lang='lat' dir='ltr'><strong>datur</strong></span> 
     </span>
    </p>
   </div>
   <div class='ocr_carea' id='block_1_50' title="bbox 2123 2006 3743 2091">
    <p class='ocr_par' dir='ltr' id='par_1_50' title="bbox 2123 2006 3743 2091">
     <span class='ocr_line' id='line_1_50' title="bbox 2123 2006 3743 2091; baseline 0.002 -15"><span class='ocrx_word' id='word_1_356' title='bbox 2123 2019 2284 2076; x_wconf 87' lang='lat' dir='ltr'><strong>nobis</strong></span> <span class='ocrx_word' id='word_1_357' title='bbox 2308 2017 2571 2090; x_wconf 75' lang='lat' dir='ltr'><strong>intelligi,</strong></span> <span class='ocrx_word' id='word_1_358' title='bbox 2601 2007 2920 2085; x_wconf 79' lang='lat' dir='ltr'><strong>redeamus,</strong></span> <span class='ocrx_word' id='word_1_359' title='bbox 2944 2019 3204 2091; x_wconf 85' lang='lat' dir='ltr'><strong>quoniam</strong></span> <span class='ocrx_word' id='word_1_360' title='bbox 3235 2019 3404 2091; x_wconf 83' lang='lat' dir='ltr'><strong>ipsius</strong></span> <span class='ocrx_word' id='word_1_361' title='bbox 3429 2006 3743 2079; x_wconf 29' lang='lat' dir='ltr'><strong>occasione.</strong></span> 
     </span>
    </p>
   </div>
   <div class='ocr_carea' id='block_1_51' title="bbox 2124 2110 3601 2184">
    <p class='ocr_par' dir='ltr' id='par_1_51' title="bbox 2124 2110 3601 2184">
     <span class='ocr_line' id='line_1_51' title="bbox 2124 2110 3601 2184; baseline 0.001 -17"><span class='ocrx_word' id='word_1_362' title='bbox 2124 2111 2261 2167; x_wconf 85' lang='lat' dir='ltr'><strong>haec</strong></span> <span class='ocrx_word' id='word_1_363' title='bbox 2287 2112 2357 2167; x_wconf 87' lang='lat' dir='ltr'><strong>de</strong></span> <span class='ocrx_word' id='word_1_364' title='bbox 2374 2110 2611 2184; x_wconf 72' lang='lat' dir='ltr'><strong>generali</strong></span> <span class='ocrx_word' id='word_1_365' title='bbox 2634 2112 2815 2167; x_wconf 86' lang='lat' dir='ltr'><strong>anima</strong></span> <span class='ocrx_word' id='word_1_366' title='bbox 2844 2127 2940 2167; x_wconf 86' lang='lat' dir='ltr'><strong>seu</strong></span> <span class='ocrx_word' id='word_1_367' title='bbox 2970 2110 3083 2183; x_wconf 75' lang='lat' dir='ltr'><strong>vita</strong></span> <span class='ocrx_word' id='word_1_368' title='bbox 3106 2110 3427 2183; x_wconf 84' lang='lat' dir='ltr'><strong>interposita</strong></span> <span class='ocrx_word' id='word_1_369' title='bbox 3454 2121 3601 2169; x_wconf 88' lang='lat' dir='ltr'><strong>sunt.</strong></span> 
     </span>
    </p>
   </div>
   <div class='ocr_carea' id='block_1_52' title="bbox 2193 2202 3721 2277">
    <p class='ocr_par' dir='ltr' id='par_1_52' title="bbox 2193 2202 3721 2277">
     <span class='ocr_line' id='line_1_52' title="bbox 2193 2202 3721 2277; baseline 0 -18"><span class='ocrx_word' id='word_1_370' title='bbox 2193 2202 2284 2259; x_wconf 78' lang='lat'><strong>58.</strong></span> <span class='ocrx_word' id='word_1_371' title='bbox 2328 2202 2422 2258; x_wconf 87' lang='lat' dir='ltr'><strong>Est</strong></span> <span class='ocrx_word' id='word_1_372' title='bbox 2446 2202 2592 2258; x_wconf 88' lang='lat' dir='ltr'><strong>enim</strong></span> <span class='ocrx_word' id='word_1_373' title='bbox 2619 2202 2957 2273; x_wconf 85' lang='lat' dir='ltr'><strong>quaesitum,</strong></span> <span class='ocrx_word' id='word_1_374' title='bbox 2990 2216 3159 2272; x_wconf 89' lang='lat' dir='ltr'><strong>quare</strong></span> <span class='ocrx_word' id='word_1_375' title='bbox 3190 2202 3243 2257; x_wconf 89' lang='lat' dir='ltr'><strong>in</strong></span> <span class='ocrx_word' id='word_1_376' title='bbox 3274 2203 3532 2275; x_wconf 83' lang='lat' dir='ltr'><strong>operibus</strong></span> <span class='ocrx_word' id='word_1_377' title='bbox 3557 2213 3721 2277; x_wconf 89' lang='lat' dir='ltr'><strong>quat-</strong></span> 
     </span>
    </p>
   </div>
   <div class='ocr_carea' id='block_1_53' title="bbox 2130 2279 3717 2371">
    <p class='ocr_par' dir='ltr' id='par_1_53' title="bbox 2130 2279 3717 2371">
     <span class='ocr_line' id='line_1_53' title="bbox 2130 2279 3717 2371; baseline 0.001 -21"><span class='ocrx_word' id='word_1_378' title='bbox 2130 2303 2254 2353; x_wconf 88' lang='lat' dir='ltr'><strong>tuor</strong></span> <span class='ocrx_word' id='word_1_379' title='bbox 2276 2293 2706 2371; x_wconf 86' lang='lat' dir='ltr'><strong>primordialium</strong></span> <span class='ocrx_word' id='word_1_380' title='bbox 2733 2293 2944 2350; x_wconf 88' lang='lat' dir='ltr'><strong>dierum</strong></span> <span class='ocrx_word' id='word_1_381' title='bbox 2973 2292 3177 2350; x_wconf 86' lang='lat' dir='ltr'><strong>nullius</strong></span> <span class='ocrx_word' id='word_1_382' title='bbox 3203 2296 3346 2351; x_wconf 85' lang='lat' dir='ltr'><strong>vitae</strong></span> <span class='ocrx_word' id='word_1_383' title='bbox 3380 2309 3476 2351; x_wconf 88' lang='lat' dir='ltr'><strong>seu</strong></span> <span class='ocrx_word' id='word_1_384' title='bbox 3500 2279 3717 2353; x_wconf 83' lang='lat' dir='ltr'><strong>animae</strong></span> 
     </span>
    </p>
   </div>
   <div class='ocr_carea' id='block_1_54' title="bbox 2127 2384 3716 2456">
    <p class='ocr_par' dir='ltr' id='par_1_54' title="bbox 2127 2384 3716 2456">
     <span class='ocr_line' id='line_1_54' title="bbox 2127 2384 3716 2456; baseline 0.003 -13"><span class='ocrx_word' id='word_1_385' title='bbox 2127 2386 2568 2443; x_wconf 86' lang='lat' dir='ltr'><strong>commemoratio</strong></span> <span class='ocrx_word' id='word_1_386' title='bbox 2616 2384 2756 2443; x_wconf 84' lang='lat' dir='ltr'><strong>facta</strong></span> <span class='ocrx_word' id='word_1_387' title='bbox 2809 2386 2910 2451; x_wconf 89' lang='lat' dir='ltr'><strong>sit,</strong></span> <span class='ocrx_word' id='word_1_388' title='bbox 2956 2387 3148 2456; x_wconf 90' lang='lat' dir='ltr'><strong>quinto</strong></span> <span class='ocrx_word' id='word_1_389' title='bbox 3188 2398 3367 2444; x_wconf 81' lang='lat' dir='ltr'><strong>autem</strong></span> <span class='ocrx_word' id='word_1_390' title='bbox 3404 2387 3493 2444; x_wconf 85' lang='lat' dir='ltr'><strong>die</strong></span> <span class='ocrx_word' id='word_1_391' title='bbox 3533 2389 3716 2449; x_wconf 76' lang='lat' dir='ltr'><strong>Subito</strong></span> 
     </span>
    </p>
   </div>
   <div class='ocr_carea' id='block_1_55' title="bbox 2126 2467 3720 2553">
    <p class='ocr_par' dir='ltr' id='par_1_55' title="bbox 2126 2467 3720 2553">
     <span class='ocr_line' id='line_1_55' title="bbox 2126 2467 3720 2553; baseline 0 -17"><span class='ocrx_word' id='word_1_392' title='bbox 2126 2494 2415 2550; x_wconf 75' lang='lat' dir='ltr'><strong>erumpens</strong></span> <span class='ocrx_word' id='word_1_393' title='bbox 2466 2477 2746 2548; x_wconf 76' lang='lat' dir='ltr'><strong>Scriptum</strong></span> <span class='ocrx_word' id='word_1_394' title='bbox 2794 2494 2808 2531; x_wconf 91' lang='lat'>:</span> <span class='ocrx_word' id='word_1_395' title='bbox 2858 2467 3162 2532; x_wconf 70' lang='lat' dir='ltr'><strong>Praducmit</strong></span> <span class='ocrx_word' id='word_1_396' title='bbox 3195 2519 3219 2540; x_wconf 23' lang='grc' dir='ltr'><em>,ν</em></span> <span class='ocrx_word' id='word_1_397' title='bbox 3263 2478 3472 2550; x_wconf 88' lang='lat' dir='ltr'><strong>inquit,</strong></span> <span class='ocrx_word' id='word_1_398' title='bbox 3549 2483 3720 2553; x_wconf 66' lang='lat' dir='ltr'><strong>aquae</strong></span> 
     </span>
    </p>
   </div>
   <div class='ocr_carea' id='block_1_56' title="bbox 2127 2566 3717 2641">
    <p class='ocr_par' dir='ltr' id='par_1_56' title="bbox 2127 2566 3717 2641">
     <span class='ocr_line' id='line_1_56' title="bbox 2127 2566 3717 2641; baseline 0.002 -17"><span class='ocrx_word' id='word_1_399' title='bbox 2127 2568 2308 2641; x_wconf 76' lang='lat' dir='ltr'><strong>reptile</strong></span> <span class='ocrx_word' id='word_1_400' title='bbox 2346 2570 2554 2625; x_wconf 81' lang='lat' dir='ltr'><strong>animae</strong></span> <span class='ocrx_word' id='word_1_401' title='bbox 2591 2568 2827 2624; x_wconf 76' lang='lat' dir='ltr'><strong>viventis.</strong></span> <span class='ocrx_word' id='word_1_402' title='bbox 2887 2567 2998 2624; x_wconf 67' lang='lat' dir='ltr'><strong>Nec</strong></span> <span class='ocrx_word' id='word_1_403' title='bbox 3035 2566 3357 2640; x_wconf 80' lang='lat' dir='ltr'><strong>simpliciter</strong></span> <span class='ocrx_word' id='word_1_404' title='bbox 3397 2571 3534 2627; x_wconf 79' lang='lat' dir='ltr'><strong>dixit</strong></span> <span class='ocrx_word' id='word_1_405' title='bbox 3571 2571 3592 2606; x_wconf 78' lang='lat'><strong>&#39;</strong></span> <span class='ocrx_word' id='word_1_406' title='bbox 3633 2585 3717 2628; x_wconf 68' lang='lat' dir='ltr'><strong>reo</strong></span> 
     </span>
    </p>
   </div>
   <div class='ocr_carea' id='block_1_57' title="bbox 2126 2656 3738 2739">
    <p class='ocr_par' dir='ltr' id='par_1_57' title="bbox 2126 2656 3738 2739">
     <span class='ocr_line' id='line_1_57' title="bbox 2126 2656 3738 2739; baseline 0.006 -27"><span class='ocrx_word' id='word_1_407' title='bbox 2126 2657 2252 2729; x_wconf 78' lang='lat' dir='ltr'><strong>‘ptile</strong></span> <span class='ocrx_word' id='word_1_408' title='bbox 2288 2660 2532 2724; x_wconf 72' lang='lat' dir='ltr'><strong>animos,</strong></span> <span class='ocrx_word' id='word_1_409' title='bbox 2570 2659 2680 2739; x_wconf 79' lang='lat' dir='ltr'><strong>sed</strong></span> <span class='ocrx_word' id='word_1_410' title='bbox 2720 2674 2841 2739; x_wconf 82' lang='lat' dir='ltr'><strong>cum</strong></span> <span class='ocrx_word' id='word_1_411' title='bbox 2888 2658 3258 2733; x_wconf 81' lang='lat' dir='ltr'><strong>additamenta</strong></span> <span class='ocrx_word' id='word_1_412' title='bbox 3293 2660 3522 2724; x_wconf 79' lang='lat' dir='ltr'><strong>rit-cutis.</strong></span> <span class='ocrx_word' id='word_1_413' title='bbox 3561 2656 3738 2733; x_wconf 85' lang='lat' dir='ltr'><strong>quasi-</strong></span> 
     </span>
    </p>
   </div>
   <div class='ocr_carea' id='block_1_58' title="bbox 2127 2736 3722 2825">
    <p class='ocr_par' dir='ltr' id='par_1_58' title="bbox 2127 2736 3722 2825">
     <span class='ocr_line' id='line_1_58' title="bbox 2127 2736 3722 2825; baseline 0.001 -17"><span class='ocrx_word' id='word_1_414' title='bbox 2127 2751 2308 2808; x_wconf 86' lang='lat' dir='ltr'><strong>anima</strong></span> <span class='ocrx_word' id='word_1_415' title='bbox 2332 2765 2439 2807; x_wconf 91' lang='lat' dir='ltr'><strong>non</strong></span> <span class='ocrx_word' id='word_1_416' title='bbox 2460 2751 2532 2807; x_wconf 86' lang='lat' dir='ltr'><strong>sit</strong></span> <span class='ocrx_word' id='word_1_417' title='bbox 2554 2736 2761 2806; x_wconf 78' lang='lat' dir='ltr'><strong>vivens.</strong></span> <span class='ocrx_word' id='word_1_418' title='bbox 2786 2736 2851 2805; x_wconf 75' lang='lat' dir='ltr'><strong>Et</strong></span> <span class='ocrx_word' id='word_1_419' title='bbox 2870 2757 2953 2807; x_wconf 86' lang='lat' dir='ltr'><strong>est</strong></span> <span class='ocrx_word' id='word_1_420' title='bbox 2976 2765 3161 2817; x_wconf 85' lang='lat' dir='ltr'><strong>causa,</strong></span> <span class='ocrx_word' id='word_1_421' title='bbox 3187 2761 3247 2807; x_wconf 90' lang='lat' dir='ltr'><strong>ut</strong></span> <span class='ocrx_word' id='word_1_422' title='bbox 3265 2754 3478 2824; x_wconf 87' lang='lat' dir='ltr'><strong>opinor,</strong></span> <span class='ocrx_word' id='word_1_423' title='bbox 3503 2756 3722 2825; x_wconf 82' lang='lat' dir='ltr'><strong>species</strong></span> 
     </span>
    </p>
   </div>
   <div class='ocr_carea' id='block_1_59' title="bbox 2129 2840 3720 2913">
    <p class='ocr_par' dir='ltr' id='par_1_59' title="bbox 2129 2840 3720 2913">
     <span class='ocr_line' id='line_1_59' title="bbox 2129 2840 3720 2913; baseline 0.003 -17"><span class='ocrx_word' id='word_1_424' title='bbox 2129 2840 2250 2908; x_wconf 83' lang='lat' dir='ltr'><strong>illa,</strong></span> <span class='ocrx_word' id='word_1_425' title='bbox 2283 2856 2444 2912; x_wconf 85' lang='lat' dir='ltr'><strong>quam</strong></span> <span class='ocrx_word' id='word_1_426' title='bbox 2478 2841 2532 2897; x_wconf 90' lang='lat' dir='ltr'><strong>in</strong></span> <span class='ocrx_word' id='word_1_427' title='bbox 2575 2841 2931 2901; x_wconf 76' lang='lat' dir='ltr'><strong>divisionibus</strong></span> <span class='ocrx_word' id='word_1_428' title='bbox 2960 2840 3232 2913; x_wconf 72' lang='lat' dir='ltr'><strong>generalis</strong></span> <span class='ocrx_word' id='word_1_429' title='bbox 3274 2842 3420 2899; x_wconf 88' lang='lat' dir='ltr'><strong>vitae</strong></span> <span class='ocrx_word' id='word_1_430' title='bbox 3455 2846 3720 2906; x_wconf 77' lang='lat' dir='ltr'><strong>extitttam</strong></span> 
     </span>
    </p>
   </div>
   <div class='ocr_carea' id='block_1_60' title="bbox 2128 2930 3724 3004">
    <p class='ocr_par' dir='ltr' id='par_1_60' title="bbox 2128 2930 3724 3004">
     <span class='ocr_line' id='line_1_60' title="bbox 2128 2930 3724 3004; baseline 0.004 -18"><span class='ocrx_word' id='word_1_431' title='bbox 2128 2932 2426 3004; x_wconf 82' lang='lat' dir='ltr'><strong>posuimus.</strong></span> <span class='ocrx_word' id='word_1_432' title='bbox 2484 2931 2550 2988; x_wconf 81' lang='lat' dir='ltr'><strong>Et</strong></span> <span class='ocrx_word' id='word_1_433' title='bbox 2603 2930 2831 2997; x_wconf 86' lang='lat' dir='ltr'><strong>merito,</strong></span> <span class='ocrx_word' id='word_1_434' title='bbox 2879 2931 3136 3002; x_wconf 86' lang='lat' dir='ltr'><strong>quoniam</strong></span> <span class='ocrx_word' id='word_1_435' title='bbox 3162 2932 3363 2989; x_wconf 71' lang='lat' dir='ltr'><strong>amnis</strong></span> <span class='ocrx_word' id='word_1_436' title='bbox 3416 2933 3724 2993; x_wconf 81' lang='lat' dir='ltr'><strong>intellectus</strong></span> 
     </span>
    </p>
   </div>
   <div class='ocr_carea' id='block_1_61' title="bbox 2128 3022 3725 3101">
    <p class='ocr_par' dir='ltr' id='par_1_61' title="bbox 2128 3022 3725 3101">
     <span class='ocr_line' id='line_1_61' title="bbox 2128 3022 3725 3101; baseline 0.004 -21"><span class='ocrx_word' id='word_1_437' title='bbox 2128 3028 2184 3081; x_wconf 87' lang='lat' dir='ltr'><strong>et</strong></span> <span class='ocrx_word' id='word_1_438' title='bbox 2222 3023 2447 3080; x_wconf 85' lang='lat' dir='ltr'><strong>rationis</strong></span> <span class='ocrx_word' id='word_1_439' title='bbox 2499 3038 2697 3095; x_wconf 77' lang='lat' dir='ltr'><strong>expers</strong></span> <span class='ocrx_word' id='word_1_440' title='bbox 2733 3022 2757 3055; x_wconf 81' lang='grc'>⁸</span> <span class='ocrx_word' id='word_1_441' title='bbox 2794 3024 2977 3080; x_wconf 85' lang='lat' dir='ltr'><strong>subtili</strong></span> <span class='ocrx_word' id='word_1_442' title='bbox 3015 3034 3331 3099; x_wconf 79' lang='lat' dir='ltr'><strong>naturarum</strong></span> <span class='ocrx_word' id='word_1_443' title='bbox 3379 3026 3725 3101; x_wconf 64' lang='lat' dir='ltr'><strong>indagatioue</strong></span> 
     </span>
    </p>
   </div>
   <div class='ocr_carea' id='block_1_62' title="bbox 449 3103 3725 3186">
    <p class='ocr_par' dir='ltr' id='par_1_62' title="bbox 449 3103 3725 3186">
     <span class='ocr_line' id='line_1_62' title="bbox 449 3103 3725 3186; baseline 0.001 -17"><span class='ocrx_word' id='word_1_444' title='bbox 449 3116 629 3186; x_wconf 70' lang='lat' dir='ltr'><strong>lisque</strong></span> <span class='ocrx_word' id='word_1_445' title='bbox 653 3122 797 3175; x_wconf 87' lang='lat' dir='ltr'><strong>sunt,</strong></span> <span class='ocrx_word' id='word_1_446' title='bbox 837 3112 1093 3184; x_wconf 88' lang='lat' dir='ltr'><strong>omnique</strong></span> <span class='ocrx_word' id='word_1_447' title='bbox 1123 3114 1377 3168; x_wconf 75' lang='lat' dir='ltr'><strong>exteriori</strong></span> <span class='ocrx_word' id='word_1_448' title='bbox 1423 3128 1585 3170; x_wconf 88' lang='lat' dir='ltr'><strong>sensu</strong></span> <span class='ocrx_word' id='word_1_449' title='bbox 1616 3116 1877 3170; x_wconf 87' lang='lat' dir='ltr'><strong>carentia.</strong></span> <span class='ocrx_word' id='word_1_450' title='bbox 1910 3113 2027 3171; x_wconf 87' lang='lat' dir='ltr'><strong>Non</strong></span> <span class='ocrx_word' id='word_1_451' title='bbox 2057 3103 2101 3165; x_wconf 88' lang='lat' dir='ltr'>C</span> <span class='ocrx_word' id='word_1_452' title='bbox 2135 3113 2432 3185; x_wconf 83' lang='lat' dir='ltr'><strong>reperitur;</strong></span> <span class='ocrx_word' id='word_1_453' title='bbox 2483 3128 2548 3170; x_wconf 87' lang='lat' dir='ltr'><strong>ac</strong></span> <span class='ocrx_word' id='word_1_454' title='bbox 2596 3111 2766 3168; x_wconf 86' lang='lat' dir='ltr'><strong>veluti</strong></span> <span class='ocrx_word' id='word_1_455' title='bbox 2816 3113 2962 3169; x_wconf 86' lang='lat' dir='ltr'><strong>nulla</strong></span> <span class='ocrx_word' id='word_1_456' title='bbox 3015 3116 3157 3182; x_wconf 83' lang='lat' dir='ltr'><strong>vita,</strong></span> <span class='ocrx_word' id='word_1_457' title='bbox 3210 3132 3305 3173; x_wconf 89' lang='lat' dir='ltr'><strong>seu</strong></span> <span class='ocrx_word' id='word_1_458' title='bbox 3360 3118 3572 3184; x_wconf 87' lang='lat' dir='ltr'><strong>anima,</strong></span> <span class='ocrx_word' id='word_1_459' title='bbox 3624 3134 3725 3177; x_wconf 84' lang='lat' dir='ltr'><strong>seu</strong></span> 
     </span>
    </p>
   </div>
   <div class='ocr_carea' id='block_1_63' title="bbox 449 3204 2029 3278">
    <p class='ocr_par' dir='ltr' id='par_1_63' title="bbox 449 3204 2029 3278">
     <span class='ocr_line' id='line_1_63' title="bbox 449 3204 2029 3278; baseline 0.001 -18"><span class='ocrx_word' id='word_1_460' title='bbox 449 3205 596 3260; x_wconf 84' lang='lat' dir='ltr'><strong>enim</strong></span> <span class='ocrx_word' id='word_1_461' title='bbox 647 3204 980 3260; x_wconf 79' lang='lat' dir='ltr'><strong>sensibilium</strong></span> <span class='ocrx_word' id='word_1_462' title='bbox 1027 3218 1208 3268; x_wconf 80' lang='lat' dir='ltr'><strong>rerum</strong></span> <span class='ocrx_word' id='word_1_463' title='bbox 1267 3205 1515 3266; x_wconf 85' lang='lat' dir='ltr'><strong>notitiam</strong></span> <span class='ocrx_word' id='word_1_464' title='bbox 1564 3219 1662 3278; x_wconf 85' lang='lat' dir='ltr'><strong>per</strong></span> <span class='ocrx_word' id='word_1_465' title='bbox 1718 3206 2029 3277; x_wconf 80' lang='lat' dir='ltr'><strong>pbantasias</strong></span> 
     </span>
    </p>
   </div>
   <div class='ocr_carea' id='block_1_64' title="bbox 453 3283 2031 3369">
    <p class='ocr_par' dir='ltr' id='par_1_64' title="bbox 453 3283 2031 3369">
     <span class='ocr_line' id='line_1_64' title="bbox 453 3283 2031 3369; baseline 0 -18"><span class='ocrx_word' id='word_1_466' title='bbox 453 3309 737 3369; x_wconf 82' lang='lat' dir='ltr'><strong>corporum</strong></span> <span class='ocrx_word' id='word_1_467' title='bbox 764 3295 1054 3366; x_wconf 86' lang='lat' dir='ltr'><strong>accipiunt,</strong></span> <span class='ocrx_word' id='word_1_468' title='bbox 1094 3283 1196 3353; x_wconf 67' lang='lat' dir='ltr'><strong>seti</strong></span> <span class='ocrx_word' id='word_1_469' title='bbox 1211 3309 1429 3351; x_wconf 86' lang='lat' dir='ltr'><strong>omnem</strong></span> <span class='ocrx_word' id='word_1_470' title='bbox 1453 3295 1790 3366; x_wconf 82' lang='lat' dir='ltr'><strong>corporalem</strong></span> <span class='ocrx_word' id='word_1_471' title='bbox 1819 3306 2031 3353; x_wconf 85' lang='lat' dir='ltr'><strong>creatu-</strong></span> 
     </span>
    </p>
   </div>
   <div class='ocr_carea' id='block_1_65' title="bbox 455 3386 2031 3460">
    <p class='ocr_par' dir='ltr' id='par_1_65' title="bbox 455 3386 2031 3460">
     <span class='ocr_line' id='line_1_65' title="bbox 455 3386 2031 3460; baseline -0.002 -14"><span class='ocrx_word' id='word_1_472' title='bbox 455 3406 570 3446; x_wconf 82' lang='lat' dir='ltr'><strong>ram</strong></span> <span class='ocrx_word' id='word_1_473' title='bbox 599 3389 652 3444; x_wconf 92' lang='lat' dir='ltr'><strong>in</strong></span> <span class='ocrx_word' id='word_1_474' title='bbox 683 3389 863 3445; x_wconf 83' lang='lat' dir='ltr'><strong>causis</strong></span> <span class='ocrx_word' id='word_1_475' title='bbox 897 3387 1011 3443; x_wconf 88' lang='lat' dir='ltr'><strong>suis</strong></span> <span class='ocrx_word' id='word_1_476' title='bbox 1044 3386 1416 3458; x_wconf 85' lang='lat' dir='ltr'><strong>spiritualibus</strong></span> <span class='ocrx_word' id='word_1_477' title='bbox 1443 3387 1797 3459; x_wconf 76' lang='lat' dir='ltr'><strong>Spiritualiter</strong></span> <span class='ocrx_word' id='word_1_478' title='bbox 1822 3390 2031 3460; x_wconf 85' lang='lat' dir='ltr'><strong>perspi-</strong></span> 
     </span>
    </p>
   </div>
   <div class='ocr_carea' id='block_1_66' title="bbox 453 3480 2035 3553">
    <p class='ocr_par' dir='ltr' id='par_1_66' title="bbox 453 3480 2035 3553">
     <span class='ocr_line' id='line_1_66' title="bbox 453 3480 2035 3553; baseline -0.003 -14"><span class='ocrx_word' id='word_1_479' title='bbox 453 3485 623 3549; x_wconf 82' lang='lat' dir='ltr'><strong>ciunt,</strong></span> <span class='ocrx_word' id='word_1_480' title='bbox 663 3481 1112 3553; x_wconf 84' lang='lat' dir='ltr'><strong>quemadmodum</strong></span> <span class='ocrx_word' id='word_1_481' title='bbox 1154 3480 1321 3536; x_wconf 84' lang='lat' dir='ltr'><strong>visuri</strong></span> <span class='ocrx_word' id='word_1_482' title='bbox 1346 3495 1554 3545; x_wconf 78' lang='lat' dir='ltr'><strong>sumus,</strong></span> <span class='ocrx_word' id='word_1_483' title='bbox 1583 3496 1705 3537; x_wconf 83' lang='lat' dir='ltr'><strong>cum</strong></span> <span class='ocrx_word' id='word_1_484' title='bbox 1735 3482 1802 3536; x_wconf 87' lang='lat' dir='ltr'><strong>ad</strong></span> <span class='ocrx_word' id='word_1_485' title='bbox 1838 3497 2035 3543; x_wconf 80' lang='lat' dir='ltr'><strong>aequa-</strong></span> 
     </span>
    </p>
   </div>
   <div class='ocr_carea' id='block_1_67' title="bbox 455 3568 2037 3633">
    <p class='ocr_par' dir='ltr' id='par_1_67' title="bbox 455 3568 2037 3633">
     <span class='ocr_line' id='line_1_67' title="bbox 455 3568 2037 3633; baseline 0 -4"><span class='ocrx_word' id='word_1_486' title='bbox 455 3568 658 3630; x_wconf 74' lang='lat' dir='ltr'><strong>htatem</strong></span> <span class='ocrx_word' id='word_1_487' title='bbox 680 3584 915 3630; x_wconf 83' lang='lat' dir='ltr'><strong>naturae</strong></span> <span class='ocrx_word' id='word_1_488' title='bbox 942 3589 1129 3630; x_wconf 87' lang='lat' dir='ltr'><strong>eorum</strong></span> <span class='ocrx_word' id='word_1_489' title='bbox 1175 3572 1674 3633; x_wconf 83' lang='lat' dir='ltr'><strong>transmutabimur.</strong></span> <span class='ocrx_word' id='word_1_490' title='bbox 1716 3570 1892 3630; x_wconf 86' lang='lat' dir='ltr'><strong>Sensu</strong></span> <span class='ocrx_word' id='word_1_491' title='bbox 1935 3574 2037 3629; x_wconf 79' lang='lat' dir='ltr'><strong>ita-</strong></span> 
     </span>
    </p>
   </div>
   <div class='ocr_carea' id='block_1_68' title="bbox 453 3664 2029 3737">
    <p class='ocr_par' dir='ltr' id='par_1_68' title="bbox 453 3664 2029 3737">
     <span class='ocr_line' id='line_1_68' title="bbox 453 3664 2029 3737; baseline -0.001 -16"><span class='ocrx_word' id='word_1_492' title='bbox 453 3678 558 3737; x_wconf 87' lang='lat' dir='ltr'><strong>quc</strong></span> <span class='ocrx_word' id='word_1_493' title='bbox 583 3681 846 3736; x_wconf 86' lang='lat' dir='ltr'><strong>corporeo</strong></span> <span class='ocrx_word' id='word_1_494' title='bbox 878 3673 1063 3729; x_wconf 80' lang='lat' dir='ltr'><strong>carent</strong></span> <span class='ocrx_word' id='word_1_495' title='bbox 1091 3664 1287 3736; x_wconf 76' lang='lat' dir='ltr'><strong>angeli,</strong></span> <span class='ocrx_word' id='word_1_496' title='bbox 1311 3666 1438 3734; x_wconf 79' lang='lat' dir='ltr'><strong>quia</strong></span> <span class='ocrx_word' id='word_1_497' title='bbox 1464 3679 1630 3734; x_wconf 84' lang='lat' dir='ltr'><strong>super</strong></span> <span class='ocrx_word' id='word_1_498' title='bbox 1658 3664 1830 3737; x_wconf 78' lang='lat' dir='ltr'><strong>ipsum</strong></span> <span class='ocrx_word' id='word_1_499' title='bbox 1870 3675 2029 3727; x_wconf 87' lang='lat' dir='ltr'><strong>sunt;</strong></span> 
     </span>
    </p>
   </div>
   <div class='ocr_carea' id='block_1_69' title="bbox 454 3754 2035 3829">
    <p class='ocr_par' dir='ltr' id='par_1_69' title="bbox 454 3754 2035 3829">
     <span class='ocr_line' id='line_1_69' title="bbox 454 3754 2035 3829; baseline 0 -16"><span class='ocrx_word' id='word_1_500' title='bbox 454 3772 518 3813; x_wconf 84' lang='lat' dir='ltr'><strong>ac</strong></span> <span class='ocrx_word' id='word_1_501' title='bbox 549 3773 643 3829; x_wconf 87' lang='lat' dir='ltr'><strong>per</strong></span> <span class='ocrx_word' id='word_1_502' title='bbox 670 3759 772 3814; x_wconf 90' lang='lat' dir='ltr'><strong>hoc</strong></span> <span class='ocrx_word' id='word_1_503' title='bbox 804 3760 967 3829; x_wconf 85' lang='lat' dir='ltr'><strong>totius</strong></span> <span class='ocrx_word' id='word_1_504' title='bbox 997 3754 1379 3812; x_wconf 85' lang='lat' dir='ltr'><strong>irrationabilis</strong></span> <span class='ocrx_word' id='word_1_505' title='bbox 1423 3756 1876 3827; x_wconf 72' lang='lat' dir='ltr'><strong>vitaeexpertes,</strong></span> <span class='ocrx_word' id='word_1_506' title='bbox 1920 3756 2035 3813; x_wconf 84' lang='lat' dir='ltr'><strong>sive</strong></span> 
     </span>
    </p>
   </div>
   <div class='ocr_carea' id='block_1_70' title="bbox 455 3847 2038 3920">
    <p class='ocr_par' dir='ltr' id='par_1_70' title="bbox 455 3847 2038 3920">
     <span class='ocr_line' id='line_1_70' title="bbox 455 3847 2038 3920; baseline -0.003 -13"><span class='ocrx_word' id='word_1_507' title='bbox 455 3851 739 3916; x_wconf 80' lang='lat' dir='ltr'><strong>sensualis,</strong></span> <span class='ocrx_word' id='word_1_508' title='bbox 769 3850 883 3906; x_wconf 87' lang='lat' dir='ltr'><strong>sive</strong></span> <span class='ocrx_word' id='word_1_509' title='bbox 907 3849 1055 3904; x_wconf 89' lang='lat' dir='ltr'><strong>omni</strong></span> <span class='ocrx_word' id='word_1_510' title='bbox 1094 3862 1256 3904; x_wconf 83' lang='lat' dir='ltr'><strong>sensu</strong></span> <span class='ocrx_word' id='word_1_511' title='bbox 1284 3847 1546 3920; x_wconf 81' lang='lat' dir='ltr'><strong>privatae,</strong></span> <span class='ocrx_word' id='word_1_512' title='bbox 1579 3847 1891 3918; x_wconf 84' lang='lat' dir='ltr'><strong>compositis</strong></span> <span class='ocrx_word' id='word_1_513' title='bbox 1915 3864 2038 3903; x_wconf 85' lang='lat' dir='ltr'><strong>cor-</strong></span> 
     </span>
    </p>
   </div>
   <div class='ocr_carea' id='block_1_71' title="bbox 455 3939 2036 4015">
    <p class='ocr_par' dir='ltr' id='par_1_71' title="bbox 455 3939 2036 4015">
     <span class='ocr_line' id='line_1_71' title="bbox 455 3939 2036 4015; baseline -0.003 -15"><span class='ocrx_word' id='word_1_514' title='bbox 455 3942 904 4015; x_wconf 84' lang='lat' dir='ltr'><strong>ruptibilibusque</strong></span> <span class='ocrx_word' id='word_1_515' title='bbox 931 3941 1250 4014; x_wconf 85' lang='lat' dir='ltr'><strong>corporibus</strong></span> <span class='ocrx_word' id='word_1_516' title='bbox 1295 3955 1404 3996; x_wconf 91' lang='lat' dir='ltr'><strong>non</strong></span> <span class='ocrx_word' id='word_1_517' title='bbox 1445 3949 1757 4011; x_wconf 72' lang='lat' dir='ltr'><strong>gravantur.</strong></span> <span class='ocrx_word' id='word_1_518' title='bbox 1803 3939 2036 3996; x_wconf 82' lang='lat' dir='ltr'><strong>Proinde</strong></span> 
     </span>
    </p>
   </div>
   <div class='ocr_carea' id='block_1_72' title="bbox 456 4033 2036 4108">
    <p class='ocr_par' dir='ltr' id='par_1_72' title="bbox 456 4033 2036 4108">
     <span class='ocr_line' id='line_1_72' title="bbox 456 4033 2036 4108; baseline -0.004 -16"><span class='ocrx_word' id='word_1_519' title='bbox 456 4036 625 4093; x_wconf 87' lang='lat' dir='ltr'><strong>multa</strong></span> <span class='ocrx_word' id='word_1_520' title='bbox 649 4037 889 4108; x_wconf 85' lang='lat' dir='ltr'><strong>reperies</strong></span> <span class='ocrx_word' id='word_1_521' title='bbox 915 4033 1251 4098; x_wconf 79' lang='lat' dir='ltr'><strong>inhomine,</strong></span> <span class='ocrx_word' id='word_1_522' title='bbox 1280 4049 1421 4106; x_wconf 78' lang='lat' dir='ltr'><strong>quae</strong></span> <span class='ocrx_word' id='word_1_523' title='bbox 1463 4048 1804 4103; x_wconf 83' lang='lat' dir='ltr'><strong>nequaquam</strong></span> <span class='ocrx_word' id='word_1_524' title='bbox 1844 4045 2036 4088; x_wconf 88' lang='lat' dir='ltr'><strong>natura</strong></span> 
     </span>
    </p>
   </div>
   <div class='ocr_carea' id='block_1_73' title="bbox 456 4124 2035 4200">
    <p class='ocr_par' dir='ltr' id='par_1_73' title="bbox 456 4124 2035 4200">
     <span class='ocr_line' id='line_1_73' title="bbox 456 4124 2035 4200; baseline -0.005 -14"><span class='ocrx_word' id='word_1_525' title='bbox 456 4128 648 4200; x_wconf 80' lang='lat' dir='ltr'><strong>recipit</strong></span> <span class='ocrx_word' id='word_1_526' title='bbox 664 4127 937 4200; x_wconf 79' lang='lat' dir='ltr'><strong>angelica;</strong></span> <span class='ocrx_word' id='word_1_527' title='bbox 971 4142 1076 4182; x_wconf 89' lang='lat' dir='ltr'><strong>non</strong></span> <span class='ocrx_word' id='word_1_528' title='bbox 1105 4134 1283 4183; x_wconf 88' lang='lat' dir='ltr'><strong>autem</strong></span> <span class='ocrx_word' id='word_1_529' title='bbox 1305 4124 1551 4183; x_wconf 83' lang='lat' dir='ltr'><strong>subsistit</strong></span> <span class='ocrx_word' id='word_1_530' title='bbox 1573 4124 1627 4180; x_wconf 91' lang='lat' dir='ltr'><strong>in</strong></span> <span class='ocrx_word' id='word_1_531' title='bbox 1649 4124 1841 4193; x_wconf 72' lang='lat' dir='ltr'><strong>angelo</strong></span> <span class='ocrx_word' id='word_1_532' title='bbox 1866 4140 1958 4180; x_wconf 85' lang='lat' dir='ltr'><strong>seu</strong></span> <span class='ocrx_word' id='word_1_533' title='bbox 1982 4124 2035 4179; x_wconf 90' lang='lat' dir='ltr'><strong>in</strong></span> 
     </span>
    </p>
   </div>
   <div class='ocr_carea' id='block_1_74' title="bbox 456 4205 2039 4290">
    <p class='ocr_par' dir='ltr' id='par_1_74' title="bbox 456 4205 2039 4290">
     <span class='ocr_line' id='line_1_74' title="bbox 456 4205 2039 4290; baseline -0.003 -13"><span class='ocrx_word' id='word_1_534' title='bbox 456 4205 563 4277; x_wconf 75' lang='lat' dir='ltr'><strong>alia</strong></span> <span class='ocrx_word' id='word_1_535' title='bbox 580 4228 849 4283; x_wconf 80' lang='lat' dir='ltr'><strong>creatura,</strong></span> <span class='ocrx_word' id='word_1_536' title='bbox 871 4218 1014 4290; x_wconf 82' lang='lat' dir='ltr'><strong>quod</strong></span> <span class='ocrx_word' id='word_1_537' title='bbox 1032 4218 1351 4274; x_wconf 87' lang='lat' dir='ltr'><strong>naturaliter</strong></span> <span class='ocrx_word' id='word_1_538' title='bbox 1366 4217 1570 4273; x_wconf 87' lang='lat' dir='ltr'><strong>homini</strong></span> <span class='ocrx_word' id='word_1_539' title='bbox 1593 4232 1695 4274; x_wconf 87' lang='lat' dir='ltr'><strong>non</strong></span> <span class='ocrx_word' id='word_1_540' title='bbox 1718 4216 1865 4273; x_wconf 87' lang='lat' dir='ltr'><strong>insit.</strong></span> <span class='ocrx_word' id='word_1_541' title='bbox 1886 4215 1949 4270; x_wconf 81' lang='lat' dir='ltr'><strong>Et</strong></span> <span class='ocrx_word' id='word_1_542' title='bbox 1970 4230 2039 4273; x_wconf 80' lang='lat' dir='ltr'><strong>ne</strong></span> 
     </span>
    </p>
   </div>
   <div class='ocr_carea' id='block_1_75' title="bbox 456 4309 2035 4385">
    <p class='ocr_par' dir='ltr' id='par_1_75' title="bbox 456 4309 2035 4385">
     <span class='ocr_line' id='line_1_75' title="bbox 456 4309 2035 4385; baseline -0.005 -14"><span class='ocrx_word' id='word_1_543' title='bbox 456 4312 628 4379; x_wconf 82' lang='lat' dir='ltr'><strong>dicas,</strong></span> <span class='ocrx_word' id='word_1_544' title='bbox 647 4314 693 4369; x_wconf 86' lang='lat' dir='ltr'><strong>si</strong></span> <span class='ocrx_word' id='word_1_545' title='bbox 712 4329 839 4385; x_wconf 74' lang='lat' dir='ltr'><strong>ergo</strong></span> <span class='ocrx_word' id='word_1_546' title='bbox 869 4313 1046 4369; x_wconf 86' lang='lat' dir='ltr'><strong>omnis</strong></span> <span class='ocrx_word' id='word_1_547' title='bbox 1074 4310 1279 4381; x_wconf 90' lang='lat' dir='ltr'><strong>species</strong></span> <span class='ocrx_word' id='word_1_548' title='bbox 1310 4312 1451 4367; x_wconf 88' lang='lat' dir='ltr'><strong>vitae</strong></span> <span class='ocrx_word' id='word_1_549' title='bbox 1480 4311 1534 4365; x_wconf 92' lang='lat' dir='ltr'><strong>in</strong></span> <span class='ocrx_word' id='word_1_550' title='bbox 1561 4309 1780 4366; x_wconf 84' lang='lat' dir='ltr'><strong>homine</strong></span> <span class='ocrx_word' id='word_1_551' title='bbox 1800 4320 1902 4373; x_wconf 85' lang='lat' dir='ltr'><strong>est,</strong></span> <span class='ocrx_word' id='word_1_552' title='bbox 1929 4323 2035 4364; x_wconf 90' lang='lat' dir='ltr'><strong>non</strong></span> 
     </span>
    </p>
   </div>
   <div class='ocr_carea' id='block_1_76' title="bbox 460 4401 2035 4474">
    <p class='ocr_par' dir='ltr' id='par_1_76' title="bbox 460 4401 2035 4474">
     <span class='ocr_line' id='line_1_76' title="bbox 460 4401 2035 4474; baseline -0.003 -13"><span class='ocrx_word' id='word_1_553' title='bbox 460 4421 647 4474; x_wconf 87' lang='lat' dir='ltr'><strong>unam,</strong></span> <span class='ocrx_word' id='word_1_554' title='bbox 673 4405 766 4463; x_wconf 81' lang='lat' dir='ltr'><strong>sed</strong></span> <span class='ocrx_word' id='word_1_555' title='bbox 795 4405 1012 4469; x_wconf 88' lang='lat' dir='ltr'><strong>multas,</strong></span> <span class='ocrx_word' id='word_1_556' title='bbox 1039 4412 1095 4460; x_wconf 92' lang='lat' dir='ltr'><strong>et</strong></span> <span class='ocrx_word' id='word_1_557' title='bbox 1128 4420 1159 4458; x_wconf 88' lang='lat' dir='ltr'><strong>a</strong></span> <span class='ocrx_word' id='word_1_558' title='bbox 1187 4418 1249 4460; x_wconf 87' lang='lat' dir='ltr'><strong>se</strong></span> <span class='ocrx_word' id='word_1_559' title='bbox 1272 4401 1581 4460; x_wconf 81' lang='lat' dir='ltr'><strong>differentes</strong></span> <span class='ocrx_word' id='word_1_560' title='bbox 1605 4403 1746 4459; x_wconf 85' lang='lat' dir='ltr'><strong>vitas</strong></span> <span class='ocrx_word' id='word_1_561' title='bbox 1771 4402 2035 4465; x_wconf 83' lang='lat' dir='ltr'><strong>continet,</strong></span> 
     </span>
    </p>
   </div>
   <div class='ocr_carea' id='block_1_77' title="bbox 461 4494 2037 4561">
    <p class='ocr_par' dir='ltr' id='par_1_77' title="bbox 461 4494 2037 4561">
     <span class='ocr_line' id='line_1_77' title="bbox 461 4494 2037 4561; baseline -0.005 -5"><span class='ocrx_word' id='word_1_562' title='bbox 461 4498 667 4558; x_wconf 76' lang='lat' dir='ltr'><strong>habens</strong></span> <span class='ocrx_word' id='word_1_563' title='bbox 687 4497 1052 4555; x_wconf 82' lang='lat' dir='ltr'><strong>irrationalem</strong></span> <span class='ocrx_word' id='word_1_564' title='bbox 1077 4504 1133 4552; x_wconf 89' lang='lat' dir='ltr'><strong>et</strong></span> <span class='ocrx_word' id='word_1_565' title='bbox 1159 4496 1501 4561; x_wconf 83' lang='lat' dir='ltr'><strong>rationalem,</strong></span> <span class='ocrx_word' id='word_1_566' title='bbox 1531 4494 1837 4553; x_wconf 85' lang='lat' dir='ltr'><strong>sensualem</strong></span> <span class='ocrx_word' id='word_1_567' title='bbox 1878 4496 2037 4549; x_wconf 86' lang='lat' dir='ltr'><strong>simul</strong></span> 
     </span>
    </p>
   </div>
   <div class='ocr_carea' id='block_1_78' title="bbox 460 4590 2041 4663">
    <p class='ocr_par' dir='ltr' id='par_1_78' title="bbox 460 4590 2041 4663">
     <span class='ocr_line' id='line_1_78' title="bbox 460 4590 2041 4663; baseline -0.003 -14"><span class='ocrx_word' id='word_1_568' title='bbox 460 4598 518 4649; x_wconf 84' lang='lat' dir='ltr'><strong>et</strong></span> <span class='ocrx_word' id='word_1_569' title='bbox 544 4590 892 4663; x_wconf 69' lang='lat' dir='ltr'><strong>germinalem</strong></span> <span class='ocrx_word' id='word_1_570' title='bbox 916 4608 931 4643; x_wconf 86' lang='lat'><strong>:</strong></span> <span class='ocrx_word' id='word_1_571' title='bbox 957 4591 1167 4646; x_wconf 87' lang='lat' dir='ltr'><strong>intuere</strong></span> <span class='ocrx_word' id='word_1_572' title='bbox 1190 4590 1497 4661; x_wconf 75' lang='lat' dir='ltr'><strong>diligentius</strong></span> <span class='ocrx_word' id='word_1_573' title='bbox 1535 4591 1805 4645; x_wconf 80' lang='lat' dir='ltr'><strong>humanae</strong></span> <span class='ocrx_word' id='word_1_574' title='bbox 1827 4590 2041 4644; x_wconf 86' lang='lat' dir='ltr'><strong>animae</strong></span> 
     </span>
    </p>
   </div>
   <div class='ocr_carea' id='block_1_79' title="bbox 462 4677 2044 4752">
    <p class='ocr_par' dir='ltr' id='par_1_79' title="bbox 462 4677 2044 4752">
     <span class='ocr_line' id='line_1_79' title="bbox 462 4677 2044 4752; baseline -0.003 -15"><span class='ocrx_word' id='word_1_575' title='bbox 462 4681 749 4752; x_wconf 86' lang='lat' dir='ltr'><strong>potentias,</strong></span> <span class='ocrx_word' id='word_1_576' title='bbox 769 4695 908 4751; x_wconf 82' lang='lat' dir='ltr'><strong>quae</strong></span> <span class='ocrx_word' id='word_1_577' title='bbox 935 4680 1062 4735; x_wconf 86' lang='lat' dir='ltr'><strong>dum</strong></span> <span class='ocrx_word' id='word_1_578' title='bbox 1093 4680 1162 4737; x_wconf 89' lang='lat' dir='ltr'><strong>sit</strong></span> <span class='ocrx_word' id='word_1_579' title='bbox 1196 4680 1358 4737; x_wconf 84' lang='lat' dir='ltr'><strong>unius</strong></span> <span class='ocrx_word' id='word_1_580' title='bbox 1381 4678 1731 4748; x_wconf 81' lang='lat' dir='ltr'><strong>ejusdemque</strong></span> <span class='ocrx_word' id='word_1_581' title='bbox 1751 4677 2044 4735; x_wconf 79' lang='lat' dir='ltr'><strong>subsisten-</strong></span> 
     </span>
    </p>
   </div>
   <div class='ocr_carea' id='block_1_80' title="bbox 412 4768 2039 4844">
    <p class='ocr_par' dir='ltr' id='par_1_80' title="bbox 412 4768 2039 4844">
     <span class='ocr_line' id='line_1_80' title="bbox 412 4768 2039 4844; baseline -0.003 -17"><span class='ocrx_word' id='word_1_582' title='bbox 412 4782 434 4844; x_wconf 60' lang='grc' dir='ltr'><strong>ς</strong></span> <span class='ocrx_word' id='word_1_583' title='bbox 463 4771 590 4834; x_wconf 88' lang='lat' dir='ltr'><strong>tiae.</strong></span> <span class='ocrx_word' id='word_1_584' title='bbox 616 4779 670 4825; x_wconf 88' lang='lat' dir='ltr'><strong>et</strong></span> <span class='ocrx_word' id='word_1_585' title='bbox 698 4769 931 4831; x_wconf 87' lang='lat' dir='ltr'><strong>virtutis.</strong></span> <span class='ocrx_word' id='word_1_586' title='bbox 964 4778 1017 4826; x_wconf 88' lang='lat' dir='ltr'><strong>et</strong></span> <span class='ocrx_word' id='word_1_587' title='bbox 1036 4770 1365 4841; x_wconf 84' lang='lat' dir='ltr'><strong>operationis</strong></span> <span class='ocrx_word' id='word_1_588' title='bbox 1391 4769 1443 4823; x_wconf 88' lang='lat' dir='ltr'><strong>in</strong></span> <span class='ocrx_word' id='word_1_589' title='bbox 1465 4769 1715 4824; x_wconf 83' lang='lat' dir='ltr'><strong>omnibus</strong></span> <span class='ocrx_word' id='word_1_590' title='bbox 1736 4768 1893 4829; x_wconf 80' lang='lat' dir='ltr'><strong>simul</strong></span> <span class='ocrx_word' id='word_1_591' title='bbox 1919 4783 2039 4823; x_wconf 80' lang='lat' dir='ltr'><strong>cor-</strong></span> 
     </span>
    </p>
   </div>
   <div class='ocr_carea' id='block_1_81' title="bbox 462 4858 2037 4933">
    <p class='ocr_par' dir='ltr' id='par_1_81' title="bbox 462 4858 2037 4933">
     <span class='ocr_line' id='line_1_81' title="bbox 462 4858 2037 4933; baseline -0.001 -18"><span class='ocrx_word' id='word_1_592' title='bbox 462 4862 682 4930; x_wconf 84' lang='lat' dir='ltr'><strong>poribtts</strong></span> <span class='ocrx_word' id='word_1_593' title='bbox 732 4860 984 4917; x_wconf 87' lang='lat' dir='ltr'><strong>humanis</strong></span> <span class='ocrx_word' id='word_1_594' title='bbox 1025 4868 1080 4915; x_wconf 90' lang='lat' dir='ltr'><strong>et</strong></span> <span class='ocrx_word' id='word_1_595' title='bbox 1107 4859 1452 4933; x_wconf 82' lang='lat' dir='ltr'><strong>generaliter,</strong></span> <span class='ocrx_word' id='word_1_596' title='bbox 1478 4868 1532 4914; x_wconf 88' lang='lat' dir='ltr'><strong>et</strong></span> <span class='ocrx_word' id='word_1_597' title='bbox 1564 4858 1883 4931; x_wconf 75' lang='lat' dir='ltr'><strong>iit-singulis</strong></span> <span class='ocrx_word' id='word_1_598' title='bbox 1913 4873 2037 4927; x_wconf 79' lang='lat' dir='ltr'><strong>spe-</strong></span> 
     </span>
    </p>
   </div>
   <div class='ocr_carea' id='block_1_82' title="bbox 463 4947 2047 5018">
    <p class='ocr_par' dir='ltr' id='par_1_82' title="bbox 463 4947 2047 5018">
     <span class='ocr_line' id='line_1_82' title="bbox 463 4947 2047 5018; baseline -0.003 -11"><span class='ocrx_word' id='word_1_599' title='bbox 463 4952 692 5018; x_wconf 83' lang='lat' dir='ltr'><strong>cialiter,</strong></span> <span class='ocrx_word' id='word_1_600' title='bbox 715 4965 941 5008; x_wconf 77' lang='lat' dir='ltr'><strong>cunctos</strong></span> <span class='ocrx_word' id='word_1_601' title='bbox 979 4960 1157 5015; x_wconf 83' lang='lat' dir='ltr'><strong>tamen</strong></span> <span class='ocrx_word' id='word_1_602' title='bbox 1186 4950 1378 5006; x_wconf 87' lang='lat' dir='ltr'><strong>vitales</strong></span> <span class='ocrx_word' id='word_1_603' title='bbox 1406 4960 1605 5016; x_wconf 90' lang='lat' dir='ltr'><strong>motus,</strong></span> <span class='ocrx_word' id='word_1_604' title='bbox 1622 4947 2047 5006; x_wconf 77' lang='lat' dir='ltr'><strong>administratio-</strong></span> 
     </span>
    </p>
   </div>
   <div class='ocr_carea' id='block_1_83' title="bbox 464 5042 2047 5114">
    <p class='ocr_par' dir='ltr' id='par_1_83' title="bbox 464 5042 2047 5114">
     <span class='ocr_line' id='line_1_83' title="bbox 464 5042 2047 5114; baseline -0.001 -17"><span class='ocrx_word' id='word_1_605' title='bbox 464 5056 668 5114; x_wconf 82' lang='lat' dir='ltr'><strong>nosque</strong></span> <span class='ocrx_word' id='word_1_606' title='bbox 696 5042 1000 5114; x_wconf 88' lang='lat' dir='ltr'><strong>incorpore</strong></span> <span class='ocrx_word' id='word_1_607' title='bbox 1026 5059 1151 5111; x_wconf 87' lang='lat' dir='ltr'><strong>suo,</strong></span> <span class='ocrx_word' id='word_1_608' title='bbox 1182 5043 1320 5097; x_wconf 88' lang='lat' dir='ltr'><strong>intra</strong></span> <span class='ocrx_word' id='word_1_609' title='bbox 1359 5056 1453 5098; x_wconf 85' lang='lat' dir='ltr'><strong>seu</strong></span> <span class='ocrx_word' id='word_1_610' title='bbox 1494 5052 1648 5098; x_wconf 79' lang='lat' dir='ltr'><strong>extra</strong></span> <span class='ocrx_word' id='word_1_611' title='bbox 1700 5049 1876 5113; x_wconf 89' lang='lat' dir='ltr'><strong>potest</strong></span> <span class='ocrx_word' id='word_1_612' title='bbox 1922 5057 2047 5111; x_wconf 77' lang='lat' dir='ltr'><strong>pcr-</strong></span> 
     </span>
    </p>
   </div>
   <div class='ocr_carea' id='block_1_84' title="bbox 464 5133 2046 5207">
    <p class='ocr_par' dir='ltr' id='par_1_84' title="bbox 464 5133 2046 5207">
     <span class='ocr_line' id='line_1_84' title="bbox 464 5133 2046 5207; baseline -0.002 -18"><span class='ocrx_word' id='word_1_613' title='bbox 464 5148 643 5207; x_wconf 75' lang='lat' dir='ltr'><strong>agere.</strong></span> <span class='ocrx_word' id='word_1_614' title='bbox 676 5134 958 5204; x_wconf 86' lang='lat' dir='ltr'><strong>Siquidem</strong></span> <span class='ocrx_word' id='word_1_615' title='bbox 985 5133 1125 5189; x_wconf 89' lang='lat' dir='ltr'><strong>ultra</strong></span> <span class='ocrx_word' id='word_1_616' title='bbox 1151 5147 1442 5205; x_wconf 87' lang='lat' dir='ltr'><strong>corporeos</strong></span> <span class='ocrx_word' id='word_1_617' title='bbox 1466 5148 1661 5189; x_wconf 83' lang='lat' dir='ltr'><strong>sensus</strong></span> <span class='ocrx_word' id='word_1_618' title='bbox 1681 5142 1733 5186; x_wconf 91' lang='lat' dir='ltr'><strong>ct</strong></span> <span class='ocrx_word' id='word_1_619' title='bbox 1756 5134 2046 5188; x_wconf 83' lang='lat' dir='ltr'><strong>ratiocina-</strong></span> 
     </span>
    </p>
   </div>
   <div class='ocr_carea' id='block_1_85' title="bbox 469 5225 2044 5299">
    <p class='ocr_par' dir='ltr' id='par_1_85' title="bbox 469 5225 2044 5299">
     <span class='ocr_line' id='line_1_85' title="bbox 469 5225 2044 5299; baseline -0.002 -19"><span class='ocrx_word' id='word_1_620' title='bbox 469 5233 555 5280; x_wconf 81' lang='lat' dir='ltr'><strong>tur</strong></span> <span class='ocrx_word' id='word_1_621' title='bbox 578 5236 633 5281; x_wconf 82' lang='lat' dir='ltr'><strong>et</strong></span> <span class='ocrx_word' id='word_1_622' title='bbox 662 5228 934 5299; x_wconf 81' lang='lat' dir='ltr'><strong>intelligit,</strong></span> <span class='ocrx_word' id='word_1_623' title='bbox 968 5236 1026 5281; x_wconf 91' lang='lat' dir='ltr'><strong>ut</strong></span> <span class='ocrx_word' id='word_1_624' title='bbox 1060 5226 1300 5299; x_wconf 79' lang='lat' dir='ltr'><strong>augeiiea</strong></span> <span class='ocrx_word' id='word_1_625' title='bbox 1325 5227 1466 5292; x_wconf 88' lang='lat' dir='ltr'><strong>vita;</strong></span> <span class='ocrx_word' id='word_1_626' title='bbox 1498 5227 1549 5282; x_wconf 91' lang='lat' dir='ltr'><strong>in</strong></span> <span class='ocrx_word' id='word_1_627' title='bbox 1579 5225 1827 5282; x_wconf 85' lang='lat' dir='ltr'><strong>sensibus</strong></span> <span class='ocrx_word' id='word_1_628' title='bbox 1850 5242 2044 5296; x_wconf 83' lang='lat' dir='ltr'><strong>corpo-</strong></span> 
     </span>
    </p>
   </div>
   <div class='ocr_carea' id='block_1_86' title="bbox 467 5318 2045 5397">
    <p class='ocr_par' dir='ltr' id='par_1_86' title="bbox 467 5318 2045 5397">
     <span class='ocr_line' id='line_1_86' title="bbox 467 5318 2045 5397; baseline -0.003 -22"><span class='ocrx_word' id='word_1_629' title='bbox 467 5318 576 5375; x_wconf 79' lang='lat' dir='ltr'><strong>reis</strong></span> <span class='ocrx_word' id='word_1_630' title='bbox 602 5320 867 5376; x_wconf 78' lang='lat' dir='ltr'><strong>sentiendi</strong></span> <span class='ocrx_word' id='word_1_631' title='bbox 896 5336 1003 5376; x_wconf 85' lang='lat' dir='ltr'><strong>vnn</strong></span> <span class='ocrx_word' id='word_1_632' title='bbox 1033 5328 1270 5397; x_wconf 38' lang='lat' dir='ltr'><strong>exercet,</strong></span> <span class='ocrx_word' id='word_1_633' title='bbox 1294 5319 1649 5375; x_wconf 86' lang='lat' dir='ltr'><strong>similitudine</strong></span> <span class='ocrx_word' id='word_1_634' title='bbox 1702 5318 2045 5373; x_wconf 79' lang='lat' dir='ltr'><strong>irrationabi-</strong></span> 
     </span>
    </p>
   </div>
   <div class='ocr_carea' id='block_1_87' title="bbox 2132 3203 3726 3282">
    <p class='ocr_par' dir='ltr' id='par_1_87' title="bbox 2132 3203 3726 3282">
     <span class='ocr_line' id='line_1_87' title="bbox 2132 3203 3726 3282; baseline 0.004 -21"><span class='ocrx_word' id='word_1_635' title='bbox 2132 3207 2321 3261; x_wconf 88' lang='lat' dir='ltr'><strong>vivens</strong></span> <span class='ocrx_word' id='word_1_636' title='bbox 2337 3204 2515 3260; x_wconf 85' lang='lat' dir='ltr'><strong>anima</strong></span> <span class='ocrx_word' id='word_1_637' title='bbox 2548 3203 2636 3269; x_wconf 90' lang='lat' dir='ltr'><strong>sit,</strong></span> <span class='ocrx_word' id='word_1_638' title='bbox 2671 3204 2911 3261; x_wconf 87' lang='lat' dir='ltr'><strong>siletttra</strong></span> <span class='ocrx_word' id='word_1_639' title='bbox 2936 3204 3240 3278; x_wconf 82' lang='lat' dir='ltr'><strong>Scriptura,</strong></span> <span class='ocrx_word' id='word_1_640' title='bbox 3273 3216 3331 3264; x_wconf 88' lang='lat' dir='ltr'><strong>ut</strong></span> <span class='ocrx_word' id='word_1_641' title='bbox 3361 3208 3726 3282; x_wconf 68' lang='lat' dir='ltr'><strong>intelligamus</strong></span> 
     </span>
    </p>
   </div>
   <div class='ocr_carea' id='block_1_88' title="bbox 2132 3297 3727 3369">
    <p class='ocr_par' dir='ltr' id='par_1_88' title="bbox 2132 3297 3727 3369">
     <span class='ocr_line' id='line_1_88' title="bbox 2132 3297 3727 3369; baseline 0.006 -16"><span class='ocrx_word' id='word_1_642' title='bbox 2132 3313 2250 3355; x_wconf 88' lang='lat' dir='ltr'><strong>eam</strong></span> <span class='ocrx_word' id='word_1_643' title='bbox 2271 3297 2617 3357; x_wconf 88' lang='lat' dir='ltr'><strong>novissimam</strong></span> <span class='ocrx_word' id='word_1_644' title='bbox 2648 3312 2712 3355; x_wconf 88' lang='lat' dir='ltr'><strong>ac</strong></span> <span class='ocrx_word' id='word_1_645' title='bbox 2735 3297 2757 3329; x_wconf 86' lang='lat'><strong>’</strong></span> <span class='ocrx_word' id='word_1_646' title='bbox 2781 3297 3305 3369; x_wconf 82' lang='lat' dir='ltr'><strong>imperfectissimam</strong></span> <span class='ocrx_word' id='word_1_647' title='bbox 3358 3303 3727 3363; x_wconf 77' lang='lat' dir='ltr'><strong>essentialiter</strong></span> 
     </span>
    </p>
   </div>
   <div class='ocr_carea' id='block_1_89' title="bbox 2110 3390 3728 3466">
    <p class='ocr_par' dir='ltr' id='par_1_89' title="bbox 2110 3390 3728 3466">
     <span class='ocr_line' id='line_1_89' title="bbox 2110 3390 3728 3466; baseline 0.009 -24"><span class='ocrx_word' id='word_1_648' title='bbox 2110 3399 2346 3448; x_wconf 77' lang='lat' dir='ltr'><strong>creatae</strong></span> <span class='ocrx_word' id='word_1_649' title='bbox 2374 3390 2516 3465; x_wconf 82' lang='lat' dir='ltr'><strong>vitae</strong></span> <span class='ocrx_word' id='word_1_650' title='bbox 2546 3390 3034 3461; x_wconf 84' lang='lat' dir='ltr'><strong>participationem.</strong></span> <span class='ocrx_word' id='word_1_651' title='bbox 3068 3394 3145 3449; x_wconf 83' lang='lat' dir='ltr'><strong>Ac</strong></span> <span class='ocrx_word' id='word_1_652' title='bbox 3179 3409 3276 3463; x_wconf 83' lang='lat' dir='ltr'><strong>per</strong></span> <span class='ocrx_word' id='word_1_653' title='bbox 3306 3395 3407 3450; x_wconf 86' lang='lat' dir='ltr'><strong>hoc</strong></span> <span class='ocrx_word' id='word_1_654' title='bbox 3436 3396 3555 3466; x_wconf 86' lang='lat' dir='ltr'><strong>plus</strong></span> <span class='ocrx_word' id='word_1_655' title='bbox 3582 3398 3728 3457; x_wconf 81' lang='lat' dir='ltr'><strong>inter</strong></span> 
     </span>
    </p>
   </div>
   <div class='ocr_carea' id='block_1_90' title="bbox 2131 3483 3726 3556">
    <p class='ocr_par' dir='ltr' id='par_1_90' title="bbox 2131 3483 3726 3556">
     <span class='ocr_line' id='line_1_90' title="bbox 2131 3483 3726 3556; baseline 0.005 -18"><span class='ocrx_word' id='word_1_656' title='bbox 2131 3483 2446 3555; x_wconf 75' lang='lat' dir='ltr'><strong>corporales</strong></span> <span class='ocrx_word' id='word_1_657' title='bbox 2474 3497 2759 3549; x_wconf 85' lang='lat' dir='ltr'><strong>numeros,</strong></span> <span class='ocrx_word' id='word_1_658' title='bbox 2800 3498 2963 3556; x_wconf 87' lang='lat' dir='ltr'><strong>quam</strong></span> <span class='ocrx_word' id='word_1_659' title='bbox 3011 3484 3154 3541; x_wconf 72' lang='lat' dir='ltr'><strong>inter</strong></span> <span class='ocrx_word' id='word_1_660' title='bbox 3200 3487 3391 3545; x_wconf 86' lang='lat' dir='ltr'><strong>vitales</strong></span> <span class='ocrx_word' id='word_1_661' title='bbox 3430 3503 3726 3546; x_wconf 86' lang='lat' dir='ltr'><strong>connume-</strong></span> 
     </span>
    </p>
   </div>
   <div class='ocr_carea' id='block_1_91' title="bbox 2134 3573 3723 3651">
    <p class='ocr_par' dir='ltr' id='par_1_91' title="bbox 2134 3573 3723 3651">
     <span class='ocr_line' id='line_1_91' title="bbox 2134 3573 3723 3651; baseline 0.004 -21"><span class='ocrx_word' id='word_1_662' title='bbox 2134 3576 2363 3631; x_wconf 84' lang='lat' dir='ltr'><strong>randum</strong></span> <span class='ocrx_word' id='word_1_663' title='bbox 2410 3574 2596 3631; x_wconf 81' lang='lat' dir='ltr'><strong>divina</strong></span> <span class='ocrx_word' id='word_1_664' title='bbox 2641 3573 2824 3631; x_wconf 74' lang='lat' dir='ltr'><strong>sanxit</strong></span> <span class='ocrx_word' id='word_1_665' title='bbox 2875 3575 3189 3632; x_wconf 86' lang='lat' dir='ltr'><strong>auctoritas.</strong></span> <span class='ocrx_word' id='word_1_666' title='bbox 3237 3576 3406 3633; x_wconf 84' lang='lat' dir='ltr'><strong>liecte</strong></span> <span class='ocrx_word' id='word_1_667' title='bbox 3462 3578 3631 3651; x_wconf 70' lang='lat' dir='ltr'><strong>igitur</strong></span> <span class='ocrx_word' id='word_1_668' title='bbox 3666 3577 3723 3636; x_wconf 86' lang='lat' dir='ltr'><strong>in</strong></span> 
     </span>
    </p>
   </div>
   <div class='ocr_carea' id='block_1_92' title="bbox 2134 3654 3725 3743">
    <p class='ocr_par' dir='ltr' id='par_1_92' title="bbox 2134 3654 3725 3743">
     <span class='ocr_line' id='line_1_92' title="bbox 2134 3654 3725 3743; baseline 0.006 -23"><span class='ocrx_word' id='word_1_669' title='bbox 2134 3665 2390 3737; x_wconf 64' lang='lat' dir='ltr'><strong>operibus</strong></span> <span class='ocrx_word' id='word_1_670' title='bbox 2424 3673 2685 3738; x_wconf 86' lang='lat' dir='ltr'><strong>quattuor</strong></span> <span class='ocrx_word' id='word_1_671' title='bbox 2722 3666 2930 3723; x_wconf 88' lang='lat' dir='ltr'><strong>dierum</strong></span> <span class='ocrx_word' id='word_1_672' title='bbox 2954 3707 2968 3732; x_wconf 94' lang='lat'><strong>,</strong></span> <span class='ocrx_word' id='word_1_673' title='bbox 2997 3667 3284 3740; x_wconf 85' lang='lat' dir='ltr'><strong>inquibus</strong></span> <span class='ocrx_word' id='word_1_674' title='bbox 3311 3654 3725 3743; x_wconf 76' lang='lat' dir='ltr'><strong>species-caele-</strong></span> 
     </span>
    </p>
   </div>
   <div class='ocr_carea' id='block_1_93' title="bbox 2134 3756 3724 3835">
    <p class='ocr_par' dir='ltr' id='par_1_93' title="bbox 2134 3756 3724 3835">
     <span class='ocr_line' id='line_1_93' title="bbox 2134 3756 3724 3835; baseline 0.005 -24"><span class='ocrx_word' id='word_1_675' title='bbox 2134 3756 2296 3811; x_wconf 88' lang='lat' dir='ltr'><strong>stium</strong></span> <span class='ocrx_word' id='word_1_676' title='bbox 2327 3757 2777 3828; x_wconf 82' lang='lat' dir='ltr'><strong>terrestriumquc</strong></span> <span class='ocrx_word' id='word_1_677' title='bbox 2807 3758 3167 3814; x_wconf 84' lang='lat' dir='ltr'><strong>essentiarum</strong></span> <span class='ocrx_word' id='word_1_678' title='bbox 3194 3774 3259 3814; x_wconf 78' lang='lat' dir='ltr'><strong>ex</strong></span> <span class='ocrx_word' id='word_1_679' title='bbox 3289 3762 3470 3818; x_wconf 88' lang='lat' dir='ltr'><strong>causis</strong></span> <span class='ocrx_word' id='word_1_680' title='bbox 3493 3763 3724 3835; x_wconf 85' lang='lat' dir='ltr'><strong>primor-</strong></span> 
     </span>
    </p>
   </div>
   <div class='ocr_carea' id='block_1_94' title="bbox 2135 3842 3727 3921">
    <p class='ocr_par' dir='ltr' id='par_1_94' title="bbox 2135 3842 3727 3921">
     <span class='ocr_line' id='line_1_94' title="bbox 2135 3842 3727 3921; baseline 0.006 -19"><span class='ocrx_word' id='word_1_681' title='bbox 2135 3847 2367 3903; x_wconf 88' lang='lat' dir='ltr'><strong>dialihus</strong></span> <span class='ocrx_word' id='word_1_682' title='bbox 2412 3848 2803 3919; x_wconf 74' lang='lat' dir='ltr'><strong>producuntur</strong></span> <span class='ocrx_word' id='word_1_683' title='bbox 2831 3848 2883 3903; x_wconf 90' lang='lat' dir='ltr'><strong>in</strong></span> <span class='ocrx_word' id='word_1_684' title='bbox 2924 3860 3205 3920; x_wconf 88' lang='lat' dir='ltr'><strong>apertum,</strong></span> <span class='ocrx_word' id='word_1_685' title='bbox 3245 3859 3295 3907; x_wconf 89' lang='lat' dir='ltr'><strong>et</strong></span> <span class='ocrx_word' id='word_1_686' title='bbox 3337 3842 3727 3921; x_wconf 86' lang='lat' dir='ltr'><strong>perfectionem</strong></span> 
     </span>
    </p>
   </div>
   <div class='ocr_carea' id='block_1_95' title="bbox 2137 3937 3727 4012">
    <p class='ocr_par' dir='ltr' id='par_1_95' title="bbox 2137 3937 3727 4012">
     <span class='ocr_line' id='line_1_95' title="bbox 2137 3937 3727 4012; baseline 0.006 -19"><span class='ocrx_word' id='word_1_687' title='bbox 2137 3953 2268 4002; x_wconf 84' lang='lat' dir='ltr'><strong>suae</strong></span> <span class='ocrx_word' id='word_1_688' title='bbox 2320 3937 2662 3995; x_wconf 85' lang='lat' dir='ltr'><strong>formationis</strong></span> <span class='ocrx_word' id='word_1_689' title='bbox 2713 3939 3022 4012; x_wconf 83' lang='lat' dir='ltr'><strong>accipiunt,</strong></span> <span class='ocrx_word' id='word_1_690' title='bbox 3076 3942 3238 4012; x_wconf 82' lang='lat' dir='ltr'><strong>hujus</strong></span> <span class='ocrx_word' id='word_1_691' title='bbox 3299 3942 3483 4001; x_wconf 85' lang='lat' dir='ltr'><strong>vitalis</strong></span> <span class='ocrx_word' id='word_1_692' title='bbox 3544 3953 3727 4003; x_wconf 82' lang='lat' dir='ltr'><strong>motus</strong></span> 
     </span>
    </p>
   </div>
   <div class='ocr_carea' id='block_1_96' title="bbox 2136 4009 3727 4101">
    <p class='ocr_par' dir='ltr' id='par_1_96' title="bbox 2136 4009 3727 4101">
     <span class='ocr_line' id='line_1_96' title="bbox 2136 4009 3727 4101; baseline 0.004 -15"><span class='ocrx_word' id='word_1_693' title='bbox 2136 4028 2281 4086; x_wconf 88' lang='lat' dir='ltr'><strong>nulla</strong></span> <span class='ocrx_word' id='word_1_694' title='bbox 2303 4028 2628 4101; x_wconf 68' lang='lat' dir='ltr'><strong>signiﬁcatio</strong></span> <span class='ocrx_word' id='word_1_695' title='bbox 2654 4009 2971 4099; x_wconf 78' lang='lat' dir='ltr'><strong>interposita</strong></span> <span class='ocrx_word' id='word_1_696' title='bbox 2995 4009 3095 4087; x_wconf 75' lang='lat' dir='ltr'><strong>est.</strong></span> <span class='ocrx_word' id='word_1_697' title='bbox 3125 4009 3259 4086; x_wconf 71' lang='lat' dir='ltr'><strong>riam</strong></span> <span class='ocrx_word' id='word_1_698' title='bbox 3289 4040 3345 4089; x_wconf 84' lang='lat' dir='ltr'><strong>et</strong></span> <span class='ocrx_word' id='word_1_699' title='bbox 3371 4033 3424 4091; x_wconf 89' lang='lat' dir='ltr'><strong>in</strong></span> <span class='ocrx_word' id='word_1_700' title='bbox 3455 4033 3616 4090; x_wconf 88' lang='lat' dir='ltr'><strong>tertia</strong></span> <span class='ocrx_word' id='word_1_701' title='bbox 3635 4033 3727 4092; x_wconf 89' lang='lat' dir='ltr'><strong>die</strong></span> 
     </span>
    </p>
   </div>
   <div class='ocr_carea' id='block_1_97' title="bbox 2138 4119 3730 4197">
    <p class='ocr_par' dir='ltr' id='par_1_97' title="bbox 2138 4119 3730 4197">
     <span class='ocr_line' id='line_1_97' title="bbox 2138 4119 3730 4197; baseline 0.004 -20"><span class='ocrx_word' id='word_1_702' title='bbox 2138 4120 2348 4185; x_wconf 83' lang='lat' dir='ltr'><strong>siletur,</strong></span> <span class='ocrx_word' id='word_1_703' title='bbox 2378 4119 2431 4176; x_wconf 90' lang='lat' dir='ltr'><strong>in</strong></span> <span class='ocrx_word' id='word_1_704' title='bbox 2451 4136 2558 4190; x_wconf 84' lang='lat' dir='ltr'><strong>qua</strong></span> <span class='ocrx_word' id='word_1_705' title='bbox 2588 4120 2878 4177; x_wconf 80' lang='lat' dir='ltr'><strong>ltetbartun</strong></span> <span class='ocrx_word' id='word_1_706' title='bbox 2909 4121 3285 4194; x_wconf 66' lang='lat' dir='ltr'><strong>lignorumque</strong></span> <span class='ocrx_word' id='word_1_707' title='bbox 3313 4124 3636 4197; x_wconf 67' lang='lat' dir='ltr'><strong>geminatio</strong></span> <span class='ocrx_word' id='word_1_708' title='bbox 3658 4127 3730 4182; x_wconf 82' lang='lat' dir='ltr'><strong>tie</strong></span> 
     </span>
    </p>
   </div>
   <div class='ocr_carea' id='block_1_98' title="bbox 2142 4213 3727 4287">
    <p class='ocr_par' dir='ltr' id='par_1_98' title="bbox 2142 4213 3727 4287">
     <span class='ocr_line' id='line_1_98' title="bbox 2142 4213 3727 4287; baseline 0.005 -17"><span class='ocrx_word' id='word_1_709' title='bbox 2142 4226 2284 4270; x_wconf 82' lang='lat' dir='ltr'><strong>terra</strong></span> <span class='ocrx_word' id='word_1_710' title='bbox 2331 4213 2682 4285; x_wconf 86' lang='lat' dir='ltr'><strong>praecipitur,</strong></span> <span class='ocrx_word' id='word_1_711' title='bbox 2727 4213 2778 4268; x_wconf 92' lang='lat' dir='ltr'><strong>in</strong></span> <span class='ocrx_word' id='word_1_712' title='bbox 2822 4215 3018 4287; x_wconf 86' lang='lat' dir='ltr'><strong>quibus</strong></span> <span class='ocrx_word' id='word_1_713' title='bbox 3064 4216 3549 4276; x_wconf 75' lang='lat' dir='ltr'><strong>administrationis</strong></span> <span class='ocrx_word' id='word_1_714' title='bbox 3588 4236 3727 4278; x_wconf 80' lang='lat' dir='ltr'><strong>suae</strong></span> 
     </span>
    </p>
   </div>
   <div class='ocr_carea' id='block_1_99' title="bbox 2141 4308 3725 4385">
    <p class='ocr_par' dir='ltr' id='par_1_99' title="bbox 2141 4308 3725 4385">
     <span class='ocr_line' id='line_1_99' title="bbox 2141 4308 3725 4385; baseline 0.003 -22"><span class='ocrx_word' id='word_1_715' title='bbox 2141 4310 2392 4365; x_wconf 83' lang='lat' dir='ltr'><strong>virtutem</strong></span> <span class='ocrx_word' id='word_1_716' title='bbox 2436 4308 2716 4378; x_wconf 87' lang='lat' dir='ltr'><strong>corporeis</strong></span> <span class='ocrx_word' id='word_1_717' title='bbox 2762 4308 3011 4364; x_wconf 85' lang='lat' dir='ltr'><strong>sensibus</strong></span> <span class='ocrx_word' id='word_1_718' title='bbox 3049 4308 3379 4366; x_wconf 70' lang='lat' dir='ltr'><strong>manifestat.</strong></span> <span class='ocrx_word' id='word_1_719' title='bbox 3422 4310 3540 4368; x_wconf 78' lang='lat' dir='ltr'><strong>Non</strong></span> <span class='ocrx_word' id='word_1_720' title='bbox 3579 4315 3725 4385; x_wconf 75' lang='lat' dir='ltr'><strong>quod</strong></span> 
     </span>
    </p>
   </div>
   <div class='ocr_carea' id='block_1_100' title="bbox 2136 4399 3729 4475">
    <p class='ocr_par' dir='ltr' id='par_1_100' title="bbox 2136 4399 3729 4475">
     <span class='ocr_line' id='line_1_100' title="bbox 2136 4399 3729 4475; baseline 0.002 -19"><span class='ocrx_word' id='word_1_721' title='bbox 2136 4402 2257 4472; x_wconf 83' lang='lat' dir='ltr'><strong>ipsa</strong></span> <span class='ocrx_word' id='word_1_722' title='bbox 2294 4399 2502 4469; x_wconf 89' lang='lat' dir='ltr'><strong>species</strong></span> <span class='ocrx_word' id='word_1_723' title='bbox 2530 4400 2670 4454; x_wconf 85' lang='lat' dir='ltr'><strong>vitae</strong></span> <span class='ocrx_word' id='word_1_724' title='bbox 2714 4400 2769 4455; x_wconf 91' lang='lat' dir='ltr'><strong>in</strong></span> <span class='ocrx_word' id='word_1_725' title='bbox 2800 4408 2995 4454; x_wconf 88' lang='lat' dir='ltr'><strong>natura</strong></span> <span class='ocrx_word' id='word_1_726' title='bbox 3036 4416 3215 4456; x_wconf 87' lang='lat' dir='ltr'><strong>rerum</strong></span> <span class='ocrx_word' id='word_1_727' title='bbox 3254 4403 3729 4475; x_wconf 79' lang='lat' dir='ltr'><strong>proportionalitcr</strong></span> 
     </span>
    </p>
   </div>
   <div class='ocr_carea' id='block_1_101' title="bbox 2140 4484 3729 4566">
    <p class='ocr_par' dir='ltr' id='par_1_101' title="bbox 2140 4484 3729 4566">
     <span class='ocr_line' id='line_1_101' title="bbox 2140 4484 3729 4566; baseline 0.001 -21"><span class='ocrx_word' id='word_1_728' title='bbox 2140 4488 2467 4547; x_wconf 85' lang='lat' dir='ltr'><strong>subsistendi</strong></span> <span class='ocrx_word' id='word_1_729' title='bbox 2495 4490 2670 4545; x_wconf 89' lang='lat' dir='ltr'><strong>locum</strong></span> <span class='ocrx_word' id='word_1_730' title='bbox 2695 4505 2799 4544; x_wconf 91' lang='lat' dir='ltr'><strong>non</strong></span> <span class='ocrx_word' id='word_1_731' title='bbox 2824 4489 3099 4557; x_wconf 86' lang='lat' dir='ltr'><strong>obtineat;</strong></span> <span class='ocrx_word' id='word_1_732' title='bbox 3134 4506 3241 4547; x_wconf 92' lang='lat' dir='ltr'><strong>non</strong></span> <span class='ocrx_word' id='word_1_733' title='bbox 3264 4493 3411 4548; x_wconf 87' lang='lat' dir='ltr'><strong>enim</strong></span> <span class='ocrx_word' id='word_1_734' title='bbox 3441 4484 3729 4566; x_wconf 86' lang='lat' dir='ltr'><strong>parvipcn-</strong></span> 
     </span>
    </p>
   </div>
   <div class='ocr_carea' id='block_1_102' title="bbox 2107 4570 3730 4655">
    <p class='ocr_par' dir='ltr' id='par_1_102' title="bbox 2107 4570 3730 4655">
     <span class='ocr_line' id='line_1_102' title="bbox 2107 4570 3730 4655; baseline 0.003 -19"><span class='ocrx_word' id='word_1_735' title='bbox 2107 4602 2113 4606; x_wconf 85' lang='grc'><strong>-</strong></span> <span class='ocrx_word' id='word_1_736' title='bbox 2140 4579 2315 4636; x_wconf 81' lang='lat' dir='ltr'><strong>(lentia</strong></span> <span class='ocrx_word' id='word_1_737' title='bbox 2344 4588 2430 4635; x_wconf 89' lang='lat' dir='ltr'><strong>est</strong></span> <span class='ocrx_word' id='word_1_738' title='bbox 2452 4582 2533 4635; x_wconf 87' lang='lat' dir='ltr'><strong>vis</strong></span> <span class='ocrx_word' id='word_1_739' title='bbox 2557 4570 2643 4633; x_wconf 82' lang='lat' dir='ltr'><strong>illa</strong></span> <span class='ocrx_word' id='word_1_740' title='bbox 2670 4580 2962 4645; x_wconf 86' lang='lat' dir='ltr'><strong>naturalis,</strong></span> <span class='ocrx_word' id='word_1_741' title='bbox 2994 4589 3133 4651; x_wconf 81' lang='lat' dir='ltr'><strong>quae</strong></span> <span class='ocrx_word' id='word_1_742' title='bbox 3153 4584 3357 4647; x_wconf 74' lang='lat' dir='ltr'><strong>munia,</strong></span> <span class='ocrx_word' id='word_1_743' title='bbox 3389 4598 3531 4655; x_wconf 86' lang='lat' dir='ltr'><strong>quae</strong></span> <span class='ocrx_word' id='word_1_744' title='bbox 3553 4595 3730 4641; x_wconf 85' lang='lat' dir='ltr'><strong>terrae</strong></span> 
     </span>
    </p>
   </div>
   <div class='ocr_carea' id='block_1_103' title="bbox 2144 4668 3724 4737">
    <p class='ocr_par' dir='ltr' id='par_1_103' title="bbox 2144 4668 3724 4737">
     <span class='ocr_line' id='line_1_103' title="bbox 2144 4668 3724 4737; baseline 0.003 -11"><span class='ocrx_word' id='word_1_745' title='bbox 2144 4671 2403 4726; x_wconf 81' lang='lat' dir='ltr'><strong>radicitus</strong></span> <span class='ocrx_word' id='word_1_746' title='bbox 2435 4671 2741 4735; x_wconf 87' lang='lat' dir='ltr'><strong>inhaerent,</strong></span> <span class='ocrx_word' id='word_1_747' title='bbox 2771 4679 2825 4723; x_wconf 81' lang='lat' dir='ltr'><strong>et</strong></span> <span class='ocrx_word' id='word_1_748' title='bbox 2855 4685 2923 4727; x_wconf 78' lang='lat' dir='ltr'><strong>ex</strong></span> <span class='ocrx_word' id='word_1_749' title='bbox 2952 4678 3094 4727; x_wconf 86' lang='lat' dir='ltr'><strong>terra</strong></span> <span class='ocrx_word' id='word_1_750' title='bbox 3124 4668 3724 4737; x_wconf 72' lang='lat' dir='ltr'><strong>uriuntur,secundum</strong></span> 
     </span>
    </p>
   </div>
   <div class='ocr_carea' id='block_1_104' title="bbox 2144 4763 3730 4843">
    <p class='ocr_par' dir='ltr' id='par_1_104' title="bbox 2144 4763 3730 4843">
     <span class='ocr_line' id='line_1_104' title="bbox 2144 4763 3730 4843; baseline 0.006 -25"><span class='ocrx_word' id='word_1_751' title='bbox 2144 4763 2411 4819; x_wconf 79' lang='lat' dir='ltr'><strong>inﬁnitam</strong></span> <span class='ocrx_word' id='word_1_752' title='bbox 2458 4766 2903 4821; x_wconf 85' lang='lat' dir='ltr'><strong>numerositatem</strong></span> <span class='ocrx_word' id='word_1_753' title='bbox 2944 4766 3285 4823; x_wconf 85' lang='lat' dir='ltr'><strong>surculorum</strong></span> <span class='ocrx_word' id='word_1_754' title='bbox 3331 4770 3730 4843; x_wconf 84' lang='lat' dir='ltr'><strong>herbarumque</strong></span> 
     </span>
    </p>
   </div>
   <div class='ocr_carea' id='block_1_105' title="bbox 2143 4856 3731 4930">
    <p class='ocr_par' dir='ltr' id='par_1_105' title="bbox 2143 4856 3731 4930">
     <span class='ocr_line' id='line_1_105' title="bbox 2143 4856 3731 4930; baseline 0.003 -18"><span class='ocrx_word' id='word_1_755' title='bbox 2143 4867 2198 4912; x_wconf 91' lang='lat' dir='ltr'><strong>et</strong></span> <span class='ocrx_word' id='word_1_756' title='bbox 2248 4857 2420 4911; x_wconf 89' lang='lat' dir='ltr'><strong>nutrit</strong></span> <span class='ocrx_word' id='word_1_757' title='bbox 2454 4869 2509 4911; x_wconf 83' lang='lat' dir='ltr'><strong>et</strong></span> <span class='ocrx_word' id='word_1_758' title='bbox 2549 4867 2739 4925; x_wconf 82' lang='lat' dir='ltr'><strong>anget,</strong></span> <span class='ocrx_word' id='word_1_759' title='bbox 2791 4856 2954 4927; x_wconf 80' lang='lat' dir='ltr'><strong>inque</strong></span> <span class='ocrx_word' id='word_1_760' title='bbox 3003 4859 3211 4927; x_wconf 86' lang='lat' dir='ltr'><strong>species</strong></span> <span class='ocrx_word' id='word_1_761' title='bbox 3255 4863 3527 4930; x_wconf 86' lang='lat' dir='ltr'><strong>proprias,</strong></span> <span class='ocrx_word' id='word_1_762' title='bbox 3571 4860 3731 4929; x_wconf 71' lang='lat' dir='ltr'><strong>juxta</strong></span> 
     </span>
    </p>
   </div>
   <div class='ocr_carea' id='block_1_106' title="bbox 2139 4949 3728 5022">
    <p class='ocr_par' dir='ltr' id='par_1_106' title="bbox 2139 4949 3728 5022">
     <span class='ocr_line' id='line_1_106' title="bbox 2139 4949 3728 5022; baseline 0.001 -17"><span class='ocrx_word' id='word_1_763' title='bbox 2139 4949 2479 5022; x_wconf 65' lang='lat' dir='ltr'><strong>singulorum</strong></span> <span class='ocrx_word' id='word_1_764' title='bbox 2534 4966 2791 5019; x_wconf 66' lang='lat' dir='ltr'><strong>generum</strong></span> <span class='ocrx_word' id='word_1_765' title='bbox 2837 4950 3276 5017; x_wconf 83' lang='lat' dir='ltr'><strong>similitudinem,</strong></span> <span class='ocrx_word' id='word_1_766' title='bbox 3326 4960 3381 5007; x_wconf 75' lang='lat' dir='ltr'><strong>et</strong></span> <span class='ocrx_word' id='word_1_767' title='bbox 3426 4953 3728 5008; x_wconf 81' lang='lat' dir='ltr'><strong>naturalem</strong></span> 
     </span>
    </p>
   </div>
   <div class='ocr_carea' id='block_1_107' title="bbox 2147 5041 3731 5115">
    <p class='ocr_par' dir='ltr' id='par_1_107' title="bbox 2147 5041 3731 5115">
     <span class='ocr_line' id='line_1_107' title="bbox 2147 5041 3731 5115; baseline 0.002 -18"><span class='ocrx_word' id='word_1_768' title='bbox 2147 5042 2586 5112; x_wconf 83' lang='lat' dir='ltr'><strong>consequentiam</strong></span> <span class='ocrx_word' id='word_1_769' title='bbox 2640 5041 2861 5107; x_wconf 82' lang='lat' dir='ltr'><strong>florum,</strong></span> <span class='ocrx_word' id='word_1_770' title='bbox 2918 5041 3231 5108; x_wconf 85' lang='lat' dir='ltr'><strong>fructuum,</strong></span> <span class='ocrx_word' id='word_1_771' title='bbox 3282 5044 3582 5107; x_wconf 86' lang='lat' dir='ltr'><strong>seminum,</strong></span> <span class='ocrx_word' id='word_1_772' title='bbox 3632 5060 3731 5115; x_wconf 82' lang='lat' dir='ltr'><strong>per</strong></span> 
     </span>
    </p>
   </div>
   <div class='ocr_carea' id='block_1_108' title="bbox 2149 5131 3729 5204">
    <p class='ocr_par' dir='ltr' id='par_1_108' title="bbox 2149 5131 3729 5204">
     <span class='ocr_line' id='line_1_108' title="bbox 2149 5131 3729 5204; baseline 0.001 -19"><span class='ocrx_word' id='word_1_773' title='bbox 2149 5146 2402 5187; x_wconf 80' lang='lat' dir='ltr'><strong>ttutneros</strong></span> <span class='ocrx_word' id='word_1_774' title='bbox 2455 5131 2693 5186; x_wconf 87' lang='lat' dir='ltr'><strong>locorum</strong></span> <span class='ocrx_word' id='word_1_775' title='bbox 2741 5140 2796 5187; x_wconf 88' lang='lat' dir='ltr'><strong>et</strong></span> <span class='ocrx_word' id='word_1_776' title='bbox 2845 5142 3146 5203; x_wconf 84' lang='lat' dir='ltr'><strong>temporum</strong></span> <span class='ocrx_word' id='word_1_777' title='bbox 3198 5132 3462 5204; x_wconf 82' lang='lat' dir='ltr'><strong>producit.</strong></span> <span class='ocrx_word' id='word_1_778' title='bbox 3528 5133 3729 5189; x_wconf 81' lang='lat' dir='ltr'><strong>Verum</strong></span> 
     </span>
    </p>
   </div>
   <div class='ocr_carea' id='block_1_109' title="bbox 2149 5223 3731 5297">
    <p class='ocr_par' dir='ltr' id='par_1_109' title="bbox 2149 5223 3731 5297">
     <span class='ocr_line' id='line_1_109' title="bbox 2149 5223 3731 5297; baseline 0.003 -21"><span class='ocrx_word' id='word_1_779' title='bbox 2149 5223 2402 5292; x_wconf 80' lang='lat' dir='ltr'><strong>quoniam</strong></span> <span class='ocrx_word' id='word_1_780' title='bbox 2433 5231 2586 5278; x_wconf 75' lang='lat' dir='ltr'><strong>extra</strong></span> <span class='ocrx_word' id='word_1_781' title='bbox 2612 5238 2808 5293; x_wconf 82' lang='lat' dir='ltr'><strong>corpus</strong></span> <span class='ocrx_word' id='word_1_782' title='bbox 2836 5223 2911 5277; x_wconf 89' lang='lat' dir='ltr'><strong>nil</strong></span> <span class='ocrx_word' id='word_1_783' title='bbox 2934 5238 3095 5295; x_wconf 80' lang='lat' dir='ltr'><strong>agere</strong></span> <span class='ocrx_word' id='word_1_784' title='bbox 3123 5225 3421 5295; x_wconf 81' lang='lat' dir='ltr'><strong>praevalet.</strong></span> <span class='ocrx_word' id='word_1_785' title='bbox 3468 5240 3568 5286; x_wconf 77' lang='lat' dir='ltr'><strong>nec</strong></span> <span class='ocrx_word' id='word_1_786' title='bbox 3605 5242 3731 5297; x_wconf 87' lang='lat' dir='ltr'><strong>per-</strong></span> 
     </span>
    </p>
   </div>
   <div class='ocr_carea' id='block_1_110' title="bbox 2149 5312 3743 5385">
    <p class='ocr_par' dir='ltr' id='par_1_110' title="bbox 2149 5312 3743 5385">
     <span class='ocr_line' id='line_1_110' title="bbox 2149 5312 3743 5385; baseline -0.003 -15"><span class='ocrx_word' id='word_1_787' title='bbox 2149 5314 2325 5370; x_wconf 87' lang='lat' dir='ltr'><strong>fectae</strong></span> <span class='ocrx_word' id='word_1_788' title='bbox 2360 5312 2535 5379; x_wconf 86' lang='lat' dir='ltr'><strong>vitae,</strong></span> <span class='ocrx_word' id='word_1_789' title='bbox 2576 5313 3000 5385; x_wconf 76' lang='lat' dir='ltr'><strong>corporibusque</strong></span> <span class='ocrx_word' id='word_1_790' title='bbox 3040 5316 3338 5378; x_wconf 79' lang='lat' dir='ltr'><strong>absolutae,</strong></span> <span class='ocrx_word' id='word_1_791' title='bbox 3381 5318 3631 5371; x_wconf 80' lang='lat' dir='ltr'><strong>virtmem</strong></span> <span class='ocrx_word' id='word_1_792' title='bbox 3675 5316 3743 5373; x_wconf 69' lang='lat' dir='ltr'><strong>in,</strong></span> 
     </span>
    </p>
   </div>
   <div class='ocr_carea' id='block_1_111' title="bbox 1743 5487 2427 5548">
    <p class='ocr_par' dir='ltr' id='par_1_111' title="bbox 1743 5487 2427 5548">
     <span class='ocr_line' id='line_1_111' title="bbox 1743 5487 2427 5548; baseline -0.001 -2"><span class='ocrx_word' id='word_1_793' title='bbox 1743 5493 1828 5546; x_wconf 66' lang='lat' dir='ltr'><strong>VA</strong></span> <span class='ocrx_word' id='word_1_794' title='bbox 1841 5491 1998 5547; x_wconf 75' lang='lat' dir='ltr'><strong>RIAE</strong></span> <span class='ocrx_word' id='word_1_795' title='bbox 2034 5487 2427 5548; x_wconf 78' lang='lat' dir='ltr'><strong>LECTIONES.</strong></span> 
     </span>
    </p>
   </div>
   <div class='ocr_carea' id='block_1_112' title="bbox 546 5628 2023 5685">
    <p class='ocr_par' dir='ltr' id='par_1_112' title="bbox 546 5628 2023 5685">
     <span class='ocr_line' id='line_1_112' title="bbox 546 5628 2023 5685; baseline 0.002 -3"><span class='ocrx_word' id='word_1_796' title='bbox 546 5630 555 5647; x_wconf 89' lang='lat'>&#39;</span> <span class='ocrx_word' id='word_1_797' title='bbox 590 5632 628 5682; x_wconf 84' lang='grc' dir='ltr'><strong>Α</strong></span> <span class='ocrx_word' id='word_1_798' title='bbox 671 5630 1020 5685; x_wconf 72' lang='lat' dir='ltr'><strong>distribuitur.</strong></span> <span class='ocrx_word' id='word_1_799' title='bbox 1126 5630 1150 5660; x_wconf 85' lang='grc'>¹</span> <span class='ocrx_word' id='word_1_800' title='bbox 1177 5631 1214 5683; x_wconf 74' lang='grc' dir='ltr'>Α</span> <span class='ocrx_word' id='word_1_801' title='bbox 1246 5631 1447 5685; x_wconf 71' lang='grc' dir='ltr'><strong>ὀοιιαιὶ,</strong></span> <span class='ocrx_word' id='word_1_802' title='bbox 1555 5630 1579 5661; x_wconf 82' lang='grc'><strong>³</strong></span> <span class='ocrx_word' id='word_1_803' title='bbox 1605 5628 1643 5685; x_wconf 74' lang='grc' dir='ltr'><strong><em>ε</em></strong></span> <span class='ocrx_word' id='word_1_804' title='bbox 1678 5630 2023 5685; x_wconf 73' lang='lat' dir='ltr'><strong>rationabilis.</strong></span> 
     </span>
    </p>
   </div>
   <div class='ocr_carea' id='block_1_113' title="bbox 487 5687 1845 5779">
    <p class='ocr_par' dir='ltr' id='par_1_113' title="bbox 487 5687 1845 5779">
     <span class='ocr_line' id='line_1_113' title="bbox 487 5687 1845 5779; baseline 0.003 -27"><span class='ocrx_word' id='word_1_805' title='bbox 487 5687 560 5779; x_wconf 66' lang='grc' dir='ltr'>Ἀ</span> <span class='ocrx_word' id='word_1_806' title='bbox 595 5716 789 5767; x_wconf 75' lang='lat' dir='ltr'><strong>expers</strong></span> <span class='ocrx_word' id='word_1_807' title='bbox 820 5718 968 5760; x_wconf 74' lang='lat' dir='ltr'><strong>esse;</strong></span> <span class='ocrx_word' id='word_1_808' title='bbox 997 5697 1034 5755; x_wconf 84' lang='lat' dir='ltr'><strong>C</strong></span> <span class='ocrx_word' id='word_1_809' title='bbox 1064 5712 1138 5755; x_wconf 80' lang='lat' dir='ltr'><strong>est</strong></span> <span class='ocrx_word' id='word_1_810' title='bbox 1162 5699 1320 5756; x_wconf 85' lang='lat' dir='ltr'><strong>ltttcts</strong></span> <span class='ocrx_word' id='word_1_811' title='bbox 1352 5702 1567 5756; x_wconf 84' lang='lat' dir='ltr'><strong>delevit.</strong></span> <span class='ocrx_word' id='word_1_812' title='bbox 1641 5702 1662 5732; x_wconf 83' lang='lat'><strong>&#39;</strong></span> <span class='ocrx_word' id='word_1_813' title='bbox 1703 5706 1740 5755; x_wconf 84' lang='grc' dir='ltr'><strong>Α</strong></span> <span class='ocrx_word' id='word_1_814' title='bbox 1775 5712 1845 5757; x_wconf 73' lang='lat' dir='ltr'><strong>et.</strong></span> 
     </span>
    </p>
   </div>
   <div class='ocr_carea' id='block_1_114' title="bbox 2125 5616 3723 5699">
    <p class='ocr_par' dir='ltr' id='par_1_114' title="bbox 2125 5616 3723 5699">
     <span class='ocr_line' id='line_1_114' title="bbox 2125 5616 3723 5699; baseline 0.006 -18"><span class='ocrx_word' id='word_1_815' title='bbox 2125 5628 2144 5662; x_wconf 68' lang='grc'>⁸</span> <span class='ocrx_word' id='word_1_816' title='bbox 2171 5639 2219 5683; x_wconf 66' lang='lat' dir='ltr'><strong>rt</strong></span> <span class='ocrx_word' id='word_1_817' title='bbox 2266 5647 2368 5686; x_wconf 83' lang='lat' dir='ltr'><strong>ent.</strong></span> <span class='ocrx_word' id='word_1_818' title='bbox 2408 5633 2468 5685; x_wconf 82' lang='grc' dir='ltr'><strong>Α.</strong></span> <span class='ocrx_word' id='word_1_819' title='bbox 2572 5626 2750 5685; x_wconf 62' lang='grc' dir='ltr'><strong>δεηίιη</strong></span> <span class='ocrx_word' id='word_1_820' title='bbox 2783 5616 2974 5687; x_wconf 79' lang='lat' dir='ltr'><strong>om.(&#39;..</strong></span> <span class='ocrx_word' id='word_1_821' title='bbox 3085 5633 3103 5661; x_wconf 65' lang='grc' dir='ltr'>θ</span> <span class='ocrx_word' id='word_1_822' title='bbox 3136 5631 3174 5685; x_wconf 88' lang='lat' dir='ltr'>C</span> <span class='ocrx_word' id='word_1_823' title='bbox 3207 5634 3351 5699; x_wconf 72' lang='lat' dir='ltr'><strong>viget.</strong></span> <span class='ocrx_word' id='word_1_824' title='bbox 3456 5634 3475 5663; x_wconf 90' lang='grc'><strong>⁷</strong></span> <span class='ocrx_word' id='word_1_825' title='bbox 3507 5631 3545 5689; x_wconf 88' lang='lat' dir='ltr'><strong>C</strong></span> <span class='ocrx_word' id='word_1_826' title='bbox 3580 5636 3723 5691; x_wconf 78' lang='lat' dir='ltr'><strong>dicit.</strong></span> 
     </span>
    </p>
   </div>
  </div>
