4260 6082
363 361 482 422 ἿΠ

362 589 472 630 uno
501 587 700 647 genere
735 575 1102 645 continentur,
1163 581 1340 642 adhuc
1393 599 1494 656 per
1545 583 1880 642 diderentias
1902 595 1960 642 et

358 665 722 738 proprietates
789 665 1084 725 intellectui
1150 671 1233 727 vel
1281 674 1480 730 sensui
1537 675 1786 746 cognitae
1850 692 1957 731 non

361 759 746 836 succumbunt,
774 761 871 816 sed
916 761 1083 818 veluti
1107 765 1592 834 quaedam‘tmitas
1618 768 1854 828 nondum
1881 768 1959 824 di-

362 849 476 906 visa
501 849 764 915 subsistit,
789 853 962 909 donec
1000 871 1358 927 unaquaeque
1395 875 1547 915 suam
1571 861 1956 932 proprietatem

363 949 416 996 et
442 940 806 997 dill'ereutiam
834 943 890 998 in
911 945 1094 1014 specie
1123 947 1400 1028 individua
1430 949 1843 1024 iutelligibiliter
1872 951 1958 1006 vel

357 1031 694 1088 sensibiliter
737 1033 974 1106 accipiat
1023 1053 1038 1091 :
1080 1037 1153 1090 ita
1209 1039 1584 1112 unusquisque
1608 1040 1665 1097 in
1709 1056 1956 1097 commn-

360 1121 523 1186 nione
552 1132 825 1187 humanae
865 1141 1092 1190 naturae
1147 1151 1252 1191 nec
1304 1135 1546 1208 seipsum
1593 1152 1694 1192 nec
1723 1139 1957 1192 consub-

312 1276 318 1280 .
353 1224 647 1282 stantiales.
681 1241 810 1282 suos
837 1228 1064 1300 proriria-
1106 1230 1420 1301 cognitione
1446 1232 1728 1294 discernit,
1779 1235 1959 1304 prius-

351 1329 521 1384 quam
542 1315 596 1370 in
625 1317 771 1374 bttne
801 1319 1062 1378 mundum
1099 1321 1213 1378 suis
1243 1323 1598 1396 temporibus,
1626 1325 1782 1396 juxta
1813 1327 1954 1394 quod

357 1406 413 1461 in
436 1407 677 1464 aeternis
725 1409 1032 1467 rationibus
1079 1411 1440 1471 constitutum
1470 1424 1573 1480 est,
1607 1420 1932 1486 processerit

357 1496 500 1555 illac.
527 1499 708 1568 Quare
739 1517 878 1574 ergo
909 1503 1284 1576 unusquisque
1313 1522 1458 1565 ntox,
1503 1516 1564 1560 ut
1595 1523 1688 1578 per
1723 1523 1854 1576 genu
1913 1537 1966 1560 .--

361 1589 562 1646 tionem
611 1591 663 1646 in
695 1592 840 1648 hunc
891 1593 1152 1648 mtuulum
1213 1596 1547 1666 provenerit,
1577 1612 1682 1651 non
1717 1599 1954 1668 seipaum

357 1681 673 1752 cognoscit!
721 1680 868 1740 DISC;
901 1683 1146 1740 Poenam
1191 1685 1682 1756 praevaricationis
1727 1699 1958 1742 naturae

359 1777 418 1833 in
446 1777 550 1834 hoc
599 1779 936 1836 manifestari
959 1796 1079 1858 neq
1097 1789 1302 1838 temere
1339 1781 1591 1836 dixerim.
1629 1781 1763 1836 Nam
1790 1783 1832 1836 si
1858 1783 1962 1836 bo-

1195 370 1286 430 ns
1326 371 1667 431 omsroru;
1704 371 2055 436 ΝΑτιιιιΑε.
2095 411 2166 422 -.
2201 355 2405 440 usus
2444 378 2800 450 ausurus.

361 488 510 539 sant.
537 477 604 536 Ut
651 479 799 536 enim
851 494 1043 540 omnes
1067 481 1279 540 formae
1315 487 1398 542 vel
1453 489 1686 560 species,
1723 506 1868 560 quae
1903 493 1956 547 in
1986 496 2033 555 Α
2065 503 2148 550 ter
2177 494 2336 551 insita
2363 505 2466 560 est,
2487 506 2752 567 quantum
2777 492 3322 570 cognitio-creaturae
3341 507 3396 554 et
3419 499 3658 567 seipsani
3749 558 3761 568 ,

3421 295 3458 321 κ

3554 377 3661 437 778

2062 593 2116 640 et
2155 599 2379 642 causam
2426 601 2584 642 suam
2608 594 2787 660 potest
2825 588 3328 658 comprehendere?
3357 590 3503 645 Diae.
3541 587 3658 642 Non

2023 694 2028 700 ·
2059 674 2224 732 aliter
2265 678 2522 734 existimo
2546 679 2592 734 ⁸.
2623 677 2760 736 Nam
2789 680 3063 751 quomodo
3101 679 3293 752 imago.
3310 691 3483 743 esset,
3509 679 3559 736 si
3604 680 3656 734 in

2058 765 2243 838 aliquo
2266 769 2441 836 abeo,
2464 769 2620 840 cujus
2639 770 2820 844 imago
2854 779 2965 835 est,
2998 770 3248 834 distaret,
3275 783 3505 840 excepta
3534 772 3660 826 sub-

2052 859 2186 932 jecti
2218 861 2539 928 ratione,.de
2574 877 2684 934 qua
2709 864 2769 917 in.
2797 863 3176 946 superioribus
3202 857 3358 919 libris
3399 863 3658 926 diximus,

2059 956 2187 1010 dum
2214 957 2284 1010 de
2331 949 2644 1029 prototypo,
2674 957 2780 1012 hoc
2807 965 2911 1028 est,
2955 956 3024 1013 de
3068 957 3355 1030 principali
3405 955 3661 1028 exeiuplo

2057 1043 2284 1115 ejusque
2339 1047 2580 1119 imagine
2645 1046 3082 1118 disputabamus,
3131 1048 3406 1114 dicentes,
3482 1048 3657 1120 ipsum

2059 1133 2230 1191 Deum
2282 1132 2582 1208 principale
2629 1136 2942 1210 exemplum
2989 1151 3114 1196 esse
3158 1152 3260 1212 per
3306 1137 3568 1210 seipsum,
3628 1153 3659 1192 οι

2058 1224 2263 1295 seipse,
2295 1226 2352 1281 iu
2393 1227 2600 1299 seipse,
2627 1236 2684 1283 et
2725 1243 2758 1284 ιι
2793 1227 2944 1286 nullo
2970 1237 3216 1286 creatum
3253 1229 3338 1284 vel
3364 1228 3655 1284 formatum

2058 1316 2142 1371 vel
2160 1331 2484 1374 conversum
2514 1318 2843 1389 subsistens,
2891 1322 3181 1394 imaginem
3209 1325 3338 1378 vero
3357 1321 3497 1392 ejus,
3521 1335 3660 1394 quae

2059 1418 2146 1466 est
2169 1409 2354 1474 homo;
2377 1411 2449 1468 ah
2471 1413 2592 1484 ipso
2607 1422 2871 1480 creatam,
2896 1429 2998 1470 nec
3020 1429 3118 1485 per
3135 1413 3369 1487 seipsam
3392 1428 3536 1480 esse,
3559 1428 3658 1468 ne!

2056 1518 2088 1556 a
2138 1503 2344 1574 seipse,
2375 1519 2476 1560 nec
2506 1503 2562 1561 in
2585 1504 2765 1576 seipsa
2806 1503 3124 1572 subsistere,
3164 1505 3260 1562 sed
3289 1506 3360 1561 ab
3383 1520 3472 1572 eo,
3501 1503 3661 1576 cujus

2058 1593 2242 1665 imago
2272 1602 2374 1656 est,
2404 1596 2618 1666 accepit
2641 1608 2764 1652 esse
2791 1597 3089 1652 secundum
3125 1605 3396 1661 naun'am,
3435 1606 3493 1653 et
3514 1595 3659 1671 Deus

2058 1699 2182 1741 esse
2207 1687 2504 1742 secundum
2533 1687 2792 1761 gratiam,
2821 1698 3008 1745 cetera
3032 1703 3252 1759 quoque
3276 1687 3485 1752 omnia,
3519 1701 3659 1757 quae

2059 1777 2127 1832 de
2180 1777 2290 1833 Deo
2341 1777 2754 1848 praedicantur,
2803 1775 2873 1835 de
2923 1777 3164 1850 imagine
3208 1776 3325 1848 ejus
3353 1777 3657 1850 praedicari

358 1888 447 1929 nio
477 1890 582 1930 non
616 1883 890 1946 peccaret,
914 1873 969 1931 in
997 1884 1105 1931 tam
1139 1874 1460 1946 profundam
1485 1876 1566 1929 sui
1593 1875 1952 1946 ignorantiam
1989 1861 2031 1920 Β
2061 1884 2242 1942 posse,
2283 1869 2377 1925 sed
2427 1869 2496 1925 de
2541 1868 2656 1926 Deo
2697 1870 3118 1936 essentialitate,
3153 1871 3222 1926 de
3269 1871 3504 1943 imagine
3529 1885 3660 1926 vero

357 1967 602 2040 profecto
657 1972 764 2025 non
811 1970 1068 2036 caderet;
1128 1969 1272 2028 sicut
1305 1961 1480 2040 neque
1537 1971 1952 2041 ignominiosam

356 2057 762 2134 generationem
784 2076 854 2116 ex
883 2059 1083 2132 duplici
1111 2075 1243 2116 sexu
1272 2061 1340 2116 ad
1369 2061 1778 2116 similitudinem
1821 2063 1958 2116 irra-

357 2147 698 2207 tionabilium
722 2150 1039 2207 animalium
1061 2167 1166 2206 non
1190 2161 1491 2222 pateretur,
1533 2163 1590 2204 ut
1617 2150 1954 2214 Graecorum

353 2239 744 2310 sapientissimi
774 2240 1100 2301 certissimis
1126 2242 1431 2299 rationibus
1456 2244 1727 2298 atlirmant
1757 2227 1805 2297 δ’.
1839 2244 1957 2314 Ipse

351 2331 648 2408 siquidem,
669 2335 762 2406 qui
776 2335 923 2390 Solus
937 2336 1142 2406 absque
1163 2347 1386 2408 peccato
1409 2346 1568 2391 natus
1588 2339 1700 2392 esti
1727 2338 1779 2392 in
1805 2355 1958 2392 mun-

353 2423 455 2489 do,
508 2421 840 2498 Redemptor
875 2426 1128 2484 videlicet
1182 2429 1396 2491 mutuli,
1439 2445 1706 2502 nusquam
1743 2433 1763 2461 ⁸
1819 2446 1957 2484 ιιιιιι-

355 2529 520 2588 quam
565 2507 725 2572 talem
758 2517 1124 2590 ignorantiam
1169 2528 1470 2594 perpessus
1499 2533 1603 2587 est,
1635 2522 1730 2578 sed
1769 2523 1959 2578 confe-

356 2607 504 2672 stim,
543 2617 603 2662 ut
633 2620 928 2686 conceptus
951 2621 1193 2668 etnatus
1238 2621 1342 2676 est,
1371 2622 1428 2668 et
1470 2612 1710 2682 sc'ipsum
1749 2623 1805 2668 et
1832 2628 1955 2668 etn-

354 2699 446 2753 nia
483 2697 768 2763 intellexit,
799 2715 864 2756 ac
899 2700 1046 2772 loqui
1078 2711 1134 2757 et
1161 2701 1356 2758 docere
1403 2702 1425 2734 ³
1481 2704 1676 2774 potuit,
1727 2719 1834 2759 non
1867 2721 1954 2758 so-

355 2788 466 2843 lum
491 2787 618 2860 quia
646 2787 914 2862 sapientia
935 2790 1116 2848 Patris
1135 2801 1274 2859 erat,
1307 2805 1470 2864 quam
1509 2795 1642 2850 nihil
1670 2794 1823 2860 latet,
1867 2811 1956 2851 ve.-

357 2894 475 2932 rmn
500 2879 665 2942 etiam
709 2873 837 2950 quia
863 2881 1347 2938 incontaminatam
1379 2885 1774 2940 humanitatem
1798 2901 1960 2942 acce-

355 2976 530 3038 perat.
579 2977 637 3024 ut
665 2971 1092 3028 contaminatam
1145 2985 1440 3046 purgaret;
1482 2977 1748 3046 non-quia
1792 2976 1969 3031 aliam.

306 3055 312 3060 ’
355 3057 570 3130 accepit
622 3070 842 3132 praeter
885 3057 1006 3116 eam
1041 3075 1206 3134 quam
1246 3065 1506 3131 restituit,
1539 3067 1634 3122 sed
1671 3067 1800 3137 quia
1836 3067 1954 3138 ipse

349 3151 502 3208 solus
540 3151 1073 3212 incontaminatusin
1097 3172 1164 3214 ea
1207 3159 1496 3224 mutansit,
1535 3170 1590 3216 et
1615 3161 1682 3215 ad
1715 3161 1951 3217 medica-

352 3252 598 3300 mentum
637 3241 882 3305 vulneris
922 3247 1146 3306 vitiatae
1200 3259 1432 3306 naturae
1477 3249 1534 3307 in
1563 3253 1954 3310 sccretissimis

348 3332 524 3404 ipsius
573 3336 874 3394 rationibus
904 3349 1222 3400 reservatus
1257 3339 1300 3398 ⁵.
1341 3340 1476 3398 Tota
1507 3343 1706 3414 quippe
1734 3344 1787 3399 in
1820 3344 1950 3403 totis

349 3423 512 3500 periit
541 3427 583 3493 ',
619 3437 839 3499 praeter
883 3431 1058 3498 illum,
1099 3431 1156 3488 in
1206 3443 1318 3506 quo
1359 3434 1477 3489 solo
1525 3433 1949 3506 ineorruptihilis

350 3519 670 3588 permansit.
711 3516 780 3577 Et
817 3522 1035 3593 quidem
1078 3523 1378 3580 maximum
1404 3526 1710 3596 exemplum
1737 3531 1949 3598 gratiae
1986 3571 1992 3577 .

351 3607 468 3682 ipse
495 3621 599 3677 est,
628 3626 737 3668 non
783 3607 912 3684 quia
934 3613 1074 3684 quid
1107 3630 1180 3671 cx
1205 3623 1362 3670 reatu
1406 3616 1682 3672 humanae
1718 3629 1948 3676 naturae

349 3702 617 3761 indultum
641 3704 691 3761 ei
716 3704 844 3772 sit‘,
869 3708 964 3764 sed
990 3709 1118 3783 quia
1145 3708 1564 3766 solusomnium
1597 3711 1760 3786 nullis
1785 3729 1948 3785 prae»

349 3793 668 3852 cedentibus
715 3796 924 3854 meritis
975 3797 1030 3853 in
1077 3800 1344 3856 unitatem
1404 3802 1742 3862 substantiae
1775 3808 1947 3864 verbo

347 3881 443 3942 Dei
473 3888 794 3958 conjunctus
817 3899 922 3954 est,
947 3890 1000 3945 in
1026 3905 1133 3962 quo
1162 3909 1352 3948 omnes
1379 3891 1560 3962 electi,
1615 3892 1683 3952 de
1711 3897 1946 3966 plenitu-

309 3975 476 4064 ‘dine
509 3979 717 4049 gratiae
747 3978 867 4048 ejus
895 3977 1244 4052 accipientes,
1281 3975 1376 4040 lilii
1417 3983 1512 4042 Dei
1545 3997 1600 4042 et
1648 3989 1946 4064 participes

339 4061 562 4122 divinae
589 4067 925 4126 substantiae
955 4069 1112 4127 fiunt.
1145 4072 1288 4130 Mne.
1310 4073 1492 4131 luerat
1519 4092 1651 4148 ergo
1671 4061 1944 4135 humanae

345 4162 576 4212 naturae
597 4159 838 4229 potentia
862 4161 1321 4231 perfectissimam
1344 4164 1427 4220 sui
1452 4167 1819 4238 cognitionem
1842 4170 1944 4224 ha-

344 4247 526 4316 bendi,
559 4253 606 4306 si
637 4267 742 4307 non
773 4263 1044 4324 peccaret.
1069 4255 1214 4322 Disc.
1247 4258 1335 4313 Nil
1368 4260 1740 4332 verisimilius.
1765 4263 1940 4324 Casus

339 4337 542 4412 quippe
561 4339 704 4399 illius
732 4345 1004 4403 maximus
1033 4357 1089 4403 et
1113 4349 1455 4409 miserrimus
1475 4339 1617 4419 erat,
1645 4353 1936 4413 scientiam

341 4441 398 4487 et
445 4434 770 4508 sapientiam
804 4437 909 4493 sibi
943 4437 1162 4495 insitam
1201 4442 1479 4511 deserere,
1521 4453 1577 4500 et
1608 4446 1660 4499 in
1705 4447 1931 4517 ιιι-οὑπι-

2058 1959 2514 2032 participatione?
2551 1959 2687 2018 Nam
2728 1970 2786 2018 et
2831 1962 3049 2018 bonitas
3089 1971 3176 2017 cst
3215 1972 3272 2018 et
3299 1963 3442 2018 bona
3475 1961 3656 2030 imago

2057 2049 2473 2120 participatione
2499 2051 2696 2107 summi
2727 2047 2854 2109 boni
2880 2066 3236 2124 summaeque
3255 2053 3654 2119 bonitatis,-en.

2051 2137 2147 2209 jus
2167 2139 2348 2212 imago
2388 2150 2500 2207 est,
2533 2149 2758 2203 aeterna
2789 2155 3005 2212 quoque
3037 2150 3094 2198 et
3131 2143 3432 2210 aeternitas
3483 2146 3654 2217 parti-

2059 2232 2333 2304 eipatioue
2365 2228 2517 2291 illius
2563 2235 2772 2292 aeterni
2808 2243 2868 2290 et
2904 2233 3268 2302 aeternitatis,
3327 2251 3360 2292 a
3396 2251 3502 2309 qua
3547 2235 3657 2290 for-

2058 2337 2204 2382 mata
2260 2339 2372 2394 est,
2404 2327 2799 2406 omnipotentia
2849 2327 2980 2384 item
3021 2327 3446 2400 participatione
3469 2326 3677 2383 illius"

2054 2421 2568 2491 omnipotentiae,.a
2595 2436 2700 2495 qua
2730 2421 2969 2488 condita,
2993 2430 3048 2477 et
3091 2419 3158 2478 ad
3190 2434 3353 2491 quam
3391 2435 3655 2478 conversa

2058 2511 2369 2580 Specilicata
2393 2519 2499 2568 est.
2523 2509 2660 2568 Nam
2687 2512 2733 2567 si
2763 2512 3001 2568 hun‘iana
3029 2525 3222 2567 natura
3247 2527 3355 2568 non
3380 2522 3656 2582 peccaret,

2056 2605 2236 2677 eique,
2251 2605 2342 2676 qui
2364 2619 2484 2661 eam
2497 2598 2840 2670 timidiclerat,
2855 2603 3369 2676 incommutabiliter
3383 2603 3428 2641 ιο
3451 2602 3674 2659 adhae-.

2057 2708 2222 2764 reret,
2252 2696 2500 2770 profecto
2542 2696 2888 2768 omnipotens
2918 2704 3082 2752 esset.
3113 2693 3385 2766 Quicquid
3421 2696 3566 2754 enim
3596 2695 3650 2750 iu

2057 2801 2253 2847 natura
2285 2795 2468 2846 rerum
2507 2788 2629 2846 ﬂeri
2666 2786 2848 2854 vellet,
2892 2788 3203 2846 necessario
3249 2785 3426 2852 fleret,
3457 2786 3658 2856 quippe

2057 2882 2186 2937 dum
2217 2879 2291 2936 nil
2321 2879 2466 2935 aliud
2517 2878 2635 2934 ﬁeri
2680 2878 2865 2944 vellet,
2895 2887 3118 2948 pnxeter
3162 2874 3310 2947 quod
3333 2871 3650 2932 Creatorem

2055 2969 2139 3028 sui
2199 2968 2320 3028 ﬁeri
2378 2969 2518 3027 velle
2586 2969 2945 3042 intelligeret;
3004 2964 3280 3022 Creatoris
3333 2974 3516 3022 autem
3569 2965 3655 3020 sui

2057 3065 2390 3122 voluntatem
2416 3064 2846 3134 omnipotentem
2899 3059 3402 3117 incommumbilem
3429 3055 3658 3116 omnino
3726 3063 3732 3068 '

2056 3157 2406 3228 intelligeret,
2477 3157 2524 3214 si
2601 3157 2652 3212 ei
2722 3155 2946 3212 omnino
3009 3153 3352 3218 adhaereret,
3419 3149 3690 3234 eumque-

2056 3267 2162 3309 non
2204 3254 2507 3317 desereret,
2557 3265 2628 3306 ne
2669 3249 2772 3305 sibi
2827 3247 3110 3304 dissimilis
3146 3255 3314 3312 esset,
3354 3255 3409 3302 et
3439 3257 3647 3312 cetera,

2053 3360 2196 3416 quae
2239 3355 2388 3400 recta
2431 3341 2644 3398 ratione
2699 3342 2767 3396 de
2826 3341 2939 3395 Deo
2993 3337 3216 3408 ejusque
3269 3337 3504 3409 imagine
3562 3335 3653 3392 ius

2053 3435 2251 3510 telligi,
2279 3436 2365 3490 vel
2398 3433 2650 3505 cegitari,
2677 3432 2764 3488 vel
2804 3432 3106 3503 praedicari
3131 3429 3466 3510 possunt.".
3507 3429 3648 3486 Mss.

2051 3528 2108 3584 Si
2137 3538 2270 3599 ergo
2313 3527 2588 3582 humanae
2627 3534 2854 3579 naturae
2911 3533 3040 3578 ante
3081 3532 3364 3593 peccaturo
3394 3520 3572 3578 inerat
3595 3529 3652 3576 et

2049 3621 2247 3676 suimet
2264 3617 2506 3692 perfecta
2535 3617 2805 3688 cognitio,
2836 3624 2892 3670 et
2925 3614 3209 3670 Creatoris
3235 3611 3341 3692 sui,
3386 3603 3515 3680 quid
3541 3610 3646 3666 mi-

2049 3727 2192 3769 rum.
2220 3711 2266 3768 si
2299 3707 2696 3766 rationabiliter
2723 3707 2792 3762 de
2809 3722 2874 3763 ea
2901 3703 3252 3776 intelligatur,
3277 3701 3674 3772 [deiiissimam

2047 3803 2344 3860 scientiam.
2369 3801 2416 3834 “
2457 3799 2715 3855 similium
2757 3797 2840 3853 sui
2871 3802 3214 3861 naturarum,
3262 3803 3323 3849 ut
3363 3802 3492 3850 sinit
3526 3807 3659 3852 caet

2048 3897 2213 3952 lestes
2260 3894 2561 3961 essentiae,
2599 3901 2656 3948 et
2701 3889 3024 3948 inferiorum
3062 3903 3146 3953 se,
3178 3896 3238 3942 ut
3280 3895 3366 3942 est
3413 3887 3648 3944 mundus

2045 3989 2151 4044 iste
2175 4000 2302 4041 eum
2331 3983 2634 4040 rationibus
2675 3981 2790 4038 suis
2813 3977 3112 4035 intellectui
3139 3976 3647 4039 succrmthentibus,

2045 4053 2324 4144 habuisse,
2371 4086 2426 4131 et
2472 4075 2656 4131 adhuc
2704 4073 2817 4128 sola
2857 4069 3218 4142 possibilitate
3265 4078 3325 4124 et
3367 4066 3543 4136 reipsa
3589 4067 3645 4121 in

2043 4170 2275 4228 suminis
2303 4168 2616 4226 hominibus
2649 4165 2892 4221 habere?
2915 4165 3065 4220 DISC.
3096 4160 3254 4217 Clare
3295 4159 3645 4231 intelligenti-

2040 4263 2145 4320 ιιιις
2172 4278 2280 4320 non
2307 4260 2412 4315 erit
2455 4258 2680 4319 mirum,
2707 4250 2803 4312 sed.
2828 4263 3014 4312 verum
3058 4262 3111 4308 et
3161 4251 3474 4308 verisimile.
3502 4251 3639 4305 Mss.

2040 4354 2232 4425 Magna
2284 4353 2402 4415 laus
2442 4357 2528 4405 est
2558 4350 2604 4380 ³³
2637 4365 2702 4403 ac
2731 4360 2856 4402 vera
2905 4348 3176 4416 humanae
3229 4355 3474 4407 naturae,
3529 4344 3639 4397 imo

2030 4445 2204 4501 etiam
2255 4443 2416 4506 illius,
2447 4441 2538 4510 qui
2577 4441 2660 4496 sic
2686 4453 2806 4494 eam
2851 4453 3040 4494 creare
3067 4437 3255 4490 voluit.
3301 4435 3642 4505 Quapropter

339 4526 465 4590 dam
489 4527 852 4597 ignorantiam
876 4531 1073 4588 suimet
1103 4543 1158 4588 et
1176 4533 1461 4592 Creatoris
1479 4537 1560 4592 sui
1586 4536 1717 4603 labi,
1740 4555 1936 4608 quam-
1965 4572 2013 4633 ο
2041 4538 2112 4591 de
2132 4533 2406 4590 intellectu
2435 4526 2578 4584 illius
2605 4539 2660 4584 et
2683 4526 3270 4633 (‘ﬂgllll'lﬂile‘SillllllICl'
3297 4527 3402 4627 hoc
3424 4518 3642 4633 quoque

339 4617 422 4673 vis
455 4618 732 4690 appetitus
779 4621 1150 4684 beatitudinis,
1201 4639 1364 4694 quam
1401 4625 1729 4696 perdiderat,
1762 4629 1938 4690 etiam
1966 4615 2007 4633 ”
2034 4626 2414 4696 accipiendum
2446 4623 2514 4674 “.
2545 4619 2615 4677 Ut
2640 4623 2786 4675 enim
2831 4618 2875 4651 ’⁵
2904 4619 3169 4688 sapientia
3205 4615 3466 4688 creatrix,
3493 4618 3639 4688 quod

337 4719 463 4780 post
494 4726 682 4767 casum
737 4712 792 4768 in
818 4728 886 4768 ea
913 4716 1242 4772 remansisse
1272 4716 1630 4791 intelligatur,
1671 4722 1762 4791 qui
1789 4723 1938 4784 inea.

335 4800 505 4882 nullo
531 4801 693 4858 modo
725 4815 1053 4871 remaneret,
1095 4808 1138 4863 si
1179 4808 1413 4879 scipsam
1462 4821 1518 4864 et
1565 4811 1734 4868 Deum
1770 4805 1928 4869 suum

327 4889 556 4947 'nnniino
589 4893 902 4966 ignoraret.
951 4896 1090 4953 Mss.
1131 4897 1532 4957 Perfectissima
1581 4902 1742 4975 igitur
1788 4904 1809 4937 '
1837 4921 1931 4960 co-

333 4983 504 5050 gnitio
529 4994 586 5039 et
613 4987 696 5040 sui
723 4987 1078 5044 etCreateris
1101 4990 1148 5045 ei
1186 5001 1312 5046 ante
1351 5004 1636 5064 peccatum
1661 4998 1924 5055 naturali:

2035 4729 2120 4775 est
2151 4713 2525 4790 VerbumDei,
2553 4714 2760 4772 omnia,
2789 4728 2926 4783 quae
2948 4712 3001 4765 in
3031 4728 3092 4763 ea
3119 4710 3256 4764 facta
3287 4719 3434 4775 sunt,
3461 4709 3637 4782 prius-

2034 4829 2197 4885 quam
2250 4811 2464 4874 tierent,
2511 4808 2669 4870 vidit,
2724 4807 2949 4876 ipsaque
2986 4805 3122 4860 visio
3161 4819 3374 4868 eorum,
3422 4819 3560 4874 quae
3591 4803 3636 4835 "

2035 4905 2350 4979 priusquam
2389 4903 2600 4964 tierent,
2627 4900 2739 4954 visa
2772 4907 2918 4960 sunt,
2953 4913 3077 4952 vera
3129 4906 3180 4950 et
3214 4897 3624 4952 incommutabi-

2036 4997 2104 5053 lis
2133 4997 2176 5039 πῖ
2223 5003 2556 5067 aeternaque
2595 4980 2831 5048 essentia
2875 4998 2998 5054 est,
3037 4990 3109 5044 ita
3133 5000 3315 5048 creata
3345 4990 3628 5059 sapientia,

1645 5103 1727 5159 VA
1741 5104 1897 5169 ΜΔΕ
1935 5104 2336 5168 LECTIOXES.

401 5196 431 5262 ξ.
464 5179 704 5262 δὶς-(Ἐξ
745 5189 783 5241 Α
817 5200 978 5262 natus
1021 5204 1094 5244 est
1126 5192 1318 5262 ubsth
1363 5206 1596 5262 pteram.
1676 5198 1696 5226 ²
1739 5195 1830 5251 Sic
1857 5197 1980 5262 CF;

1584 5265 1604 5297 °
1637 5266 1726 5322 Sic
1763 5269 1880 5331 CF;
1911 5270 1956 5321 Α
2003 5269 2066 5321 sit
2112 5265 2176 5321 ei.

1963 5338 2007 5376 ³⁸
2036 5338 2130 5393 Sic
2179 5336 2296 5401 (EF;
2334 5338 2378 5390 Δ
2407 5336 2821 5390 immutabiliter.

333 5251 352 5334 ξ
491 5255 608 5334 5
639 5256 704 5311 -Α
757 5257 1070 5334 reservatur.
1167 5262 1194 5294 ⁸
1217 5251 1302 5317 CF
1328 5251 1485 5334 peiil.

329 5323 350 5344 ‘
401 5325 490 5381 Sic
521 5326 642 5391 CF;
678 5331 876 5382 aeterni
915 5341 962 5384 et
992 5323 1421 5392 aeternitatis—
1450 5336 1591 5390 illius
1638 5353 1746 5391 oni.
1793 5339 1858 5392 Α.

333 5395 374 5423 ⁸*
403 5393 494 5450 Sir
523 5396 642 5472 illi;
697 5401 740 5452 A
772 5401 1073 5472 plenissima
1092 5404 1331 5457 scientia.
1410 5406 1455 5438 ³³
1484 5406 1575 5462 Sic
1623 5406 1708 5464 CF
1733 5424 1748 5462 :
1782 5414 1822 5460 Α
1852 5409 2012 5462 enim.

2037 5213 2295 5270 viisque»:
2331 5211 2439 5255 om,
2625 5196 2653 5270 ³Δ
2687 5194 2776 5248 Sir.
2806 5193 2925 5256 (Ἐς
2965 5193 3006 5270 ἐι
3037 5203 3100 5270 _i'_'l
3146 5194 3329 5270 defero
3373 5213 3434 5246 (ια’
3466 5192 3622 5270 lor/tn.

2279 5268 2297 5298 ⁷
2335 5266 2426 5323 Sic
2465 5265 2583 5326 CF;
2629 5265 2669 5318 Α
2717 5281 2858 5334 ergo.
2962 5265 2984 5292 ⁸
3023 5264 3113 5316 Sic
3141 5265 3258 5334 (2F;
3300 5264 3344 5316 Λ
3385 5265 3620 5317 uestium.

2933 5336 2972 5368 ”
3023 5337 3113 5389 Sic
3153 5333 3346 5397 ιιι·“;,Λ
3390 5347 3618 5402 possent.

2093 5408 2137 5441 “‘
2179 5409 2272 5463 Sic
2292 5407 2414 5469 CF;
2455 5408 2498 5462 Α
2533 5407 2600 5459 de
2644 5405 2919 5459 intellectu
2953 5422 3155 5474 quoque
3193 5404 3334 5457 illius
3363 5414 3414 5456 rt
3440 5405 3626 5472 cogni-

329 5472 473 5548 noue
497 5466 1153 5548 siiniljteraccipiendum.
1174 5473 1270 5548 ___"
1291 5474 1426 5530 enim
1446 5492 1553 5532 om.
1577 5477 1650 5543 2";
1680 5476 1720 5534 (ἒ
1753 5492 1902 5533 utere
1933 5479 2221 5548 sapientia,
2245 5481 2338 5535 sed
2357 5466 2548 5532 literae
2575 5494 2660 5531 ere
2688 5477 2830 5530 linea
2854 5466 3228 5530 thlt:illt"5-i'il.
3310 5475 3352 5505 “
3385 5476 3476 5530 Sic
3501 5466 3620 5536 Cl“;

235 5551 246 5558 “
324 5531 371 5592 Α
397 5552 525 5607 qua.
602 5539 645 5570 "
675 5539 717 5594 Α
749 5531 1274 5597 ἰιιεοὶιιιιιιλιιῑεαινὶιὶις.

1862 5639 2044 5696 ΝΟΤΑ
2057 5642 2094 5696 ιι

399 5731 424 5768 ⁸
451 5720 680 5782 ῡσειιτιςι
732 5716 900 5788 Sitit“,
927 5721 1449 5797 Mavizniqueutueut
1479 5733 1739 5799 sequitur,
1771 5731 2317 5789 falsissitnadm't:tua
2365 5733 2426 5785 (Ἴ
2472 5749 2535 5791 ca
2559 5744 2699 5808 quae
2718 5729 2795 5782 ςο(
2837 5729 2941 5784 759’?
2994 5735 3082 5779 n0!
3149 5749 3160 5766 ι
3185 5729 3251 5780 υἷ’

3263 5726 3608 5781 cymbium»
