4260 6082
562 322 670 383 ’ῖῖΩ
684 390 691 395 ,
972 358 985 369 -
1950 325 2164 393 10AM

2271 328 2466 389 SCOTl
3568 322 3613 325 η
3747 325 3853 392 780

562 460 706 517 quae
758 453 839 501 est
870 444 1104 503 humana
1150 452 1362 507 natura,
1409 444 1614 510 omnia,
1653 461 1791 517 quae
1838 448 1891 503 in
1934 449 2151 506 sefacta
2178 446 2634 531 Aiutellcctualis
2677 458 2758 504 cst
2802 448 2847 483 ⁸ο
2887 448 3197 521 parliceps;
3254 446 3325 505 de
3364 444 3607 521 angelica
3652 442 3851 521 quippe

563 542 710 602 sunt,
741 537 1055 609 priusquam
1101 536 1313 601 iterent,
1344 536 1619 608 cognovit,
1668 536 1891 610 ipsaque
1918 539 2157 613 cognitio
2262 540 2608 612 humanaque
2646 540 2877 597 essentia
2910 550 2967 598 et
3002 552 3193 596 natura
3220 549 3261 583 τι
3296 540 3556 611 scriptum
3590 548 3711 597 est:
3744 539 3853 609 Osi

562 645 773 693 eorum,
803 644 963 699 quae,
986 631 1303 700 priusquam
1328 630 1520 686 tierent
1549 629 1586 694 ',
1617 631 1831 703 cognita
1857 640 2006 697 sunt,
2029 646 2159 685 vera

564 722 800 777 essentia
846 731 901 775 et
938 704 1257 777 inconcussa
1286 729 1389 776 est.
1439 721 1670 781 Proinde
1705 725 1818 794 ipsa
1850 721 2042 777 notitia
2074 710 2160 776 sa-

562 811 800 884 pientiac
821 811 1104 868 creatricis
1122 814 1295 882 prima
1317 811 1658 884 causalisque
1681 814 1845 869 totius
1871 802 2157 869 creaturae

561 902 797 959 essentia
831 912 976 958 recte
1004 900 1323 973 intelligitur
1348 918 1492 969 esse,
1522 904 1763 976 cognitio
1793 918 1922 957 vero
1941 907 2161 959 creatae

562 996 860 1069 sapientiae
925 1000 1159 1054 secunda
1210 1001 1443 1055 essentia
1495 1010 1550 1054 et
1588 999 1888 1069 superioris
1935 999 2161 1055 notitiae

554 1088 789 1147 effectus
815 1088 1086 1146 subsistit.
1125 1092 1189 1164 Et
1221 1092 1364 1162 quod
1391 1092 1628 1148 diximus
1652 1092 1719 1147 de
1748 1094 1923 1165 prima
1948 1100 2006 1148 et
2029 1108 2160 1147 cau-

560 1183 661 1251 sali
682 1184 919 1241 essentia
949 1184 1005 1240 in
1034 1186 1316 1242 creatricis
1360 1186 1659 1256 sapientiae
1692 1188 1914 1244 notione
1951 1185 2157 1261 consti-

562 1282 704 1340 tuta,
752 1275 931 1348 «legite
975 1277 1212 1332 secunda
1249 1285 1317 1333 et
1357 1275 1627 1344 etiectiva,
1681 1294 1826 1350 quae
1868 1278 1923 1333 in
1976 1279 2158 1339 anima

559 1360 802 1421 humana
828 1364 1123 1422 subsistere
1158 1381 1267 1422 non
1314 1366 1612 1440 incongrue
1635 1368 1920 1430 asseritur,
1952 1367 2020 1424 de
2040 1383 2161 1424 om-

560 1453 726 1512 nibus
740 1454 1014 1521 similiter,
1038 1471 1177 1528 quae
1200 1457 1347 1513 circa
1370 1458 1666 1514 essentiam
1683 1459 1848 1514 totius
1877 1467 2162 1514 creaturae

561 1546 971 1619 dignoscantur,
990 1549 1787 1632 incunctanterintelligendum
1808 1562 1892 1608 est
1911 1554 1955 1607 ¹.
1986 1550 2162 1610 Omne

560 1639 852 1711 siquidem,
880 1644 1240 1715 quodcunque
1272 1642 1325 1699 iu
1356 1644 1594 1699 humana
1626 1643 1979 1717 intelligentia
2012 1642 2159 1698 circa

559 1730 891 1791 substantias
918 1748 1100 1789 rerum
1130 1722 1499 1798 constituitur,
1520 1728 1614 1791 ex
1642 1735 1755 1806 ipsa
1785 1734 1977 1791 notitia
1998 1747 2158 1788 crea-

2259 633 2381 705 fscit
2429 632 2600 688 caelos
2645 633 2700 688 in
2737 632 3022 698 intellectu,
3057 647 3121 688 ac
3150 632 3195 687 si
3225 642 3411 705 aperte
3447 633 3721 687 diceretur
3758 632 3848 685 ηε

2261 724 2353 794 qui
2383 723 2512 780 fecit
2537 723 2928 779 iutellectnales
2951 723 3151 799 caelos,
3184 722 3523 795 Quapropter
3561 738 3667 778 non
3695 723 3854 779 facile

2238 818 2499 895 occurrit
2520 819 2588 873 ad
2615 817 3045 890 intelligendum,
3067 819 3110 875 si
3135 818 3299 875 homo
3324 818 3580 892 angelicis
3603 818 3857 883 essentiis

2261 905 2693 964 substantialiter
2717 917 3038 966 concreattzs
3060 910 3149 973 sit,
3176 910 3444 979 quomodo
3470 911 3652 965 omnia
3670 908 3857 966 visibio

2259 998 2330 1053 lia
2352 1000 2723 1056 et‘invisibilia
2751 1002 2804 1055 in
2842 1000 2961 1073 ipso
2995 1001 3212 1056 condita
3249 1011 3394 1055 sunt.
3444 999 3559 1054 Non
3595 999 3740 1056 enim
3764 1016 3857 1056 ra-

2263 1091 2396 1149 tioni
2422 1092 2714 1149 convenire
2741 1093 2974 1159 videtur,
3006 1102 3063 1145 ut
3090 1102 3148 1147 et
3187 1108 3309 1148 cum
3337 1093 3661 1148 caelestibus
3685 1092 3862 1147 virtu-

2262 1184 2406 1240 tibus
2448 1199 2582 1240 suae
2631 1185 2793 1239 simul
2820 1185 3142 1261 principium
3188 1185 3513 1241 eomiitionis
3545 1184 3765 1245 habent.
3802 1191 3860 1238 et

2261 1289 2360 1330 eae
2405 1275 2450 1308 "
2499 1276 2554 1331 in
2602 1277 2723 1347 ipso.
2767 1288 2983 1334 creatae
3018 1266 3158 1331 sint.
3214 1276 3354 1333 the.
3405 1275 3464 1333 Si
3501 1278 3739 1333 intentus
3778 1277 3859 1330 in—
3936 1336 3940 1340 ,

2265 1368 2646 1424 tellectualiunt
2691 1377 2749 1423 et
2780 1363 2785 1367 ’
2813 1361 3211 1431 rationabilium
3254 1378 3571 1425 naturarum
3616 1362 3857 1439 recipro-

2234 1474 2382 1515 cam
2414 1455 2811 1531 copttlatiottem
2857 1469 2915 1517 et
2947 1461 3208 1516 unitatem
3257 1460 3577 1535 inspexeris,
3618 1460 3861 1523 invenies

2261 1552 2505 1623 profecto
2529 1561 2583 1607 et
2609 1551 2906 1623 angelicam
2933 1554 3227 1609 essentiam
3275 1553 3327 1609 in
3368 1555 3623 1619 humana,
3653 1562 3709 1609 et
3754 1555 3857 1611 lut-

2264 1661 2481 1702 tuanam
2530 1646 2584 1701 in
2620 1647 2864 1718 angelica
2896 1649 3266 1723 constitutam.
3296 1645 3352 1702 ln
3388 1647 3536 1702 onitti
3567 1647 3855 1717 siquidem,

2264 1739 2626 1809 quodcunque
2667 1753 2837 1810 purus
2878 1738 3182 1795 intellectus
3233 1738 3627 1810 perfectissime
3657 1753 3856 1811 cogito.-

560 1820 715 1877 ιε’ῖεῖε
736 1822 1034 1893 sapiemiae
1051 1836 1150 1893 μοι·
1183 1832 1422 1879 creatam
1453 1823 1474 1855 ³
1496 1824 1814 1897 sapientiam
1841 1825 2153 1894 procedere.
2191 1814 2233 1873 Β
2263 1831 2388 1895 scit,
2415 1828 2495 1899 lit,
2521 1826 2679 1905 eique
2700 1849 2867 1889 unum
2890 1832 3141 1891 efficitur.
3173 1832 3344 1889 Tanta
3367 1834 3562 1907 quippe
3592 1832 3865 1897 humanae

560 1923 711 1968 recta
747 1923 978 1970 naturae
1030 1916 1398 1973 consideratio
1434 1916 1693 1973 du'larat.
1745 1916 2165 1974 Constituuutur

559 2015 742 2062 autem
809 2006 955 2063 circa
1002 2007 1273 2065 essentias
1314 2008 1535 2077 quidem
1592 2009 1807 2081 species
1854 2006 2182 2089 sensibiles,‘

558 2097 916 2169 quantitates,
980 2092 1292 2170 qualitates,
1347 2099 1489 2167 loca,
1542 2109 1807 2174 tempora,
1856 2107 1914 2156 et
1940 2096 2162 2165 similia,

557 2189 679 2245 sine
742 2191 941 2259 quibus
992 2192 1227 2248 eSsentia
1285 2192 1510 2265 intelligi
1575 2207 1696 2249 esse
1736 2193 1758 2225 ⁸
1814 2208 1920 2250 non
1964 2200 2161 2263 potest.

560 2282 925 2356 Quamobrem
954 2292 1148 2352 totum,
1171 2286 1315 2356 quod
1347 2285 1596 2341 volumus
1645 2286 1898 2349 suadere,
1926 2280 2167 2343 breviter

559 2378 639 2433 sic
683 2378 703 2409 ⁵
755 2394 1046 2450 posumus
1097 2381 1425 2437 concludere
1477 2401 1492 2437 :
1542 2381 2011 2451 Quemadmodum
2081 2382 2165 2438 in-

561 2470 812 2528 tellectus
857 2472 1123 2544 omnium,
1152 2489 1293 2545 quae
1338 2474 1502 2531 Pater
1554 2475 1685 2531 fecit
1739 2475 1796 2531 in
1838 2490 1940 2531 suo
1984 2473 2164 2530 Verbo

561 2564 862 2637 unigenito.
907 2567 1141 2625 essentia
1178 2580 1366 2624 eorum
1398 2576 1499 2634 est,
1543 2579 1597 2624 et
1642 2579 1988 2635 etinctorum,
2024 2585 2164 2641 quae

539 2658 706 2716 circa
735 2674 855 2715 eam
885 2659 1209 2718 naturaliter
1231 2661 1633 2734 intelliguntur,
1667 2663 1982 2729 substitutio
2008 2664 2052 2729 ⁸,
2088 2665 2161 2718 ita

560 2751 802 2821 cognitio
847 2752 1120 2817 omnium,
1152 2770 1294 2827 quae
1328 2753 1509 2813 Patris
1536 2755 1773 2813 Verbum
1822 2756 1873 2813 in
1927 2757 2159 2813 humana

560 2842 748 2897 anima
793 2843 1035 2909 creavit,
1082 2845 1321 2901 essentia
1362 2856 1450 2903 est
1491 2861 1722 2914 eorum,
1766 2847 2160 2920 omniumque,

559 2947 703 3003 quae
725 2932 871 2990 circa
894 2950 1017 2994 eam
1040 2936 1363 2993 naturaliter
1392 2937 1799 3010 dignoscnntur,
1834 2939 2156 3008 subjectum.

561 3024 633 3083 Et
653 3027 1107 3100 quemadmodum
1154 3029 1371 3087 divinus
1404 3031 1713 3089 intellectus
1730 3034 2014 3105 praecedit
2038 3050 2159 3091 om-

477 3142 484 3148 σ
559 3117 674 3184 uia,
702 3128 759 3176 et
784 3122 965 3208 omnia
1003 3130 1108 3195 est,
1155 3123 1228 3179 ita
1258 3125 1495 3197 cognitio
1529 3125 1909 3184 intellectualis
1945 3128 2161 3203 animae
2187 3168 2233 3230 Ο

562 3203 843 3280 praecedit
879 3211 1083 3278 omnia,
1133 3229 1275 3286 quae
1328 3218 1608 3287 cognoscit
1635 3256 1649 3282 .
1692 3225 1749 3274 et
1775 3218 1978 3282 omnia,
2021 3230 2161 3290 quae

526 3304 1001 3375 ~praecognoscit,
1036 3314 1155 3373 est,
1199 3313 1260 3360 ut
1309 3305 1364 3362 in
1412 3306 1598 3365 divino
1651 3308 1927 3368 intellectu
1977 3313 2164 3368 omnia

564 3397 876 3463 causaliter,
928 3399 980 3454 in
1014 3400 1251 3457 humana
1299 3415 1431 3458 vero
1456 3403 1763 3476 cognitione
1802 3402 2165 3472 eﬁ'ectualiter

560 3489 881 3544 subsistant.
929 3489 1046 3546 Non
1074 3492 1229 3562 quod,
1264 3490 1369 3549 alia
1407 3493 1479 3548 sit
1526 3495 1771 3552 omnium
1811 3495 2068 3563 essentia,
2102 3509 2162 3554 ut

561 3598 729 3653 saepe
758 3584 1014 3648 diximus,
1052 3585 1106 3642 in
1141 3587 1346 3653 Verbo,
1380 3586 1579 3654 aliain
1629 3588 1871 3654 homine,
1894 3590 1988 3645 sed
2015 3590 2160 3661 quod

566 3691 729 3729 unam
777 3678 1113 3746 eandemque
1160 3677 1317 3735 aliter
1371 3680 1424 3737 io
1469 3680 1653 3736 causis
1696 3682 1936 3738 aeternis
1970 3682 1991 3713 "
2029 3673 2160 3741 sub-

562 3768 869 3827 sistentem.
897 3770 1055 3831 aliter
1081 3772 1136 3826 in
1166 3771 1449 3831 effectibus
1495 3776 1824 3832 intellectam
1858 3793 2011 3833 mens
2041 3794 2163 3853 spe-

561 3863 806 3925 culatur;
843 3864 953 3919 illic
1003 3867 1147 3923 enim
1177 3876 1400 3939 superat
1441 3883 1658 3924 omnem
1685 3869 2041 3935 intellectum,
2074 3868 2163 3926 hic

571 3964 746 4009 autem
776 3972 841 4010 ex
880 3958 984 4021 liis,
1031 3975 1172 4029 quae
1217 3962 1363 4016 circa
1402 3978 1523 4019 eam
1554 3963 1993 4027 considerantur,
2039 3979 2164 4021 esse

540 4046 906 4103 solummodo
949 4050 1294 4125 intelligitur;
1329 4052 1382 4108 in
1417 4053 1664 4125 utrisque
1703 4070 1852 4121 vero,
1889 4057 2020 4127 qttid
2067 4057 2160 4120 sit,

563 4139 695 4193 nulli
743 4152 927 4197 creato
975 4144 1266 4201 intellecturi
1321 4163 1481 4202 nosse
1523 4132 1683 4202 licet;
1716 4145 1852 4203 Nam
1911 4149 1954 4204 si
2012 4149 2161 4207 nosci

561 4230 814 4300 posset",
848 4248 952 4287 non
978 4236 1289 4291 omnimodo
1333 4238 1611 4293 Creatoris
1663 4239 1746 4295 sui
1786 4240 2074 4309 imaginem
2107 4241 2162 4300 in

562 4333 623 4371 se
667 4321 1015 4389 exprimeret,
1059 4325 1152 4393 qui
1183 4340 1250 4380 ex
1288 4326 1393 4388 bis,
1434 4343 1666 4396 quorum
1714 4330 2059 4403 principium,
2108 4341 2166 4388 et

566 4425 754 4471 causa,
812 4421 865 4465 et
913 4414 1163 4470 conditur
1207 4427 1312 4480 est,
1356 4417 1705 4489 cognoscitur
1763 4431 1971 4475 tantum
2018 4436 2161 4484 esse,

2265 1936 2491 1981 naturae
2541 1933 2595 1980 et
2645 1924 2927 1998 angelicae
2976 1925 3211 1983 societas
3250 1924 3448 1992 fuerat,
3474 1934 3543 1987 et
3598 1925 3772 1989 fieret,
3811 1924 3861 1981 si

2264 2016 2470 2090 primus
2496 2016 2660 2073 homo
2690 2032 2797 2073 non
2840 2027 3110 2088 peccaret,
3149 2026 3210 2073 ut
3235 2024 3467 2090 utraque
3491 2034 3658 2079 unum
3685 2016 3863 2077 calce-

2265 2118 2433 2163 retur.
2477 2108 2633 2178 Quod
2674 2108 2838 2169 etiam
2884 2108 2942 2165 in
2988 2108 3217 2166 summis
3253 2107 3582 2171 hominibus.
3630 2124 3862 2178 quorum

2264 2199 2538 2269 primitiae
2565 2198 2618 2254 in
2649 2199 2976 2255 caelestibus
3002 2208 3148 2266 sunt,
3177 2198 3291 2255 ﬁeri
3315 2200 3523 2269 incipit.
3546 2198 3609 2255 Et
3636 2199 3865 2268 angelus

2263 2291 2480 2361 quidem
2512 2291 2566 2346 in
2610 2281 2827 2347 nomine
2852 2292 2922 2347 ‘lit
2947 2307 3045 2360 per
3085 2290 3416 2347 intellectum
3442 2291 3639 2364 angeli,
3684 2291 3776 2361 qui
3807 2292 3862 2346 in

2264 2381 2485 2437 bomine
2510 2390 2615 2445 cst,
2659 2390 2715 2436 et
2745 2381 2907 2436 homo
2951 2382 3003 2435 in
3034 2380 3226 2451 angelo
3254 2397 3353 2452 per
3400 2373 3728 2438 intellectum
3758 2381 3863 2437 bo-

2264 2472 2428 2532 tninis
2448 2474 2501 2530 in
2531 2474 2724 2545 angelo
2751 2474 3128 2530 constitutum.
3157 2473 3258 2541 Qui
3282 2475 3451 2540 enim,
3474 2484 3537 2529 ut
3563 2474 3695 2537 dixi,
3724 2490 3863 2546 pure

2262 2567 2539 2640 intelligit,
2588 2568 2641 2622 in
2673 2582 2762 2633 eo,
2796 2568 2939 2637 quod
2978 2560 3249 2638 intelligit,
3296 2567 3373 2621 iit.
3425 2566 3627 2623 Natura
3679 2568 3863 2637 itaque

2266 2657 2640 2715 intellectualis
2679 2667 2732 2712 et
2781 2658 3058 2714 rationalis
3090 2656 3135 2689 "’
3176 2658 3417 2728 angelica
3470 2658 3522 2712 in
3550 2666 3747 2716 natura
3781 2659 3863 2712 in-

2265 2752 2555 2809 tellectuali
2587 2762 2636 2808 et
2666 2750 2916 2806 rationali
2945 2752 3179 2805 humana
3210 2749 3348 2805 facta
3374 2760 3481 2816 est,
3507 2750 3867 2820 (memmium-

2262 2846 2389 2901 dum
2443 2856 2500 2904 et
2552 2851 2785 2905 humana
2840 2850 2892 2904 in
2943 2848 3186 2920 angelica
3238 2862 3337 2919 per
3375 2846 3713 2919 reciprocam
3762 2861 3885 2929 (τοο.

2261 2938 2580 3006 guitionem,
2635 2956 2743 3012 qua
2786 2950 2845 2999 et
2897 2942 3123 3014 angelus
3167 2940 3438 2998 hominem
3488 2938 3762 3014 intelligit,
3805 2947 3865 2997 et

2234 3097 2237 3100 ν
2262 3028 2424 3089 [torno
2436 3032 2708 3104 angelum.
2723 3031 2834 3088 Nec
2859 3033 3076 3087 mirum.
3095 3030 3229 3089 Nam
3244 3040 3301 3089 et
3329 3046 3451 3096 nos.
3468 3032 3597 3087 dum
3619 3031 3862 3103 disputa-

2263 3136 2406 3187 mus,
2424 3121 2477 3177 in
2493 3121 2763 3178 nobismet
2776 3122 3005 3178 invicem
3024 3122 3306 3179 eliicimur.
3329 3119 3608 3193 Siquidem
3635 3119 3762 3175 dum
3779 3118 3863 3173 in.

2265 3213 2446 3287 telligo
2468 3214 2611 3284 quod
2646 3214 2921 3286 intelligis,
2952 3213 3257 3275 intellectus
3292 3221 3418 3270 tuus
3450 3210 3674 3279 eﬂicior,
3702 3222 3757 3266 et
3783 3211 3864 3267 in.

2262 3291 2458 3365 cl‘litbili
2472 3305 2707 3375 quodam
2719 3305 2881 3361 modo
2896 3305 2949 3360 in
2967 3314 3017 3361 te
3029 3303 3205 3362 Laetus
3215 3320 3355 3360 sum.
3373 3302 3864 3374 Similiterquando

2261 3411 2401 3471 pure
2414 3395 2668 3471 intelligis
2681 3397 2821 3467 quod
2835 3412 2936 3466 ego
2949 3396 3104 3469 plane
3119 3394 3373 3469 intelligo,
3391 3393 3697 3452 intellectus
3711 3407 3857 3448 men:

2262 3488 2514 3559 etﬁceris,
2545 3504 2615 3545 ac
2638 3490 2711 3546 de
2732 3488 2950 3545 duobus
2981 3488 3342 3546 intellectibus
3379 3477 3446 3547 tit
3471 3501 3633 3551 unus,
3669 3476 3738 3540 ab
3771 3499 3861 3549 eo,

2264 3581 2423 3654 quod
2438 3582 2600 3637 ambo
2623 3580 2840 3637 sincere
2858 3590 2915 3637 et
2941 3580 3327 3639 incunctanter
3353 3577 3725 3651 intelligimus.
3752 3577 3866 3633 ior-

2264 3681 2463 3733 matus.
2493 3671 2655 3729 Verbi
2679 3670 2878 3745 gratia,
2907 3683 2965 3728 nt
2986 3689 3055 3729 ex
3085 3668 3332 3729 numeris
3352 3672 3657 3745 exetnpltnn
3690 3670 3863 3725 intru-

2262 3763 2538 3820 ducamus'
2573 3779 2589 3818 :
2635 3765 2911 3820 senarium
2961 3780 3249 3821 numerum
3289 3749 3424 3820 suis
3452 3762 3700 3834 partibus
3743 3775 3865 3816 esse

2265 3858 2544 3928 aequalem
2576 3858 2871 3931 intelligis;
2903 3865 2960 3914 et
2986 3872 3088 3929 ego
3117 3850 3372 3915 similiter
3402 3854 3663 3925 intelligo,
3690 3862 3746 3910 et
3780 3855 3863 3908 in-

2250 3932 2508 4022 telligere
2532 3960 2584 4007 te
2606 3951 2865 4023 intelligo,
2906 3951 3044 4006 sicut
3062 3959 3134 4006 et-
3150 3965 3237 4005 me
3260 3948 3514 4021 intelligis
3538 3948 3860 4017 intelligere.

2244 4036 2509 4114 Uterque
2555 4053 2745 4099 noster
2783 4043 3093 4098 intellectus
3115 4058 3256 4098 unus
3286 4041 3347 4099 lit
3383 4041 3602 4097 senario
3635 4055 3865 4097 numero

2266 4134 2557 4197 formatus,
2586 4150 2652 4192 ac
2680 4149 2776 4204 pcr
2805 4134 2909 4190 hoc
2938 4142 2995 4189 et
3016 4149 3117 4205 ego
3151 4134 3206 4188 in
3239 4142 3292 4188 te
3311 4148 3490 4197 creor,
3524 4141 3580 4188 et
3611 4140 3666 4185 tu
3699 4133 3751 4186 in
3777 4146 3865 4187 me
3924 4141 3945 4158 ⁸

2265 4228 2493 4283 crcaris.
2524 4226 2642 4283 Non
2670 4228 2815 4292 enim
2854 4225 3000 4283 aliud
3040 4242 3250 4290 sumus,
3280 4224 3425 4281 aliud
3476 4233 3665 4280 noster
3709 4222 3866 4279 intel-

2251 4306 2475 4387 lectus;
2520 4335 2647 4376 vera
2678 4317 2944 4397 siquidem
2976 4334 3039 4374 ac
3063 4332 3275 4375 summa
3304 4327 3491 4372 nostra
3520 4313 3758 4370 essentia
3780 4321 3866 4368 est

2268 4412 2577 4469 intellectus
2643 4410 3101 4481 contemplatione
3170 4409 3419 4464 veritatis
3495 4405 3862 4477 speciiicatus.

562 4504 692 4568 quid
744 4517 924 4563 autem
973 4506 1083 4571 sit,
1140 4524 1356 4565 omnem
1402 4525 1625 4567 sensum
1669 4525 1725 4567 ct
1769 4514 1792 4547 ⁹
1831 4514 2160 4568 intellectum

2267 4503 2420 4571 Quod
2454 4513 2632 4560 autem
2675 4502 2985 4561 intellectus
3031 4517 3139 4559 non
3186 4497 3362 4555 solum
3412 4497 3867 4556 coessentialibus

564 4594 770 4667 effugit.
820 4598 967 4655 Dtsc.
1009 4599 1159 4655 Nulla
1186 4602 1351 4674 igitur
1391 4612 1645 4661 creatura
1692 4607 1778 4661 vel
1819 4607 2049 4661 visibilis
2079 4608 2163 4663 vel

566 4689 853 4748 invisibilis
877 4694 1241 4763 conditionem
1280 4696 1517 4753 hominis
1541 4701 1840 4774 praecedit.
1884 4716 1989 4755 non
2021 4700 2159 4766 loco,

568 4794 676 4833 non
698 4790 971 4852 tempore,
999 4800 1104 4839 non
1132 4786 1411 4857 dignitate,
1452 4804 1559 4844 non
1581 4788 1811 4857 origine,
1844 4808 1950 4847 non
1982 4789 2161 4846 acter-

566 4871 758 4937 nitatc,
788 4881 843 4927 et
870 4875 1189 4946 simpliciter
1215 4878 1363 4933 nullo
1390 4880 1784 4950 praecessiouis
1812 4881 2009 4946 modo;
2045 4881 2160 4953 ipsa

565 4977 697 5018 vero
741 4965 1049 5033 cognitione
1098 4978 1154 5023 et
1205 4970 1489 5041 dignitate,
1542 4974 1647 5027 noti
1698 4983 1878 5029 autem
1917 4974 2037 5029 loco
2079 4974 2165 5028 vel

574 5065 815 5127 tempore
844 5061 1116 5126 praecedit
1138 5074 1225 5123 ea,
1252 5071 1392 5134 quae
1410 5078 1538 5119 etim
1568 5079 1653 5126 ea.
1680 5072 1738 5119 et
1761 5063 1814 5120 in
1837 5080 1927 5128 ea,
1947 5073 2003 5120 et
2027 5064 2166 5119 infra

580 5165 704 5205 eant
768 5159 950 5206 creata
1000 5162 1161 5218 sunt;
1207 5154 1297 5210 his
1350 5168 1499 5218 vero,
1555 5154 1755 5225 quibus
1803 5155 2170 5225 condignitate

575 5250 804 5296 naturae
830 5242 1068 5312 aequalis
1094 5252 1200 5307 est,
1250 5245 1574 5300 caelestibus
1610 5245 1856 5301 videlicet
1890 5246 2165 5308 essentiis.

576 5344 864 5389 concrcata
911 5345 1011 5389 181.
1068 5333 1201 5391 Nam
1253 5347 1310 5393 ct
1357 5338 1471 5410 ipsa
1522 5339 1774 5395 caelestis
1811 5341 2078 5411 essentiae
2114 5350 2168 5394 et

2265 4596 2367 4662 sibi
2415 4596 2645 4661 naturis,
2690 4609 2881 4650 verum
2916 4580 3089 4655 etiam
3136 4591 3485 4649 inferioribus
3528 4587 3865 4644 conformari

2264 4690 2459 4760 possit,
2490 4690 2615 4744 dum
2652 4704 2749 4744 eas
2774 4689 3009 4757 amando
3039 4685 3290 4759 intelligit
3311 4698 3407 4742 seu
3453 4682 3637 4745 sentit,
3681 4696 3867 4737 sermo

2263 4780 2423 4836 docet
2461 4770 2840 4850 aposmlicus,’
2873 4774 3239 4833 intellectuale
3284 4782 3530 4832 nostrum
3566 4768 3612 4804 ’⁸
3638 4772 3868 4841 diligere

2265 4871 2508 4927 visibiles
2538 4871 2745 4926 formas
2773 4870 3069 4942 prohibens
3098 4867 3165 4933 ⁸⁸,
3204 4866 3435 4923 dicendo
3467 4882 3479 4919 :
3518 4862 3699 4919 Nolite
3739 4860 3867 4919 cons
3920 4870 3928 4879 ‘

2269 4967 2490 5037 formari
2521 4968 2643 5022 huic
2673 4950 2883 5021 seculo;
2920 4962 3033 5036 liae
3080 4964 3265 5036 itaque
3309 4960 3519 5016 ratione
3553 4957 3867 5029 reciprocae

2272 5060 2660 5134 intelligentiae
2709 5069 2763 5115 et
2794 5057 3016 5131 angelus
3043 5057 3099 5111 in
3130 5054 3376 5120 homine,
3406 5062 3463 5109 et
3490 5054 3653 5109 homo
3683 5054 3735 5108 in
3766 5066 3864 5106 an-

2268 5155 2412 5227 gelo,
2456 5172 2562 5209 non
2599 5154 2697 5210 abs
2738 5168 2794 5207 re
2822 5150 2997 5208 creari
3024 5140 3246 5213 dicitur,
3292 5157 3348 5204 et
3389 5162 3566 5218 neque
3612 5145 3863 5217 angelum
3908 5179 3919 5183 -

2272 5248 2595 5319 praecedere
2619 5245 2890 5301 hominem
2924 5243 3028 5299 ulla
3059 5241 3383 5297 conditionis
3414 5239 3552 5311 lnge.
3578 5238 3687 5294 ullo
3707 5252 3863 5309 prac-

2270 5339 2536 5399 cessionis
2587 5338 2629 5371 ’⁷
2691 5336 2850 5390 modo
2910 5347 3056 5391 recte
3107 5333 3348 5389 creditur
3411 5342 3466 5387 et
3514 5331 3861 5403 intelligitur,

1864 5477 2119 5533 VARIAE
2160 5477 2557 5536 LECTIONES.

609 5637 619 5646 ο
658 5566 672 5639 ξ
708 5565 796 5649 εἰς
972 5571 1493 5649 ςςὶθηρι·ἱίνο-Α]ῑειοριει
1526 5588 1635 5625 om.
1666 5571 1710 5624 Α
1786 5572 1805 5601 ⁵
1833 5581 1909 5625 est
1944 5586 2056 5649 om:
2081 5569 2186 5649 CF:

575 5640 709 5731 1:92,
772 5640 801 5731 τί
832 5641 919 5693 δίε
955 5640 1070 5703 Cl”;
1101 5640 1143 5693 Α
1174 5658 1261 5731 tle"
1284 5642 1400 5731 sica.
1460 5642 1482 5673 ‘
1527 5644 1826 5697 substitutio
1868 5642 2090 5731 omlznA.

597 5707 613 5731 ¹’
653 5707 743 5765 Sic
771 5708 847 5767 A;
888 5723 960 5764 ρει
1016 5728 1127 5765 om.
1178 5710 1282 5767 CF.

581 5798 929 5855 rationabilis.
1015 5803 1055 5833 ¹⁵
1096 5802 1207 5867 Cl";
1239 5793 1361 5857 ﬁrm
1394 5821 1403 5865 ;
1431 5803 1470 5858 Α
1500 5806 1765 5861 nimirum.

2173 5641 2193 5671 "
2241 5641 2281 5694 Α
2317 5641 2564 5693 externis.

1365 5714 1401 5750 "
1442 5725 1489 5767 et
1544 5726 1737 5770 natura
1789 5732 1900 5768 om.
1940 5712 2049 5767 CF.
2125 5718 2170 5750 ⁸³
2211 5711 2301 5768 Sto:
2336 5710 2454 5773 (ιν.
2488 5713 2529 5765 Λ
2586 5711 2799 5764 diceret.

1847 5804 1889 5834 ¹⁶
1919 5804 2008 5858 Sit:
2031 5802 2144 5859 (ιδ’
2180 5806 2220 5859 Α
2250 5805 2540 5869 perhibetis.

2264 5570 2284 5600 ³
2317 5571 2355 5623 Α
2389 5570 3055 5637 ςιτιῃίοιιίῑειρρνοττρωαηι.
3128 5565 3149 5595 ⁸
3182 5562 3272 5619 Sic
3314 5563 3431 5628 CF;
3463 5564 3507 5616 A
3556 5578 3667 5616 esse
3712 5559 3862 5637 intel-

2642 5643 2663 5667 "
2696 5640 2787 5693 Sic
2821 5636 2941 5701 CF;
2966 5637 3007 5691 Α
3045 5645 3230 5706 potest.
3297 5638 3329 5706 κν
3349 5645 3631 5706 consumet
3663 5649 3772 5706 qui.
3798 5634 3862 5706 A7.

2881 5697 2995 5762 “VA
3028 5697 3079 5762 et
3118 5702 3390 5761 essentiae.
3469 5706 3509 5735 “
3545 5703 3635 5759 Sic
3670 5697 3785 5777 CF;
3822 5705 3863 5757 Λ

2619 5803 2660 5841 ³⁷
2693 5803 2731 5855 Α
2760 5801 3118 5873 proressionis.
