4260 6082
523 255 628 319 8η

1333 252 1423 319 DE
1460 259 1804 320 DlVlSlONE
1835 258 2201 339 NATURAE.
2250 262 2325 299 -'-'
2353 254 2560 314 LIBER
2598 250 2952 326 QUARTUS.

520 376 867 440 auctoritatis
892 376 1149 449 magister
1176 420 1189 442 ,
1216 376 1711 448 atque-acutissimi
1734 373 2109 433 subtilissimi-
2135 379 2184 436 Α
2216 371 2470 444 imagine,
2495 377 2639 442 quae
2674 370 2814 425 intra
2848 365 3155 439 paradisum
3184 364 3400 422 condita
3442 369 3547 426 est,
3589 358 3685 417 sed
3727 373 3801 416 ex

522 483 633 541 que
728 467 953 540 uigenti,
984 461 1036 525 in
1080 467 1510 539 expositionibus
1540 467 1759 527 divinae
1791 461 2112 545 Scripturae

432 568 451 580 '
527 562 653 629 talia
678 561 987 633 protulerit.
1016 576 1126 618 non
1156 561 1314 618 facile
1329 560 1488 617 nobis
1514 561 1711 627 elucet,
1734 561 1838 616 nisi
1868 559 2028 622 forte,
2051 568 2113 615 ut

466 696 470 700 ν
525 654 844 725 saepissime
876 652 931 708 in
956 654 1127 724 ipsius
1152 654 1582 725 expositionibus
1615 656 1937 719 Invenimus,
1965 668 2112 707 sum-

527 762 647 802 mos
679 745 1010 804 Graecorum
1058 748 1359 827 Theologos
1395 734 1615 804 secutus
1642 745 1743 813 sit,
1783 755 1838 803 et
1875 748 2112 805 maxime

525 837 867 912 Gregorium.
898 838 1000 906 Qui
1033 841 1169 895 duas
1192 840 1429 895 lunniuis
1449 839 1787 895 conditiones
1818 853 1939 896 esse
1965 852 2112 893 asse-
2151 863 2156 868 -

529 938 673 989 runt,
711 945 870 984 unam
909 930 1127 1003 quidem
1157 930 1226 989 ad
1274 930 1559 1000 imaginem
1612 929 1727 994 Dei,
1775 928 1827 983 in
1860 934 1979 1000 qua’
2012 942 2115 983 nec

495 1053 498 1057 ε
526 1019 804 1079 masculus
831 1037 932 1077 nec
959 1020 1157 1081 femina
1197 1021 1533 1093 inueltigitur,
1562 1021 1656 1076 sed
1686 1020 1797 1076 sola
1829 1019 2110 1075 universa.

520 1099 670 1176 liabet
696 1113 921 1185 simplex
945 1114 1290 1179 hinnauitas,
1306 1113 1691 1182 simillimaque
1716 1111 1998 1185 angelicae
2015 1126 2115 1165 na-

527 1218 715 1273 turae,
742 1222 906 1277 quam
932 1207 1080 1266 omni
1110 1220 1245 1262 sexu
1268 1207 1488 1262 omnino
1519 1191 1708 1262 carere
1732 1214 1788 1261 et
1816 1203 2113 1259 auctoritas

525 1297 914 1356 incunctanter
934 1306 990 1354 et
1014 1314 1143 1354 vera
1160 1300 1321 1355 docet
1347 1300 1485 1355 rario
1504 1316 1518 1353 :
1538 1297 1764 1353 alteram
1789 1311 1919 1351 vero
1948 1304 2113 1366 atque

523 1392 817 1447 accuratam
863 1399 1082 1464 propter
1126 1393 1148 1424 ¹
1193 1392 1521 1463 praescitum
1572 1389 1907 1446 rationabilis
1957 1399 2115 1443 natu-

525 1492 620 1538 rae
643 1482 900 1538 delictum
943 1484 1373 1555 superadditam,
1405 1484 1459 1539 in
1500 1496 1607 1554 qua
1638 1498 1800 1538 sexus
1830 1480 2114 1544 constitui-

527 1581 636 1628 tur.
660 1573 852 1630 Merito
885 1589 1038 1647 ergo,
1082 1576 1224 1645 quod
1268 1585 1491 1647 propter
1516 1584 1798 1647 peccatum
1842 1572 2111 1643 adjectum

521 1674 645 1738 est,
698 1680 851 1723 extra
914 1669 1226 1737 paradisum
1270 1683 1334 1723 ac
1361 1667 1526 1721 velati
1566 1667 1619 1722 in
1684 1666 1927 1725 inferiori
1990 1666 2111 1721 loco

2209 460 2407 522 merito
2464 465 2673 519 futurae
2737 477 2868 518 suae
2926 455 3402 532 praevaricationis
3451 453 3497 486 υ
3560 452 3802 508 facturae

2210 569 2342 621 suae
2370 552 2418 586 “
2439 553 2666 625 sumpsit
2698 552 3061 607 occasionem.
3099 546 3232 603 Nam
3256 557 3312 601 et
3342 543 3431 600 illa
3456 544 3509 598 in
3531 541 3803 597 exteriore

2210 644 2451 714 homine,
2482 645 2572 715 qui
2608 652 2763 698 extra
2790 639 3098 713 paradisum
3126 636 3321 692 merito
3358 633 3559 706 peccati
3585 633 3651 687 de
3672 629 3803 683 limo

2211 745 2391 792 terrae
2441 735 2690 791 conditus
2739 741 2826 789 est
2873 732 2941 796 ι’,
2968 728 3259 786 catLSaliter
3310 733 3493 781 creata
3525 731 3630 781 est,
3664 732 3805 790 quae

2210 830 2553 899 postmodum
2568 827 2780 892 ordine,
2806 842 2911 883 non
2930 837 3191 896 tempore,
3207 821 3261 877 in
3285 818 3534 892 paradiso
3547 816 3614 870 de
3634 814 3808 869 latere

2182 921 2309 979 .viri
2344 929 2617 995 assumpta
2642 908 2755 975 est.
2782 917 2888 973 Sed
2925 917 3040 972 sive
3082 916 3207 977 hoc,
3254 912 3367 967 sive
3411 907 3611 977 aliquid
3659 901 3806 959 aliud

2211 1015 2517 1086 praedictus
2540 1014 2710 1079 voluit
2732 1012 3017 1085 magister;
3048 1025 3153 1065 non
3190 1005 3275 1062 es’t
3311 1004 3463 1059 nobis
3507 998 3811 1056 colluctan-

2212 1110 2339 1165 dum
2365 1108 2778 1171 adversuseos,
2818 1105 2907 1175 qui
2931 1104 3087 1167 duos,
3127 1110 3184 1154 ut
3215 1096 3585 1168 praediximus
3607 1130 3625 1155 ,
3683 1101 3809 1145 esse

2213 1200 2444 1257 credunt
2490 1197 2772 1268 paradisos
2804 1196 2873 1262 “,
2930 1211 3091 1249 unum
3152 1186 3368 1262 quidem
3428 1183 3806 1257 spiritualem.

2211 1292 2440 1359 alterum
2464 1305 2596 1344 vero
2621 1286 2980 1359 corporalem,
3014 1292 3233 1355 propter
3272 1279 3537 1349 duplicem
3572 1272 3809 1329 hominis

2212 1394 2461 1440 naturam
2492 1405 2520 1450 -,
2569 1367 2903 1457 praesertim
2974 1395 3097 1435 cum
3164 1377 3444 1431 videamus
3492 1367 3811 1441 saepissime

2212 1480 2267 1534 in
2320 1478 2540 1535 divinae
2587 1475 2907 1550 Scripturae
2976 1471 3378 1527 narrationibus
3447 1464 3612 1535 multa
3653 1460 3812 1531 juxta
3883 1484 3887 1488 η

2212 1588 2391 1628 rerum
2433 1553 2697 1627 factarum
2738 1570 3017 1628 veritatem
3066 1576 3122 1628 ct
3167 1561 3517 1620 histbrialitcr
3567 1558 3710 1613 facta
3753 1562 3815 1611 et

2212 1663 2567 1736 spiritualiter
2614 1661 2910 1717 intellecta.
2969 1658 3243 1714 Alit-aliam
3289 1653 3432 1709 cnim
3482 1652 3618 1704 duos
3672 1646 3813 1702 alios

523 1735 724 1811 factum
745 1735 1006 1816 t'uissede
1036 1765 1178 1813 terra
1207 1756 1620 1829 plasmationis‘
1648 1753 2108 1812 narratur.Virilis
2141 1735 2185 1793 Β
2216 1758 2423 1818 habuit.
2456 1770 2623 1832 unum
2655 1754 2872 1824 quidem
2919 1768 2985 1808 ex
3032 1748 3248 1815 ancilla,
3295 1762 3461 1801 unum
3503 1744 3571 1798 de
3616 1739 3810 1797 libera.

523 1848 708 1920 itaque
747 1866 913 1906 sexus
959 1861 1190 1908 naturae
1223 1853 1289 1906 ad
1321 1850 1614 1923 imaginem
1655 1850 1750 1905 Dei
1780 1848 1975 1904 'l‘actae
2021 1863 2112 1902 su-

523 1941 840 2009 peradditus
867 1952 1024 1998 extra
1056 1942 1081 1975 δ
1125 1943 1433 2014 paradisum
1480 1942 1656 1999 factus
1699 1950 1803 1997 est.
1836 1939 1944 1997 Sed
1985 1939 2111 2011 quia

522 2040 578 2085 et
624 2032 740 2103 ipse
796 2049 959 2108 sexus
1032 2035 1200 2106 priori
1272 2044 1523 2100 naturae,
1582 2034 1800 2090 divinae
1860 2033 2114 2088 videlicet

522 2122 1124 2198 imagini,adjuugitur,
1173 2126 1336 2182 veluti
1382 2126 1596 2181 aliunde
1641 2123 2112 2195 apprchensus,in

460 2232 488 2267 τι
523 2216 777 2295 paradiSo
806 2231 929 2272 cum
964 2232 1138 2286 prima
1165 2219 1372 2273 scilicet
1402 2216 1709 2273 conditione
1745 2198 2117 2278 constituitur,

524 2307 580 2367 in
599 2323 706 2377 quo
718 2310 913 2379 iterum
939 2310 1100 2367 veluti
1117 2309 1169 2365 in
1198 2309 1461 2383 superiori
1485 2310 1605 2366 loco
1631 2308 1902 2393 secundus
1928 2313 2112 2372 sexus,

522 2399 789 2463 vocabulo
814 2401 1057 2457 mulieris
1079 2402 1395 2474 appellatus,
1427 2412 1481 2458 ct
1503 2418 1569 2459 ex
1609 2402 1778 2458 latere
1805 2401 1922 2473 ejus
1941 2410 2115 2458 attra-

522 2488 684 2558 ctus,
714 2491 767 2548 in
799 2494 1127 2569 adjutortuni
1157 2495 1525 2565 procreandac
1554 2494 1722 2565 pmlis
1750 2494 1805 2549 in
1837 2502 2119 2549 contumeq

523 2581 597 2639 lia
619 2584 985 2645 similitudinis
1003 2585 1366 2657 insipientium
1388 2585 1702 2657 animalium
1724 2584 1772 2640 ei
1792 2583 2114 2656 adjungitur.

524 2674 593 2739 Et
619 2675 745 2745 quia
770 2677 1011 2733 conditio
1036 2676 1209 2732 Virilis
1238 2693 1421 2743 sexus,
1449 2677 1697 2753 quamvis
1720 2691 1824 2730 non
1851 2685 2115 2745 tempore,

523 2768 620 2823 sed
665 2768 781 2823 sola
818 2767 1098 2841 dignitate,
1144 2767 1420 2838 praecedit
1463 2767 1826 2822 conditionem
1855 2764 2073 2823 feminei
2092 2781 2114 2831 νς

503 2862 721 2931 .mulier
747 2860 891 2919 enim
919 2877 984 2917 ex
1009 2863 1128 2917 viro
1151 2861 1203 2916 in
1234 2863 1404 2931 prima
1433 2860 1762 2923 conditione,
1796 2859 1851 2916 in
1881 2859 2119 2915 secunda

526 2952 706 3010 autem
734 2953 757 2985 ⁵
790 2953 875 3008 vir
901 2968 965 3007 cx
1024 2952 1250 3007 muliere
1294 2950 1472 3009 factus
1516 2960 1602 3007 est
1630 2965 1645 3005 :
1669 2960 1953 3023 propterea
1991 2965 2119 3006 con-

527 3043 784 3098 ditionem
807 3043 909 3098 viri
928 3043 1066 3097 dicit
1110 3042 1133 3074 ⁶
1169 3052 1322 3097 extra
1353 3044 1685 3112 paradisum,
1720 3040 1963 3095 mulieris
1989 3054 2118 3094 vero

2200 1848 2280 1903 Et
2331 1850 2467 1903 haec
2508 1847 2726 1918 quidem
2779 1844 3074 1901 secundum
3132 1840 3416 1896 historiam
3469 1837 3610 1891 facta
3664 1838 3813 1889 sunt.

2177 2000 2184 2007 _
2212 1937 2373 1992 Juxta
2400 1946 2579 1991 tamen
2607 1935 2917 2006 allegoriam
2948 1932 3255 2002 duaslcgcs
3288 1929 3619 2002 siguillcaut.
3647 1937 3812 1978 unam

2214 2028 2432 2101 quidem
2488 2024 2700 2081 Veteris
2752 2023 3127 2088 “testamenti,
3188 2020 3326 2083 Novi
3379 2033 3509 2073 vero
3560 2015 3814 2072 alteram.

2216 2121 2398 2187 Petra,
2438 2120 2505 2176 de
2532 2135 2637 2189 qua
2679 2124 2860 2188 aquae
2892 2116 3187 2181 ﬂuxerunt,
3238 2112 3292 2168 in
3328 2126 3512 2168 eremo
3560 2105 3813 2176 populum

2216 2213 2564 2283 sequebatur,
2597 2225 2719 2269 cum
2750 2209 2894 2264 dicat
2920 2204 3207 2276 Apostolus
3235 2221 3249 2256 :
3280 2200 3457 2264 l’etru'
3482 2207 3656 2251 autem
3701 2202 3814 2276 erat

2167 2342 2175 2349 .
2205 2304 2477 2393 ‘Qltristus.
2506 2308 2509 2311 '
2535 2302 2601 2357 Et
2629 2302 2759 2372 quid
2784 2301 2960 2355 dicam
2986 2299 3054 2355 de
3087 2298 3218 2369 ipsis
3244 2294 3435 2368 primis
3474 2291 3814 2393 duobusnho-
3908 2352 3913 2353 ί

2218 2381 2472 2469 minibus,
2514 2395 2754 2451 masculo
2795 2393 3043 2450 videlicet
3083 2386 3139 2467 e't
3177 2388 3400 2452 femina,
3440 2386 3493 2441 in
3538 2380 3814 2455 paradiso,

2220 2492 2287 2546 de
2322 2504 2429 2562 quo
2458 2504 2639 2545 sermo
2657 2496 2758 2549 est,
2784 2484 3091 2542 constitutis
3113 2483 3157 2517 "
3179 2484 3203 2538 't
3228 2480 3439 2545 Nonne,
3466 2488 3526 2533 ut
3556 2478 3698 2532 idem
3740 2481 3818 2529 te-

2221 2591 2396 2638 statur
2422 2578 2732 2651 Apostolus,
2766 2576 2992 2649 ﬁguram
3018 2574 3231 2633 Christi
3259 2583 3315 2628 et
3340 2569 3614 2627 Ecclesiae
3640 2575 3819 2637 gesta.

2179 2673 2394 2732 .bant?
2448 2672 2598 2744 Quid
2629 2685 2780 2741 ergo
2827 2669 3049 2729 mirum,
3099 2666 3142 2723 si
3191 2664 3490 2736 corporalis
3533 2659 3819 2731 paradisus

2222 2773 2517 2828 crearetur,
2559 2778 2655 2839 per
2693 2777 2854 2840 quem
2898 2757 3192 2832 spiritualis
3234 2756 3516 2830 paradisus
3547 2752 3819 2825 significa-

2226 2858 2417 2915 retur?
2451 2855 2711 2913 Noviinus
2733 2862 2935 2917 autem,
2961 2865 3229 2907 summum
3256 2857 3477 2903 sanctae
3503 2845 3819 2916 Scripturae

2223 2951 2608 3022 expositorem,
2634 2945 2908 3016 Origiuem
2950 2943 3091 3007 dico,
3134 2940 3460 3002 etlissercre,
3504 2952 3611 2993 non
3662 2932 3816 2998 alibi,

2171 3098 2187 3117 τ
2223 3055 2396 3111 neque
2422 3038 2650 3096 alterum
2690 3035 2999 3106 paradisum
3041 3047 3184 3098 esse,
3233 3038 3449 3101 praeter
3490 3027 3685 3097 ipsum,
3724 3023 3816 3094 qui

526 3133 693 3197 intra,
725 3140 783 3186 ut
824 3147 919 3202 per
943 3098 1368 3201 hocintelligas:
1385 3131 1559 3189 virum
1589 3131 1752 3186 etiam
1779 3140 1931 3186 extra
1960 3144 2118 3201 para-
2144 3098 2188 3158 ε
2222 3132 2276 3200 in
2308 3098 2464 3186 iertio
2485 3128 2659 3194 caelo,
2689 3128 2884 3197 utipse
2914 3125 3047 3190 vult,
3084 3123 3409 3180 constitutus
3439 3127 3541 3183 est,
3575 3127 3631 3173 et
3673 3118 3717 3153 “
3763 3116 3817 3170 in

528 3223 727 3285 tlisum,
743 3224 960 3287 hocest,
979 3233 1131 3278 extra
1157 3223 1524 3294 primordialis
1538 3222 1868 3279 conditionis
1884 3222 2121 3293 dignita-

528 3321 634 3369 tem
651 3313 925 3369 conditmn
945 3312 1222 3368 meiiorem
1252 3328 1373 3369 esse
1392 3312 1638 3378 muliere,
1665 3327 1806 3384 quae
1829 3312 1992 3367 veluti
2030 3311 2118 3367 in-

527 3412 608 3458 tra
623 3401 646 3434 '
664 3404 997 3472 paradisum,
1022 3403 1127 3458 hoc
1147 3411 1231 3463 est
1254 3402 1584 3475 superadditi
1610 3418 1773 3459 sexus
1784 3392 2119 3475 simplicitati

522 3491 1020 3564 divinaeitnagiuis
1042 3493 1427 3549 adunationrm
1460 3495 1678 3571 condita
1714 3503 1817 3549 est.
1854 3493 2039 3552 Potest
2062 3499 2119 3549 et

523 3584 607 3640 sic
626 3585 752 3641 dici.
792 3583 1059 3652 Quoniam
1085 3583 1140 3640 in
1173 3600 1497 3659 unoquoque
1523 3588 1740 3643 homine
1761 3588 1869 3642 duo
1896 3585 2118 3658 quidam

524 3674 771 3730 homines
804 3674 1200 3747 intelliguntur,
1224 3676 1437 3737 dicente
1467 3676 1728 3748 Apostolo
1749 3694 1765 3733 :
1789 3674 2116 3731 Exteriorem

523 3767 784 3828 hominem
810 3770 1097 3839 corrumpi,
1138 3768 1436 3825 interiorem
1473 3787 1592 3826 vero
1629 3771 1892 3836 renovari,
1924 3771 2118 3826 merito

524 3855 774 3922 interior,
801 3858 892 3928 qui
921 3860 987 3913 ad
1009 3857 1296 3931 imaginem
1329 3861 1422 3916 Dei
1451 3861 1625 3918 factus
1645 3871 1749 3926 est,
1779 3864 1831 3917 in
1862 3861 2118 3935 paradiso

524 3948 808 4017 formatur,
865 3952 1103 4014 exterior
1144 3969 1276 4009 vero
1314 3965 1383 4023 et,
1409 3954 1773 4026 corruptibilis
1797 3964 1952 4011 extra
1991 3956 2015 3989 ⁸
2064 3965 2120 4010 et

525 4039 667 4096 infra
696 4043 1006 4110 paradisum
1053 4043 1122 4105 de
1148 4046 1279 4121 limo
1307 4055 1489 4103 terrae
1514 4046 1766 4120 ﬁngitur;
1814 4050 1904 4118 qui
1951 4048 2119 4107 etiam

525 4136 921 4229 apprehensus}
916 4136 970 4190 in
995 4137 1244 4208 paradiso
1271 4139 1508 4210 ponitur,
1539 4142 1817 4212 quoniam,
1842 4140 1891 4196 si
1916 4141 1971 4207 in
1998 4142 2118 4212 ipso

523 4227 751 4289 salutem
788 4227 989 4283 suam'
1041 4239 1385 4299 operaretur,
1434 4231 1784 4301 divinumque
1824 4233 2125 4308 custodiret

518 4328 891 4390 praeceptum,
922 4328 1137 4389 poterat
1175 4322 1340 4377 etiam
1370 4321 1438 4378 ad
1468 4322 1782 4393 dignitatem
1820 4320 2117 4393 superioris

524 4411 852 4469 conditionis
906 4410 974 4470 ad
1023 4413 1311 4491 imaginem
1362 4414 1456 4489 Dei
1509 4415 1808 4484 pervenire.
1848 4414 2115 4482 Quoniam

524 4519 652 4559 vero
695 4505 863 4560 noluit
905 4505 1088 4561 divino
1113 4505 1331 4561 obedire
1357 4506 1401 4538 ¹⁶
1429 4517 1734 4578 praecepto,
1783 4523 1888 4563 non
1938 4508 2112 4563 solum

522 4598 837 4657 Creatorem
862 4616 1019 4657 suum
1039 4643 1056 4667 ,
1086 4616 1273 4657 verum
1307 4602 1471 4657 etiam
1518 4602 1837 4672 dignitatem
1868 4601 2116 4675 imaginis

523 4690 640 4762 ejus
666 4690 708 4723 “
736 4693 993 4749 deseruit.
1033 4692 1111 4748 Ac
1131 4707 1230 4763 per
1248 4691 1353 4747 hoc
1378 4692 1431 4746 in
1462 4692 1740 4762 geminum
1761 4705 1949 4747 sexum
1980 4690 2114 4746 scis-

524 4797 615 4838 sus
650 4792 755 4849 est,
809 4784 863 4838 in
908 4785 1207 4840 masculum
1245 4782 1497 4839 videlicet
1538 4792 1594 4840 et
1635 4782 1891 4839 feminam
1925 4800 1939 4839 :
1973 4798 2114 4854 quae

524 4873 775 4948 discissio
801 4891 905 4931 non
938 4892 1003 4931 ex
1031 4876 1354 4943 natura,sed
1374 4892 1443 4931 ex
1469 4876 1602 4931 vitio
1621 4891 1842 4931 causam
1866 4864 2134 4947 accepit.‘

524 4961 753 5035 Ideoque
778 4966 1027 5037 quamvis
1056 4966 1108 5020 in
1131 4956 1381 5036 paradiso
1402 4963 1600 5020 femina
1616 4967 1683 5023 de
1697 4966 1813 5020 viro
1840 4963 1983 5020 facta
2007 4974 2109 5029 est,

440 5122 450 5132 .
524 5068 632 5110 non
653 5064 772 5112 erat
800 5055 925 5112 inde
949 5054 1065 5114 viro
1096 5056 1307 5132 melior,
1341 5056 1598 5127 quoniam
1630 5057 1672 5093 ι’
1703 5072 1809 5112 non
1834 5071 1903 5112 ex
1928 5055 2111 5110 divina

2219 3240 2379 3295 quem
2409 3221 2684 3294 apostolus
2719 3218 2921 3274 Paulus
2962 3226 3149 3289 raptus
3189 3222 3291 3270 est.
3337 3212 3404 3277 Et
3452 3211 3499 3266 si
3548 3209 3602 3264 iu
3661 3208 3820 3264 tertio

2221 3317 2372 3376 caelo
2395 3324 2499 3380 est,
2534 3310 2778 3386 profecto
2803 3307 3099 3380 spiritualis
3120 3311 3227 3361 est.
3270 3303 3512 3359 Tertium
3552 3298 3818 3370 siquidem

2221 3407 2451 3472 caelum,
2478 3406 2530 3460 in
2557 3406 2700 3473 quod
2743 3411 2928 3470 raptus
2970 3405 3054 3454 est
3097 3394 3319 3458 Paulus,
3367 3387 3649 3462 spirituale
3696 3401 3819 3441 esse

2220 3498 2417 3559 summi
2446 3478 2726 3564 utriusque
2754 3491 2969 3562 linguae
3002 3496 3256 3545 auctores
3285 3499 3391 3540 non
3421 3480 3691 3541 dubitant,
3718 3475 3811 3533 sed

2221 3587 2551 3657 unanimiter
2592 3583 2907 3644 'aflirmant,
2967 3578 3095 3636 illud
3139 3566 3495 3632 intellectuale
3540 3577 3815 3626 vocantes.

2220 3680 2541 3749 Quanquam
2579 3673 2908 3744 Epiphanius
2940 3668 3292 3727 Constantine
3325 3664 3489 3737 Cypri
3533 3661 3819 3742 episcopus

2222 3772 2275 3826 in
2307 3771 2410 3825 hoc
2445 3767 2732 3838 Origenem
2761 3760 3145 3834 reprehendat,
3176 3769 3232 3813 et
3256 3755 3479 3839 omnino
3502 3750 3817 3824 paradisum

2222 3865 2275 3920 in
2310 3872 2453 3919 terra
2481 3875 2601 3919 esse
2630 3861 2675 3894 ¹⁹
2705 3866 2913 3913 asiruat
2942 3873 2956 3910 :
2986 3853 3250 3927 quendam
3285 3847 3492 3926 Quidam
3522 3842 3817 3900 sensibilem

2219 3954 2391 4010 locum
2415 3954 2470 4007 in
2495 3948 2832 4007 orientalibus
2857 3947 3039 4002 mundi
3056 3944 3292 4016 partibus
3321 3956 3441 4005 cum
3488 3934 3817 3994 seusibilibus

2221 4030 2377 4118 lignis
2406 4044 2831 4116 ﬂuminibusque,
2879 4040 3187 4113 ceterisque,
3214 4049 3350 4108 quae
3374 4028 3716 4118 corporaliter
3747 4026 3814 4118 ab

2219 4115 2322 4203 Itis,
2352 4115 2442 4208 qui
2488 4128 2771 4205 corporeis
2796 4129 3035 4185 sensibus
3078 4126 3388 4184 adimerent,
3410 4115 3826 4208 simpliciter'de-

2218 4203 2470 4298 paradiso
2513 4203 2816 4278 creduntur.
2869 4218 3015 4275 Idem
3051 4228 3283 4283 namque
3311 4207 3644 4281 Epiphanius
3675 4203 3819 4260 tuni-

2222 4332 2315 4373 cas
2337 4313 2611 4386 pellicias,
2640 4325 2778 4382 quas
2805 4309 2948 4365 Deus
2972 4304 3164 4379 primis
3191 4300 3500 4360 hominibus
3519 4305 3639 4370 post
3661 4310 3817 4386 prae-

2222 4384 2609 4463 varicationem
2664 4408 3000 4463 consuerat,
3055 4393 3406 4453 historialiter
3461 4390 3528 4446 de
3587 4384 3819 4460 pellibus

2220 4495 2496 4567 ovium",
2524 4508 2675 4563 quae,
2710 4498 2770 4548 ut
2793 4490 2868 4551 ait
2897 4488 3003 4551 ille,
3032 4487 3089 4541 iu
3114 4484 3365 4557 paradiso
3386 4480 3615 4550 fuerant,
3645 4475 3816 4567 [nctus

2220 4565 2457 4646 essenon
2485 4586 2735 4662 dubitat"
2754 4592 2812 4638 et
2849 4580 3136 4651 Origenem
3185 4570 3553 4658 reprehendit,
3590 4565 3818 4662 quisuh

2223 4682 2435 4737 illarum
2459 4677 2676 4750 pellium
2704 4658 2885 4747 figura
2906 4668 3154 4726 mortalia
3180 4680 3432 4736 carpam,
3459 4674 3601 4732 quae
3627 4658 3818 4750 primis

2219 4749 2529 4837 hominibus
2570 4766 2765 4824 merito
2791 4763 2995 4837 peccati
3019 4757 3362 4832 superaddita
3393 4765 3541 4819 sunt,
3565 4749 3815 4824 pulcher-

2219 4865 2357 4925 rime
2409 4870 2574 4932 atque
2627 4855 2912 4925 verlSS'tme
2974 4851 3278 4925 signiﬁcata
3341 4846 3507 4903 fuisse
3568 4838 3811 4932 exponit.

2216 4956 2410 5028 Quem,
2445 4931 2737 5026 origenem
2757 4949 2899 5013 dico,
2927 4947 2981 5003 in
3012 4944 3222 5007 theoria
3244 4939 3548 4997 tunicarum
3577 4931 3815 5004 pellicia~

2220 5066 2339 5108 rum
2367 5061 2557 5105 omnes
2577 5043 2694 5101 fere
2723 5050 2975 5098 auctores
3014 5036 3345 5095 Graecorum
3375 5029 3814 5111 Latinorumque

1810 5202 2070 5277 VABIAE
2107 5202 2486 5264 LECTIONES

596 5401 613 5432 ¹
655 5397 749 5454 Sic
792 5394 912 5463 CF;
969 5396 1016 5451 Α
1065 5404 1115 5450 et
1171 5393 1523 5450 subtilissimi.

526 5468 548 5501 ³
584 5470 688 5525 Pro
717 5470 772 5523 in
801 5467 1031 5535 secundo
1054 5477 1231 5521 autem
1257 5464 1342 5522 CF
1369 5482 1473 5519 non
1501 5471 1705 5535 autem.

527 5541 607 5596 tit.
676 5540 702 5571 ’
742 5543 784 5593 A
809 5556 925 5594 suo.
988 5532 1048 5571 i’
1085 5536 1176 5593 Sic
1203 5535 1319 5603 CF;
1348 5536 1392 5590 Α
1422 5533 1630 5589 obedire
1655 5532 1853 5588 diuino.

526 5625 655 5666 suae
678 5611 909 5678 futurae.
983 5608 1031 5644 “
1062 5625 1192 5663 suae
1218 5622 1330 5678 om.
1364 5606 1430 5661 Α.
1455 5603 1905 5678 _“‘M:st_o_m.‘A.

1623 5393 1645 5423 ²
1711 5407 1768 5447 ro
1804 5399 1883 5444 [η
1917 5403 2027 5444 om.
2080 5385 2149 5443 Α.
2287 5385 2309 5416 ³
2342 5385 2398 5438 Si

1623 5408 1710 5563 an:
1752 5408 1828 5545 _P°
1865 5458 2101 5563 δῑείρῐτξ
2134 5457 2175 5512 Α
2201 5456 2402 5563 diruat.

1956 5532 1999 5568 ¹¹
2049 5528 2165 5599 ejus
2195 5544 2303 5581 mu.
2337 5526 2405 5578 Α.
2484 5526 2527 5556 ¹¹
2565 5526 2610 5577 Δ
2654 5526 2800 5593 quia.
2861 5526 2924 5574 ,³³
2959 5526 3052 5573 Sic
3093 5526 3211 5597 ut;
3261 5526 3303 5567 Α
3349 5538 3350 5541 η

1982 5599 2030 5633 ³⁸
2068 5600 2160 5655 Sic
2188 5596 2301 5661 Cl";
2332 5596 2377 5649 Λ
2403 5596 2535 5648 duos
2559 5592 2855 5661 paradisus,
2897 5597 2954 5643 ut
2972 5588 3350 5658 praediximus.

2287 5382 2309 5416 ο
2342 5382 2432 5439 Sic
2475 5364 2593 5447 Cr;
2652 5383 2697 5435 Α
2751 5374 3105 5449 formatiouis.
3203 5372 3227 5404 ι
3277 5352 3371 5428 sic
3420 5369 3499 5433 tt;
3530 5366 3615 5422 cr
3643 5365 3807 5449 infro.

2292 5464 2382 5493 um
2498 5453 2520 5486 1
2565 5454 2598 5493 Δ
2630 5453 2782 5493 inter-
2892 5447 2918 5481 ⁸
2981 5444 3074 5493 Sic
3106 5442 3225 5493 CF:
3262 5458 3360 5493 om
3419 5451 3569 5493 extra
3599 5440 3643 5493 Α
3677 5451 3807 5493 extr-

2498 5453 2520 5486 "
2558 5442 2602 5507 Ᾱ
2630 5442 2784 5507 inter.
2892 5447 2918 5481 "
2981 5444 3074 5502 Sic
3106 5442 3225 5511 CF;
3262 5458 3360 5513 pro
3419 5451 3569 5494 extra
3599 5442 3643 5493 Α
3677 5442 3816 5493 exti-

2484 5524 2527 5556 ¹¹
2565 5522 2610 5577 Δ
2654 5521 2800 5593 quia.
2861 5518 2924 5574 .“
2959 5516 3052 5573 Sic
3093 5514 3211 5580 CF;
3261 5514 3303 5567 Α
3349 5509 3811 5583 praevaricationis

2484 5610 2535 5638 mi
2561 5592 2854 5638 unradims.
2897 5597 2954 5638 ut
2974 5587 3350 5638 urudiximtts.
3461 5581 3505 5613 "
3545 5578 3638 5638 Sic
3684 5575 3808 5638 (ἓΡὲ

533 5661 938 5738 attinendi...
1016 5661 1280 5736 “vetem.
1308 5677 1373 5733 Δ.
1452 5674 1497 5709 ⁸⁸
1537 5674 1630 5737 Sic
1651 5672 1738 5732 CF
1757 5689 1773 5742 ;
1801 5672 1844 5728 Α
1874 5688 1984 5728 esse
2013 5672 2067 5727 iu
2094 5678 2255 5726 terra.
2332 5666 2378 5699 ¹⁰
2417 5665 2509 5722 Sic
2547 5661 2631 5719 CF
2651 5678 2668 5729 ;
2700 5662 2746 5717 Α
2772 5661 3027 5722 omnium.
