4260 6082
598 279 707 340 833

2000 253 2288 337 testans
2322 274 2539 352 scen.
2606 314 2619 357 _.

3786 284 3896 345 836

599 407 749 453 suam
792 390 1091 467 utnlilatem
1138 390 1421 463 cognorit,
1466 390 1583 446 solo
1626 389 1875 448 videlicet
1917 391 2194 447 interioris
2221 396 2268 454 Α
2299 393 2366 447 ad
2397 394 2708 452 creaturam
2729 376 2928 453 utentis
2957 395 3383 463 inclinationem,
3411 396 3657 470 sequitur
3685 389 3894 454 «lunai-'-

599 474 859 542 sctentiae
900 485 1239 555 simplicique
1281 486 1475 547 mentis
1522 486 1711 546 oculo.
1754 485 1958 556 alisque
1998 502 2190 555 corpo-

569 624 573 628 .
599 579 728 632 ralis
758 577 1115 646 mortalisque
1149 593 1342 633 sensus
1370 577 1592 634 auxilio.
1630 577 1730 633 Ubi
1759 578 1918 632 tiatur
1940 578 2189 648 intelligi,

596 671 741 740 quod
785 670 967 724 omnia
1000 669 1249 724 animalia
1287 679 1343 724 et
1381 669 1638 734 volatilia,
1676 684 1816 740 quae
1854 670 1921 727 de
1961 678 2107 723 terra
2137 677 2193 723 et

600 762 663 816 de
687 761 842 829 aquis
871 762 1013 817 facta
1046 768 1355 821 narrantur,
1386 761 1617 830 sparsim
1648 776 1745 832 per
1772 768 2038 817 terrarum
2063 774 2191 828 Spa-

594 851 668 904 tia
690 849 823 906 locis
861 835 975 907 suis
999 853 1326 922 sudibusque
1353 851 1691 907 tuttur-alibus
1715 860 1892 916 erant,
1918 866 2055 921 quae
2081 861 2192 906 tum

595 946 777 1002 omnia
828 964 930 1002 nec
967 946 1211 1003 localiter
1261 961 1357 1023 nec
1402 961 1564 1002 sensu
1607 960 1890 1017 corporeo,
1935 945 2028 1003 sed
2079 944 2195 1002 solo

601 1037 797 1093 tuentis
823 1038 1068 1093 contuitu
1101 1038 1239 1093 ultra
1267 1052 1481 1093 «mittam
1508 1052 1728 1092 sensum
1764 1036 2191 1106 corruptibilcm,

597 1133 734 1187 ultra
774 1128 991 1191 omnem
1028 1122 1202 1190 locum
1245 1142 1301 1190 et
1346 1148 1505 1187 omne
1546 1141 1776 1201 tempus,
1819 1130 1872 1184 in
1899 1128 2197 1201 rationibus

596 1223 746 1289 suis,
802 1225 1096 1281 secundum
1151 1239 1287 1293 quas
1338 1232 1521 1279 creata
1566 1231 1731 1286 sunt,
1761 1220 1967 1291 primus
2010 1198 2193 1284 hoino,

595 1318 909 1390 priusquam
965 1316 1225 1374 virtutum
1290 1313 1545 1387 tegimine
1593 1312 1957 1385 spoliaretur,
2023 1310 2197 1382 potuit

595 1408 974 1481 contemplari.
1014 1410 1087 1464 De
1124 1408 1238 1480 ipsa
1281 1422 1492 1478 quoque
1534 1408 1780 1462 nuditate
1815 1409 1971 1477 primi
2020 1407 2196 1464 homi-

597 1500 683 1557 nis
707 1500 998 1572 Gregorius
1023 1500 1327 1569 Theologus
1349 1500 1404 1555 in
1428 1514 1683 1554 sermone
1710 1500 1773 1554 de
1799 1498 2068 1557 Pascliate
2113 1502 2195 1557 sic

594 1594 673 1647 ait
703 1610 716 1647 :
747 1592 966 1658 Nudum
993 1592 1329 1663 simplicitate
1350 1600 1399 1645 et
1424 1592 1529 1646 vita
1555 1592 1665 1645 sine
1689 1602 1821 1655 arte,
1843 1601 1890 1646 et
1914 1593 2027 1648 sine
2048 1608 2199 1648 omne

533 1746 537 1749 _
594 1685 849 1740 relantine
876 1694 922 1738 et
945 1684 1262 1754 problemate
1299 1682 1456 1738 talem
1486 1682 1659 1737 decuit
1692 1700 1801 1738 esse
1829 1699 1976 1747 eum,
2016 1684 2199 1740 videli-

2294 491 2379 539 tus
2407 503 2420 540 :
2439 484 2724 558 Postquam
2739 505 2993 559 soporem,
3018 490 3214 559 inquit,
3229 491 3445 545 immisit
3463 490 3602 546 Deus
3626 491 3680 544 in
3699 492 3897 559 Adam,

2293 576 2625 644 obdormivit,
2682 579 2787 633 hoc
2839 586 2945 655 est,
2977 579 3213 649 seipsum
3264 580 3487 635 omnino
3532 590 3791 638 aeternae
3830 594 3898 639 ac

2292 666 2488 741 beatae
2520 670 2991 741 contemplationis
3017 670 3205 743 vigore
3222 673 3547 743 segregavit,
3581 680 3636 728 et
3664 673 3717 728 in
3750 674 3902 731 delo-

2296 761 2592 818 ctationem
2614 762 2953 819 sensibilium
2968 763 3115 828 omni
3137 763 3339 819 virtute
3362 748 3896 843 evacuatuscecidit,

2297 855 2656 927 sensibusqne
2687 855 3063 931 spirituaiibus
3096 857 3313 931 penitus
3358 858 3603 914 recessit.
3635 855 3740 914 Ubi
3786 841 3893 913 no-

2298 946 2541 1025 tandum,
2590 948 2757 1017 quod,
2788 957 3074 1029 postquam
3106 935 3899 1026 obtlormivit‘Adam,,coudi-

2300 1037 2501 1097 tionem
2529 1039 2775 1097 mulieris
2803 1040 3107 1103 introduxit
3133 1040 3443 1113 Scriptura,
3471 1050 3532 1096 ut
3560 1057 3656 1113 per
3683 1042 3788 1116 hoc
3817 1043 3900 1099 in-
3965 1054 3970 1059 ‘

2298 1130 2561 1195 sinuaret,
2590 1130 2753 1200 quod,
2777 1131 2843 1186 .si
2875 1135 3122 1189 ,humana
3153 1124 3351 1193 natura
3382 1132 3687 1205 simplicem
3720 1133 3901 1192 since-

2298 1239 2526 1299 ramque
2554 1222 2919 1298 integritatem
2944 1241 3082 1283 suae
3134 1213 3566 1296 constitutionis,
3602 1242 3708 1305 qua
3741 1229 3785 1261 ²⁹
3826 1228 3902 1299 ad

2300 1316 2588 1389 imaginem
2619 1318 2716 1373 Dei
2765 1317 2907 1375 facta
2940 1327 3045 1383 est,
3088 1317 3651 1391 irrationabilimotn
3688 1320 3902 1379 liberae

2298 1408 2594 1466 voluntatis
2618 1423 2728 1466 non
2770 1410 3076 1473 desereret,
3110 1411 3203 1466 sed
3229 1426 3446 1482 semper
3473 1410 3527 1466 in
3552 1409 3905 1484 pontempla-

2303 1499 2449 1558 tione
2473 1501 2718 1558 veritatis
2745 1501 3262 1559 incommutabiliter
3284 1510 3653 1574 permaneret,
3675 1500 3901 1559 omnino

2300 1591 2594 1653 scissuram
2623 1591 2855 1647 suainlin
2879 1592 3147 1664 duplicem
3175 1576 3364 1651 Sexum
3390 1594 3456 1650 ad
3487 1592 3898 1662 similitudinem
3929 1598 3933 1602 ’

2300 1680 2760 1740 irrationabilium
2814 1683 3128 1739 aninmlium
3179 1698 3288 1740 non
3347 1691 3648 1755 pateretur,
3693 1684 3789 1740 sed
3830 1698 3900 1741 eo

556 1848 559 1851 _
596 1786 671 1831 εει
695 1778 978 1841 hominem,
1001 1794 1030 1830 a
1051 1776 1327 1846 principio.
1358 1773 1524 1842 Cujus
1550 1776 1710 1829 verba
1741 1774 2005 1831 Maximus
2027 1789 2192 1846 expo-
2221 1776 2267 1836 B
2296 1774 2476 1837 modo,
2506 1776 2613 1843 quo
2638 1773 2909 1845 angelicas
2933 1787 3190 1829 numerus
3212 1772 3330 1829 sine
3352 1773 3462 1835 ullo
3485 1789 3616 1829 sexu
3639 1773 3900 1847 multipli-

586 1868 703 1922 suit
722 1868 1137 1937 quadragesimo
1156 1866 1331 1936 primo
1351 1866 1586 1936 capitulo
1602 1866 1665 1920 de
1680 1866 2190 1938 Ambiguisdiccns:

595 1965 675 2016 An
701 1960 834 2031 forte
862 1960 1054 2023 nudus,
1085 1969 1143 2013 ut
1172 1960 1243 2041 ait
1273 1959 1541 2029 magister,
1582 1959 1729 2013 varia
1764 1959 1905 2013 circa
1941 1960 2193 2015 natura‘m

588 2048 1029 2117 contemplatione
1072 2051 1420 2122 scientiaque,
1476 2058 1525 2106 et
1584 2050 1685 2105 ritu
1740 2050 1852 2105 sine
1895 2060 2013 2105 arte
2055 2052 2196 2126 circa

592 2144 854 2199 actionem
879 2152 926 2198 et
968 2145 1206 2199 virtutem
1224 2185 1240 2208 ,
1265 2152 1412 2204 extra
1446 2142 1810 2199 multimodam
1835 2142 2194 2221 artiﬁciosita-

592 2249 699 2301 tem
723 2236 1007 2291 subsistens
1027 2276 1040 2299 ,
1056 2234 1342 2290 secundum
1356 2234 1592 2289 habitum
1606 2233 1801 2288 habens
1814 2225 2197 2319 incontamind:

596 2331 676 2382 tn's
713 2329 727 2358 ί
762 2328 1010 2382 virtutum
1042 2327 1289 2384 rationes.
1324 2323 1394 2379 Et
1423 2327 1535 2382 sine
1574 2326 1715 2381 omni
1740 2323 1991 2400 velamine
2039 2334 2197 2397 atque

597 2421 917 2488 problemata
956 2419 1121 2491 ipsius
1159 2420 1215 2473 in
1261 2418 1499 2474 sensibus
1534 2419 1817 2476 visibilium
1861 2418 2079 2474 notitiae
2119 2419 2194 2474 'ad

558 2512 561 2515 ’
597 2511 995 2581 intelligentiam
1027 2511 1325 2566 divinorum
1353 2510 1733 2581 introducticae
1753 2513 1776 2544 ⁸
1800 2528 1902 2568 non
1925 2511 2194 2584 indigens,

597 2607 650 2658 in
687 2605 855 2659 solum
884 2604 1130 2675 simplum
1167 2605 1445 2675 uniformis
1480 2613 1529 2660 et
1572 2605 1964 2669 continuatione
1988 2622 2196 2672 eorum,

599 2714 733 2767 (piae
757 2706 868 2766 post
891 2694 1059 2749 Deum
1080 2704 1223 2761 sunt,
1250 2696 1540 2751 contuitum
1568 2693 1591 2727 ³
1620 2694 1824 2750 virtutis
1849 2705 2008 2766 atque
2031 2694 2200 2750 scim-

602 2791 709 2844 tiae
727 2787 1002 2858 possidens
1034 2787 1056 2818 "
1086 2804 1351 2843 accessum
1368 2828 1384 2854 ,
1423 2787 1589 2842 solius
1613 2787 1669 2842 in
1696 2786 1997 2857 operatione
2021 2795 2197 2843 motus

600 2879 917 2950 indigentem
966 2878 989 2911 ⁸
1019 2877 1089 2933 ad
1116 2887 1409 2951 promptam
1446 2895 1542 2950 per
1593 2894 1648 2932 se
1695 2864 2201 2969 pronuntiatimterm

601 2970 789 3047 Itaque
817 2970 1118 3042 quicunque
1148 2969 1505 3039 pltilosOpltica
1534 2970 1737 3024 ratione
1764 2970 1961 3041 scipsos
1996 2968 2196 3040 erigere

595 3063 754 3133 primi
786 3061 952 3132 patris
976 3058 1128 3133 lapsu
1153 3061 1485 3126 desiderant,
1527 3061 1697 3133 primo
1737 3062 1967 3134 perfecta
1993 3064 2198 3131 passio-

2300 1873 2453 1920 catus
2488 1872 2593 1929 est,
2643 1863 3116 1943 multiplicantur.
3165 1861 3432 1931 Quoniam
3464 1862 3509 1895 ¹³
3538 1879 3669 1919 vero
3705 1875 3901 1938 sponte

2299 1954 2574 2013 dormivit.
2606 1957 2709 2015 hoc
2733 1964 2834 2016 est.
2883 1969 3016 2012 suae
3044 1965 3272 2013 naturae
3302 1956 3695 2028 dignitatenon
3725 1955 3895 2013 invita

2298 2046 2446 2116 lapsa
2467 2050 2566 2107 est,
2595 2048 2675 2104 sui
2699 2048 3014 2104 divisionem
3040 2057 3095 2104 et
3113 2049 3190 2104 ad
3208 2048 3615 2107 similitudinem
3640 2065 3895 2122 pecorum

2297 2144 2741 2209 prepagauonem
2772 2148 3104 2209 consequuta
3135 2148 3219 2195 est
3249 2139 3314 2193 “.
3345 2140 3892 2212 (.‘umque‘obdomtis-
3931 2165 3935 2174 τ

2296 2237 2396 2293 set,
2421 2227 2637 2297 inquit,
2658 2229 2780 2284 tulit
2810 2245 2969 2284 unam
3004 2231 3069 2284 de
3099 2230 3254 2291 costis
3284 2232 3433 2302 ejus,
3457 2241 3506 2286 et
3540 2232 3749 2304 replevit
3774 2250 3894 2293 car-

2299 2337 2413 2375 nem
2432 2337 2525 2393 pro
2546 2340 2630 2388 ea,
2650 2333 2698 2378 et
2721 2323 3014 2392 aediﬁcavit
3043 2324 3297 2379 Dominus
3318 2324 3461 2380 Deus
3483 2337 3708 2401 costam,
3732 2344 3894 2399 quam

2300 2402 2492 2467 tulerat
2533 2411 2597 2469 de
2641 2414 2835 2483 Adam,
2862 2415 2917 2469 in
2944 2417 3233 2471 mulierem.
3270 2415 3652 2489 Ubiquann'is
3689 2420 3790 2479 sub
3818 2419 3891 2487 li-

2297 2516 2431 2574 gura
2465 2503 2623 2560 unius
2651 2513 2855 2571 costae,
2886 2520 3049 2577 quam
3078 2504 3201 2560 tulit
3224 2506 3367 2562 Deus
3394 2506 3459 2563 de
3494 2507 3892 2579 lateteAdam,

2298 2590 2355 2675 et
2383 2601 2611 2650 naturae
2632 2595 2869 2651 scissura
2893 2595 2947 2650 in
2980 2595 3250 2665 duplicem
3278 2609 3491 2660 sexum,
3522 2608 3578 2654 et
3604 2598 3895 2659 universae

2299 2685 2518 2741 virtutis
2548 2686 2853 2749 interioris,
2882 2702 3025 2758 quae
3047 2688 3095 2742 ei
3125 2690 3330 2755 inerat,
3355 2689 3670 2765 priusquam
3702 2705 3895 2761 pecca-r

2299 2768 2405 2842 t‘et,
2431 2777 2707 2832 custodiae
2738 2776 2959 2842 ablatio,
2982 2792 3078 2844 per
3094 2792 3323 2845 carnem
3346 2793 3497 2845 vero,
3519 2794 3661 2849 quae
3697 2781 3748 2834 in
3773 2779 3895 2849 loco

2280 2859 2484 2939 costae
2513 2866 2723 2922 ablatae
2738 2865 2997 2922 coliocata
3022 2867 3069 2900 ¹⁵
3093 2876 3197 2934 cst,
3214 2867 3518 2923 miserrima
3546 2867 3635 2923 illa
3650 2884 3895 2927 commu-

2304 2956 2436 3012 tatio
2468 2956 2536 3023 ",
2563 2972 2669 3033 qua
2700 2972 2799 3029 pro
2822 2956 3064 3014 custodia
3089 2958 3307 3014 virtutis
3332 2966 3384 3015 et
3417 2960 3789 3027 beatitudinis,
3813 2961 3894 3021 vi.

2303 3047 2503 3101 tierunt
2561 3056 2739 3117 atque-
2763 3046 3015 3104 miseriae
3064 3046 3399 3105 mortiferam
3463 3048 3893 3122 imbecillitatem

597 3172 723 3211 mm,
747 3151 1073 3210 “much-um
1123 3153 1142 3184 ι
1172 3153 1435 3208 ablatio,“
1458 3154 1713 3226 incipiam
1739 3194 1754 3221 ’
1793 3153 1984 3209 deinde
2013 3155 2155 3211 circa
2176 3154 2201 3189 τ
2229 3143 2275 3206 C
2307 3138 2592 3203 mutuavit,
2622 3138 2918 3209 signiﬁcari
2963 3137 3211 3195 videatur
3240 3157 3255 3194 :
3284 3139 3407 3213 plus
3454 3134 3653 3198 tamen
3682 3140 3892 3201 Christi

597 3243 827 3308 rationes
875 3243 1073 3298 artium
1117 3243 1525 3299 sollicitudinem
1561 3246 1584 3278 ⁸
1631 3260 1694 3299 ac
1741 3244 1867 3315 ﬁnis
1904 3246 2201 3300 naturalem

598 3334 1029 3404 supervolitantes
1055 3338 1077 3369 ⁸
1104 3335 1386 3402 tlteoriam,
1408 3335 1462 3389 in
1485 3345 1750 3391 aeternam
1774 3336 2202 3391 immaterialem-

594 3443 696 3497 que
720 3425 979 3495 aspiciant
1018 3427 1448 3493 scicntiam,'non
1474 3426 1745 3481 habentem
1786 3426 1996 3483 omnino
2021 3427 2200 3482 sensui

596 3521 904 3588 impressam
917 3516 1169 3590 fortnam,
1185 3528 1274 3573 aut
1289 3517 1605 3587 intellectum
1622 3518 1753 3573 duce
1768 3519 1969 3573 ratione
1982 3499 2204 3573 colloca-
2249 3569 2252 3573 .

596 3620 731 3665 tum.
764 3607 917 3665 Sicut
939 3624 1006 3664 ea:
1045 3607 1305 3680 principio
1335 3609 1563 3680 primum
1592 3608 1853 3662 hominem
1885 3607 2006 3678 fecit
2035 3608 2199 3673 Deus,

598 3699 728 3754 nudi
775 3708 927 3755 erant
966 3698 1304 3771 simplicitate
1350 3698 1601 3753 scientiae
1647 3709 1695 3751 et
1745 3696 2200 3770 incircumscripta

601 3792 705 3845 vita
738 3792 781 3823 ⁸ο
809 3790 1212 3862 mortiﬁcatione
1239 3785 1473 3863 carnalis
1494 3789 1623 3860 legis
1646 3788 1794 3860 facti.

666 3886 759 3941 9.0.
800 3883 1065 3940 Similiter
1094 3884 1161 3939 de
1180 3880 1398 3955 sopore,
1435 3898 1597 3954 quem
1627 3881 1890 3938 Dominus
1924 3881 2066 3939 Deus
2094 3882 2200 3939 im-

564 4011 568 4015 ς
604 3979 750 4034 misit
799 3978 853 4033 in
901 3978 1119 4044 Adam,
1163 3975 1424 4049 iutellige.
1489 3974 1767 4051 Siquidem
1809 3991 1972 4048 sopor
2019 3977 2115 4034 ille
2147 3984 2204 4031 et

604 4083 766 4127 causa
793 4067 1000 4140 peccati
1026 4077 1081 4123 et
1111 4074 1232 4138 post
1255 4075 1538 4137 peccatum
1565 4065 1869 4129 iuunissus,
1902 4074 1979 4131 et,
2013 4075 2074 4120 ut
2107 4081 2201 4120 ve-

602 4162 715 4214 rius
754 4159 952 4223 dicam,
994 4156 1293 4228 permissus
1336 4154 1552 4210 videtur
1583 4168 1724 4213 esse.
1755 4153 1891 4223 Nam
1920 4154 2089 4209 Deum
2122 4154 2205 4210 l'a-

595 4267 741 4317 cere,
773 4252 918 4321 quod
946 4249 1076 4305 sinit
1103 4246 1248 4314 ﬁeri,
1275 4247 1437 4302 modo
1466 4245 1703 4317 quodam
1731 4243 2021 4301 locutionis
2046 4244 2198 4302 Scri-

602 4355 757 4414 ptura
780 4344 916 4400 solet
944 4342 1145 4396 dicere.
1169 4337 1348 4410 Sopor
1372 4337 1556 4408 itaque
1581 4336 1670 4393 ille
1695 4347 1813 4393 erat
1840 4337 2005 4392 animi
2028 4338 2203 4392 inten-

604 4435 784 4499 tionis,
818 4448 925 4505 quo
952 4446 1166 4502 semper
1199 4437 1255 4485 et
1296 4426 1662 4483 intlexiltiliter
1697 4415 2012 4482 creatorem
2041 4442 2198 4482 suum

2306 3237 2359 3282 et
2381 3226 2653 3299 Ecclesiae
2675 3229 2989 3300 mysterium
3022 3229 3336 3300 prophetico
3358 3230 3786 3304 praeliguratum
3808 3233 3893 3291 in-

2305 3317 2649 3388 telligendum
2692 3333 2815 3374 esse
2848 3319 3103 3377 arbitror.
3132 3318 3350 3378 Primus
3391 3323 3659 3393 siquidem
3704 3326 3890 3394 homo,

2303 3410 2496 3473 Adam,
2538 3412 2679 3467 sicut
2716 3410 2875 3467 docet
2904 3412 3218 3483 Apostolus,
3258 3414 3460 3485 ubique
3499 3414 3675 3472 fortua
3723 3418 3892 3477 l‘uturi

2303 3509 2406 3565 est,
2436 3500 2635 3556 Christi
2676 3501 2947 3557 videlicet.
2979 3502 3086 3557 Sed
3121 3519 3151 3558 c
3185 3505 3479 3562 contrario.
3518 3505 3577 3561 in
3612 3508 3789 3577 primo
3818 3509 3895 3565 si-

2301 3594 2521 3665 quidem
2555 3593 2731 3648 Adam
2760 3592 2930 3649 scissa
2960 3604 3043 3649 est
3077 3603 3272 3651 natura
3308 3596 3363 3651 in
3403 3597 3703 3658 masculum
3729 3610 3786 3658 et
3813 3598 3894 3656 fe-

2304 3684 2531 3751 minam,
2555 3683 2609 3738 in
2632 3684 2867 3739 secundo
2889 3685 3124 3741 adunata
3150 3696 3253 3741 est.
3277 3685 3335 3762 lu
3358 3668 3739 3745 Christo'enim
3764 3688 3894 3749 Iesu

2302 3791 2410 3831 non
2453 3783 2539 3831 cst
2574 3774 2849 3832 masculus
2880 3762 3056 3846 neque
3092 3774 3311 3833 femina.
3349 3778 3405 3833 In
3436 3779 3612 3854 primo
3643 3781 3892 3839 universa

2298 3878 2493 3931 natura
2531 3867 2597 3923 de
2625 3866 2884 3925 felicitate
2908 3870 3145 3940 paradisi
3166 3879 3248 3925 est
3275 3872 3520 3942 expulsa,
3567 3874 3621 3930 in
3652 3874 3895 3953 sccpndo

2301 3960 2356 4015 in
2381 3958 2959 4016 eandentl‘elicitatmu
3011 3968 3096 4015 est
3140 3971 3393 4017 revocata
3429 3971 3484 4019 et
3519 3964 3791 4021 restituta.
3835 3964 3895 4022 in

2300 4050 2476 4121 primo
2499 4065 2630 4106 caro
2648 4065 2747 4121 pro
2774 4060 2948 4116 costa.
2975 4051 3080 4107 hoc
3105 4059 3212 4118 est,
3252 4051 3542 4113 infirmitas
3566 4069 3667 4127 pro
3693 4056 3895 4112 virtute

2300 4152 2577 4212 assumpta
2596 4150 2704 4211 est,
2726 4144 2782 4198 in
2804 4144 3042 4200 secundo
3063 4144 3264 4200 inﬁrmi
3273 4154 3355 4203 tas
3376 4155 3432 4204 et
3456 4163 3606 4211 mors
3617 4129 3895 4219 absorpta,

2303 4233 2475 4289 virtus
2501 4248 2630 4289 vero
2661 4243 2715 4289 et
2741 4233 2855 4306 vita
2894 4244 3114 4289 acterna
3145 4236 3415 4293 humanae
3442 4226 3668 4297 naturae
3695 4241 3897 4297 donata

2298 4338 2384 4384 est
2410 4326 2481 4380 ’⁷.
2509 4324 2657 4382 Sicut
2687 4327 2825 4380 enim
2848 4327 2904 4383 in
2934 4326 3102 4381 Adam
3124 4343 3302 4383 omnes
3324 4329 3642 4397 ominatur,
3662 4318 3739 4387 ita
3766 4340 3816 4387 et
3842 4333 3898 4387 in

2300 4416 2508 4473 Christo
2551 4433 2729 4473 omnes
2760 4418 3089 4485 riviﬁcantur
3138 4417 3203 4473 “.
3249 4418 3453 4475 Dormit
3485 4420 3787 4499 itaque,vut
3821 4424 3899 4482 ait

602 4494 952 4596 wuteiuplari
983 4494 1263 4587 deliuerat,
1302 4520 1369 4575 ad
1396 4518 1785 4574 delectationes
1816 4532 1999 4573 rerum
2024 4524 2199 4572 Illale
2228 4494 2277 4560 θ
2304 4520 2526 4567 sanctus
2561 4508 2916 4581 Augustinus,
2954 4508 3127 4596 Adam
3158 4518 3206 4564 et
3227 4508 3295 4579 ﬁt
3321 4509 3461 4578 Eva,
3491 4494 3717 4567 moritur
3743 4512 3898 4568 Chri-

604 4619 819 4675 rialium
862 4614 1101 4681 reﬂexio,
1145 4621 1202 4670 et
1244 4611 1477 4668 carnalis
1515 4610 1742 4682 copulae
1799 4610 2091 4681 appetitus,
2140 4617 2202 4664 ut

606 4715 795 4766 licatus
820 4703 1139 4761 Ambrosius
1175 4699 1412 4774 ettponit.
1474 4699 1609 4767 Quis
1630 4712 1706 4755 est
1737 4700 1856 4764 istc,
1884 4699 2081 4770 inquit,
2115 4715 2203 4755 so-

607 4816 722 4871 per,
762 4797 862 4853 nisi
902 4794 1028 4867 quia
1065 4792 1334 4864 paulisper
1372 4790 1448 4846 ad
1492 4790 1795 4863 conjugium
1845 4790 2233 4862 copulandum,

613 4904 730 4943 cum
759 4886 1078 4942 intendimus
1106 4883 1361 4946 animum,
1389 4881 1527 4936 velut
1552 4882 1777 4936 intentos
1814 4882 1994 4936 oculos
2014 4882 2085 4937 ad
2107 4879 2204 4936 Dei

607 4996 821 5050 regnum
850 4974 1104 5031 inclinare
1124 4984 1278 5046 atque
1311 4973 1572 5043 inflectere
1597 4972 1832 5027 videmur
1850 4971 1919 5027 ad
1938 4973 2202 5043 quendam

606 5089 846 5127 somnum
866 5071 1016 5126 istius
1048 5069 1262 5133 mundi,
1291 5077 1339 5120 et
1365 5065 1631 5137 paulisper
1665 5064 1960 5119 obdormire
1978 5065 2201 5131 diuinis,

607 5164 733 5217 dum
759 5162 812 5215 in
839 5157 1162 5216 secutoribus
1187 5156 1569 5227 mundanisque
1603 5154 2010 5226 requiescimus?
2029 5154 2201 5222 Quem

610 5268 880 5323 soporem,
902 5251 1006 5306 hoc
1027 5257 1129 5316 est,
1158 5249 1227 5304 ab
1251 5247 1488 5303 aeternis
1515 5247 1553 5278 “
1578 5246 1647 5301 ad
1677 5244 2011 5315 temporalia,
2037 5262 2065 5299 a
2086 5245 2201 5301 Deo

2306 4615 2417 4659 stus
2443 4612 2489 4659 et
2506 4605 2570 4675 [it
2593 4599 2856 4658 Ecclesia.
2880 4590 3180 4659 Dormienti
3201 4603 3375 4659 Adam
3400 4604 3459 4659 lit
3483 4603 3595 4663 Era
3616 4605 3685 4662 de
3703 4605 3894 4671 latere,

2309 4703 2525 4751 murtuo
2595 4693 2817 4750 Christo
2878 4693 3180 4764 percutitur
3252 4692 3435 4761 latus,
3499 4702 3561 4750 ut
3622 4695 3897 4768 proﬂuant

2307 4794 2686 4852 sacramenta,
2753 4783 2951 4858 quibus
3008 4782 3276 4843 formatur
3336 4784 3604 4842 Ecclesia.
3637 4786 3927 4858 .Sanguis,

2305 4881 2455 4971 enim
2505 4887 2589 4937 est
2632 4879 2696 4935 in
2758 4878 3222 4935 consecrationem
3284 4879 3503 4946 caiicis,
3568 4895 3708 4951 aqua
3766 4898 3898 4939 vero

2306 4975 2361 5029 iu
2415 4970 2880 5029 censecrationem
2931 4970 3291 5038 baptismatis.
3343 4972 3401 5028 in
3453 4973 3630 5044 primo
3678 4974 3897 5031 homine
3970 4974 3975 4978 ’

2307 5057 2541 5120 humana
2578 5070 2771 5116 natura
2816 5058 3026 5115 tunicas
3056 5060 3300 5121 induitur
3333 5060 3610 5132 pelliceae,
3660 5063 3767 5120 hoc
3810 5074 3903 5121 est

2306 5153 2551 5210 mortalia
2608 5165 2863 5222 corpora,
2912 5150 3103 5208 relicta
3151 5152 3383 5214 naturali
3430 5154 3696 5223 nuditate,
3742 5154 3896 5219 vide-

2304 5246 2428 5301 licet
2464 5245 2776 5301 sinceritate
2826 5251 2880 5299 et
2922 5242 3268 5315 simplicitate
3298 5260 3313 5298 :
3347 5244 3400 5301 in
3427 5245 3665 5302 secundo
3703 5247 3896 5303 eadem

1907 5357 2163 5416 VAillAE
2199 5353 2605 5415 LECTIONES.

682 5468 697 5495 ¹
743 5476 785 5529 Α
822 5464 1284 5532 incontammatus.
1361 5471 1383 5502 ²
1424 5468 1515 5523 Sic
1554 5467 1671 5532 CF;
1719 5468 1760 5538 ᾼ
1800 5456 2186 5538 ρνηεάιιοῖξυαε.

618 5550 901 5617 ιηιίεθεηεε-
949 5542 1331 5617 ‘_scnsualiutn
1360 5556 1471 5617 o_m.
1513 5540 1578 5593 Λ.
1655 5539 1677 5572 ⁷
1717 5536 1809 5617 Siti
1857 5538 1941 5617 C_F'
1960 5554 1976 5596 :
2023 5539 2067 5592 Δ
2112 5539 2304 5617 tlcinde
2347 5541 2421 5591 sic
2450 5538 2627 5617 _circa_.

619 5620 663 5645 ‘"
700 5608 791 5673 εἷς
820 5615 934 5676 tib‘;
970 5615 1011 5665 A
1040 5626 1094 5666 et
1118 5613 1509 5682 incitarunt/laxa
1537 5621 1585 5665 et
1605 5608 2040 5682 mortiﬁcatioue.
2116 5610 2157 5646 ¹¹
2194 5611 2507 5682 Aexternis.

3342 5485 3388 5525 ts
3426 5484 3533 5524 om.
3590 5470 3654 5524 Α.
3747 5470 3770 5504 ³
3804 5466 3894 5527 αι’

3342 5539 3366 5612 ξ
3400 5540 3445 5612 ᾼ
3485 5540 3892 5612 supervolantes.

2604 5610 2648 5641 ’³
2690 5608 2779 5663 Sic
2809 5608 3001 5679 (Ἓςᾼ
3024 5624 3179 5679 quae.
3242 5608 3286 5642 "
3400 5608 3647 5677 Quando.
3746 5613 3794 5663 ἕ·
3818 5622 3897 5669 est

2290 5468 2310 5499 ³
2347 5467 2388 5520 C
2416 5466 2707 5539 contuitum
2736 5481 2877 5539 om.
2914 5465 2984 5539 A_.
3034 5466 3081 5539 κδ
3114 5468 3388 5539 possidens
3426 5484 3533 5524 om.
3590 5470 3654 5524 Α.

2730 5536 2754 5569 ⁸
2781 5538 2827 5591 Α
2873 5535 3246 5597 sollicitudine.

613 5696 721 5732 om.
755 5682 857 5738 CF.
943 5687 985 5719 ’³³
1009 5686 1099 5741 Sic
1128 5678 1233 5739 —\L:
1262 5684 1300 5738 F
1330 5677 1542 5737 collata.
1619 5681 1665 5712 “
1689 5681 1779 5736 Sic
1808 5680 1891 5735 (EF
1917 5696 1929 5746 ;
1963 5681 2005 5734 Α
2032 5681 2367 5772 commutatio
2390 5681 2505 5733 illa.
2586 5680 2625 5710 ³⁷
2647 5689 2720 5734 est
2751 5695 2859 5733 om.
2887 5678 2996 5740 CF.
3035 5677 3042 5679 ⁷
3074 5677 3119 5709 ⁸⁸
3140 5679 3234 5738 Sic
3257 5678 3378 5749 CF;
3404 5684 3443 5737 Α
3468 5682 3895 5752 viviﬁcabuntur.
