4260 6082
413 102 599 210 ω’

1283 116 1371 205 ne
1409 143 2146 204 nunsroueusrenas.
2185 173 2257 188 -.
2297 139 2495 199 Linea
2534 125 2890 211 QUARTUS.

417 248 540 318 rum
568 261 1080 319 arbitriumsanare
1120 275 1202 319 se.
1236 260 1343 317 Sed
1376 262 1444 316 ad
1485 276 1743 333 ea,.quae
1783 264 2099 335 restant‘,‘A
2123 259 2305 329 imago
2343 256 2488 313 enim
2536 256 2608 310 De
2629 263 2653 320 ',
2700 256 2765 311 ad
2802 272 2967 326 quam
3006 260 3166 312 homo
3210 254 3385 311 factus
3426 263 3530 319 est,
3581 254 3725 308 omni

415 352 855 413 ratiocinationis
888 353 996 411 iter
1033 360 1121 408 est
1161 353 1516 423 carpendum.
1714 409 1747 435 ο

482 445 595 517 23..
617 443 763 501 hinc.
796 443 938 514 Quid
966 445 1172 502 restat?
1209 443 1329 502 Non
1354 446 1420 503 de
1450 447 1704 518 paradiso
1750 445 1884 501 satis
1922 454 2017 501 est

414 534 673 600 dictum!
720 534 857 591 Nam
903 536 1031 591 dum
1071 536 1281 593 crimen
1318 537 1372 592 in
1411 537 1693 595 mulierem
1721 578 1738 603 ,
1780 545 1840 592 ut
1874 544 2017 591 atte-

414 634 610 680 nuaret
634 625 877 681 mulieris
898 640 1120 681 causam
1153 638 1211 682 et
1233 641 1411 694 suam,
1448 625 1699 701 removit,
1732 624 1801 679 de
1839 638 2019 681 remo—

414 726 564 771 tione
593 714 857 782 criminis,
907 729 1016 786 qua
1061 712 1379 787 obiurgatus
1410 715 1594 772 divina
1624 728 1759 770 voce
1784 714 1957 770 Adam
1992 713 2010 746 ί

414 808 627 878 culpam
650 805 704 862 in
730 821 875 873 eum,
907 799 1000 877 qui
1023 806 1124 885 sibi
1148 806 1432 862 mulierem
1452 805 1619 871 dedit,
1649 806 1823 875 deque
1849 805 2021 874 ipsius

416 895 659 951 mulieris
695 895 1021 962 remotione,
1052 910 1160 968 qua
1191 911 1410 952 causam
1446 895 1926 966 praevaricationis
1963 894 2018 948 in

415 996 724 1055 serpentem
759 984 957 1052 refert,
999 986 1252 1065 quoniam
1284 988 1355 1043 ab
1385 986 1786 1059 expositori‘bus
1828 1000 2022 1043 sacrae

417 1077 733 1150 Scripturae
746 1076 882 1143 satis
893 1087 976 1151 est
993 1078 1333 1145 discussum,
1350 1094 1459 1135 nun
1486 1078 1852 1134 necessarium
1875 1076 2023 1131 arbi-

417 1179 531 1225 tror
546 1172 746 1226 dicere.
775 1171 921 1227 Disc.
938 1168 1312 1230 Necessarium
1327 1172 1567 1244 quidem,
1592 1171 1851 1241 valdeque
1870 1169 2023 1227 utile.

417 1259 615 1316 Potest"
626 1261 771 1317 enim
791 1260 929 1328 ﬁeri,
953 1270 1015 1317 ut
1037 1261 1283 1318 fortassis
1309 1262 1437 1333 quis
1452 1261 1743 1328 existimet,
1775 1259 2025 1317 remotio-

415 1368 514 1408 nes
537 1352 700 1424 ipsas,
726 1352 923 1425 quibus
941 1363 996 1407 et
1017 1351 1101 1408 vir
1119 1352 1174 1408 in
1202 1352 1487 1409 mulierem
1509 1352 1614 1409 sibi.
1632 1368 1664 1407 a
1689 1354 1797 1409 Deo
1821 1352 2024 1419 datam,

378 1450 383 1453 '
415 1460 480 1500 ac.
496 1459 596 1516 per
606 1444 710 1500 hoc
727 1443 783 1500 in
799 1442 1314 1508 mulierisdatorem',
1336 1443 1529 1500 mulier
1543 1451 1722 1501 autem
1738 1444 1792 1500 in
1808 1458 2031 1514 serpen-

418 1547 527 1591 tem
541 1535 880 1593 occasionem
895 1536 1105 1606 peccati
1120 1550 1293 1592 remov
1306 1536 1370 1602 it,
1393 1546 1536 1593 ratas
1549 1536 1834 1609 iustasque
1846 1535 2032 1608 apolo-

2117 364 2249 406 scxu
2292 347 2459 403 libera
2511 356 2592 401 cst
2644 355 2701 403 ct
2749 347 3269 409 absoluta.'Aliam,
3328 347 3483 408 dicis,
3543 346 3728 417 ignore

2116 455 2503 514 praeteream,
2536 456 2708 511 quam
2755 441 3168 507 introduxipet
3218 456 3248 494 a
3303 452 3356 496 te
3401 441 3729 493 inﬁrmatam
3815 488 3831 511 τ

2120 535 2296 591 video.
2338 533 2527 600 Miror,
2557 550 2657 589 cur
2687 545 2739 592 te
2765 535 3178 605 dicisiguorarc
3203 550 3267 590 ea
3289 577 3303 599 ,
3334 548 3472 603 quae
3503 531 3744 601 propter

2121 635 2271 680 tuam
2298 625 2719 681 iuobedientiam
2752 637 2918 696 atque
2936 626 3244 696 superbiam
3272 624 3411 678 facta
3436 632 3581 678 sunt.
3619 621 3732 698 Ego

2118 706 2325 783 autem,
2355 716 2446 787 qui
2476 717 2529 772 in
2568 723 2622 771 te
2648 719 2891 789 peccavi,
2912 727 2979 774 et
3002 717 3283 787 peccando
3314 724 3560 770 mortuus
3586 728 3725 775 sum,

2121 822 2229 861 non
2252 806 2464 878 ignoro,
2506 805 2720 873 Clamat
2746 808 2900 865 enim
2930 808 2987 862 in
3017 823 3104 862 me
3141 809 3459 863 inconcussa
3488 814 3543 860 et
3568 819 3728 876 aper-

2127 900 2332 956 tissima
2359 902 2519 965 ratio,
2541 901 2873 972 quodetiam
2898 902 3163 976 approbat
3189 899 3478 964 multorum
3503 898 3727 955 Patrum

2124 995 2445 1067 auctoritas,
2466 992 2684 1062 quodsi
2715 992 2952 1048 humana
2985 990 3178 1048 natura
3211 992 3264 1046 in
3298 992 3411 1063 ipsa
3442 989 3728 1062 simplicis.

2126 1084 2263 1139 sima
2304 1085 2782 1157 sincerissimaque
2828 1087 3042 1143 divinae
3088 1087 3338 1158 imaginis
3396 1085 3730 1142 beatitudine

2127 1184 2490 1243 permaneret,
2519 1163 2649 1230 nulli
2678 1176 2832 1232 sexui
2863 1175 3271 1250 succumberet,
3296 1176 3497 1232 rutilam
3539 1186 3730 1233 contu-

2129 1264 2406 1320 meliosam
2440 1266 2893 1338 propagationem
2908 1268 3051 1322 sicut
3094 1267 3405 1339 insipientia
3433 1266 3455 1299 ⁸
3485 1266 3730 1323 animan-

2130 1358 2204 1413 tia
2232 1358 2456 1414 subiret.
2498 1347 2937 1427 Quoniam-vero
2976 1362 3029 1416 in
3060 1360 3325 1433 dignitate
3360 1360 3473 1427 illa,
3520 1360 3573 1416 ir.
3620 1375 3728 1431 qua

2131 1449 2348 1529 condita
2391 1450 2411 1484 ’
2455 1460 2576 1518 est,
2641 1466 2994 1522 perseverare
3035 1453 3247 1519 noluit,
3290 1454 3384 1509 sed
3427 1452 3734 1525 ignobiliter

2134 1542 2281 1599 inter
2304 1553 2485 1601 cetera
2522 1544 2788 1605 animalia.
2817 1546 3163 1618 multiplicari
3207 1546 3390 1615 elegit,
3438 1545 3578 1601 idem
3617 1544 3735 1616 ipse

415 1634 532 1705 gius
566 1631 754 1698 fuisse,
783 1631 1373 1709 ultionequeindignas,
1394 1632 1635 1693 nisivera
1654 1632 1866 1689 ratione
1890 1645 2020 1707 cono
2055 1620 2102 1681 Β
2128 1638 2400 1704 conditor,
2441 1638 2705 1710 quicquid
2732 1637 2977 1696 facturus
3008 1647 3063 1696 et
3094 1637 3311 1695 futurus
3339 1638 3361 1671 ⁸
3381 1648 3525 1696 esset
3568 1638 3738 1695 homo

419 1746 440 1782 ι
455 1735 810 1795 ii.cantur,ac
825 1740 951 1784 mox
971 1728 1206 1801 iniustae
1227 1737 1282 1784 et
1306 1726 1755 1798 reprehensibiles
1779 1724 2028 1782 refellan-

328 1892 333 1897 ἱ
415 1828 527 1887 tur,
549 1819 851 1890 meritoque
871 1821 937 1875 ad
960 1803 1235 1881 cumulum
1254 1820 1594 1890 iustissimae
1624 1832 1830 1891 poenae
1845 1819 2026 1875 delicti

415 1927 461 1983 pr
486 1909 1022 1986 rtinerejudicentur.
1040 1911 1178 1970 MAG.
1203 1911 1485 1969 Ponamns‘
1498 1913 1679 1983 itaque
1694 1912 1863 1986 ipsius
1875 1912 2027 1969 Scri-

415 1972 607 2074 pturae
620 1972 801 2060 verba.
825 1972 994 2069 dixit,
1012 2004 1209 2077 inquit,
1228 2006 1417 2069 Adam,
1435 1972 1645 2072 mulier,
1659 1972 1817 2077 quam
1838 2005 2027 2060 dedisti

414 2111 454 2149 δ·
478 2096 610 2150 cium
627 2096 775 2164 mihi,
795 2097 938 2154 dedit
955 2098 1089 2154 milii?
1099 2099 1162 2154 de
1181 2097 1410 2170 ligno,’et
1428 2093 1649 2154 contecti.
1666 2097 1787 2164 Dic,
1800 2111 2025 2168 quaeso,

416 2185 611 2252 Adam,
629 2187 752 2256 quis
772 2186 866 2242 tibi
892 2186 1171 2244 mulierem
1185 2189 1375 2245 dedit?
1403 2188 1682 2254 Dominus,
1710 2188 1909 2259 inquis,
1933 2187 2027 2259 qui

418 2292 543 2332 eam
577 2276 850 2333 formavit.
892 2278 1107 2348 Quaero
1138 2295 1168 2334 a
1200 2288 1270 2346 te,
1305 2296 1402 2336 cur
1425 2279 1568 2335 Deu‘s
1599 2294 1720 2335 eam
1749 2278 2025 2345 formavit,

418 2368 623 2438 tibique
636 2368 779 2423 dedit
797 2370 820 2424 ‘.’
834 2368 944 2428 Cur
958 2379 1012 2427 te
1028 2370 1347 2437 dormiente,
1364 2371 1468 2428 hoc
1482 2380 1589 2439 est,
1603 2371 1797 2427 mentis
1816 2373 2026 2428 contui-

418 2470 534 2513 tum
557 2476 587 2514 a
618 2462 1073 2533 contemplatione
1121 2465 1372 2521 veritatis
1416 2465 1471 2520 in
1507 2474 1747 2520 amarem
1784 2464 2022 2521 carnalis

328 2575 340 2582 ν
417 2553 650 2626 cozqugii
686 2548 1011 2612 conuiveute
1062 2557 1105 2624 ³,
1147 2547 1355 2625 ερειειή
1399 2558 1465 2613 de
1497 2556 1669 2613 latere
1701 2566 1792 2612 tuo
1834 2556 2020 2623 traxit,

418 2645 485 2699 de
509 2660 616 2715 qua
643 2645 924 2711 mulierem
955 2647 1118 2716 fecit,
1140 2635 1304 2722 quam
1335 2649 1437 2706 tibi
1454 2647 1703 2720 peceanti
1733 2662 1900 2720 seque
1929 2647 2023 2703 de-

418 2738 621 2792 serenti
659 2738 848 2794 dedit?
887 2739 997 2795 Cur
1022 2755 1129 2797 non
1169 2740 1360 2797 eodem
1394 2740 1572 2806 modo,
1619 2754 1727 2811 quo
1774 2749 1827 2795 te
1868 2738 2018 2816 fecit,

420 2828 728 2895 mulierem,
771 2845 936 2901 quam
975 2831 1536 2897 tibidarct,l‘eoerits’!
1574 2830 1654 2886 Tn
1680 2830 1795 2901 ipse
1814 2830 1882 2887 de
1912 2838 2023 2885 tert-

418 2935 549 2976 reua
577 2921 741 2977 bnmo
786 2920 808 2953 ³
833 2923 1049 2991 merito,
1079 2925 1178 2997 'qui
1207 2923 1459 2980 caelestia
1504 2924 1767 3004 deserens.
1804 2932 2020 2980 terrena

2131 1743 2392 1802 perverso
2422 1722 2571 1786 motu
2600 1730 2808 1786 liberae
2832 1730 3125 1787 voluntatis
3147 1730 3411 1800 perditus,
3444 1726 3732 1801 praevidit,

2130 1822 2217 1879 et"
2246 1821 2515 1892 duplicem
2544 1837 2758 1890 sexum,
2790 1838 2888 1895 per
2916 1839 3075 1895 quem
3104 1822 3729 1895 propagaretur'bestia-

2088 1926 2107 1935 ‘
2130 1928 2250 1968 rum
2274 1913 2466 1980 instar,
2500 1915 2890 1985 superaddidit.
2928 1915 3069 1986 Quid
3093 1931 3221 1988 ergo
3250 1930 3499 1972 removes
3526 1915 3579 1970 in
3607 1930 3729 1970 mu-

2129 2004 2319 2062 lierem
2378 2005 2862 2077 praevaricationis
2911 2015 3035 2063 tuae
3074 2006 3437 2074 occasionem,
3498 2021 3622 2061 cum
3673 2004 3727 2060 in

2128 2098 2305 2169 teipso
2352 2098 2716 2172 superbiente,
2776 2098 3056 2172 Deumque
3103 2106 3252 2153 tuum
3299 2108 3613 2169 spernente,
3667 2112 3733 2152 ac

2113 2203 2228 2260 'per
2251 2191 2353 2245 hoc
2374 2170 2680 2256 deseren'te,
2713 2170 2991 2247 faciendae
3014 2188 3256 2245 mulieris
3284 2203 3448 2245 causa
3478 2202 3731 2261 praeces-

2127 2282 2292 2339 serit?
2314 2282 2468 2351 Quod
2490 2283 2651 2338 etiam
2675 2283 2853 2339 divina
2877 2283 3047 2339 ironia
3072 2283 3449 2355 apertissime"
3464 2282 3728 2347 declarat,

2106 2366 2268 2449 ‘quae
2316 2376 2486 2432 dicit:
2520 2373 2644 2445 Non
2687 2385 2763 2430 est
2792 2374 2982 2430 bonum
3014 2375 3274 2429 hominem
3320 2389 3431 2429 esse
3477 2372 3649 2428 solum
3681 2372 3735 2429 νο

2128 2466 2391 2537 faciamus
2423 2467 2470 2521 ei
2495 2465 2821 2536 adjutorium
2850 2464 3040 2520 simile.
3084 2464 3163 2519 Ac
3196 2464 3242 2520 si
3271 2471 3458 2543 aperte
3485 2464 3724 2518 diceret:

2126 2573 2236 2613 non
2262 2558 2479 2614 videtur
2502 2555 2728 2622 homini,
2760 2570 2922 2628 quem
2965 2556 3035 2610 ad
3072 2554 3366 2627 imaginem
3394 2564 3451 2610 et
3477 2552 3731 2610 similitu-

2128 2647 2310 2706 dinem
2342 2656 2584 2704 nostram
2614 2647 2865 2713 fecimus,
2897 2646 3101 2702 bonum
3131 2660 3253 2702 esse
3280 2644 3476 2712 solum,
3509 2644 3614 2701 hoc
3642 2652 3729 2699 est

2126 2741 2425 2812 simplicem
2471 2749 2635 2813 atque
2666 2739 2965 2817 perfectum
2984 2779 3001 2807 ,
3032 2740 3517 2811 universaliterque
3538 2739 3655 2796 sine
3682 2739 3730 2780 μ’

2126 2832 2392 2891 divisione
2421 2843 2647 2890 naturae
2676 2834 2732 2890 in
2772 2849 2938 2890 sexus
2985 2834 3052 2890 ad
3102 2830 3514 2890 similitudinem
3558 2820 3723 2905 ange;

2124 2924 2264 2981 licae
2285 2932 2513 2981 naturae
2534 2924 2837 2981 absolutum
2858 2939 3202 2998 permanere,
3227 2926 3321 2982 sed
3352 2939 3579 2997 pronum
3601 2939 3729 2995 pru-

419 3014 653 3085 elegisti,
678 3013 856 3070 factus
883 3031 961 3071 es.
1002 2996 1195 3073 Mulier
1226 3027 1316 3072 tua
1351 3031 1419 3072 ex
1451 3017 1621 3071 latere
1646 2996 1767 3071 'tuo
1803 3025 2016 3086 sumpta
2047 2996 2093 3062 ο
2124 3016 2434 3089 clivumque
2473 3016 2515 3048 “
2554 3017 2621 3072 ad
2661 2996 2910 3073 terrenos
2943 3017 3121 3081 coitus
3146 2996 3495 3087 paritericum
3534 3017 3726 3073 bestiis

418 3115 503 3161 est
561 3118 961 3179 congruenter,
1017 3110 1272 3179 quoniam
1326 3126 1488 3166 causa
1539 3111 2020 3179 praevaricationis

422 3210 545 3257 tuae
592 3218 659 3258 ex
705 3202 874 3273 teipso
914 3211 1033 3260 orta
1072 3212 1172 3260 est.
1234 3202 1633 3274 Respondebis,
1673 3204 1856 3272 credo,
1885 3206 2023 3263 haec

418 3294 621 3353 omnia"
650 3292 795 3351 Deus
847 3294 998 3361 fecit,
1043 3293 1169 3366 quia
1220 3293 1435 3361 voluit:
1471 3303 1529 3349 et
1578 3294 1704 3348 ideo
1745 3294 1825 3350 sic
1865 3293 2017 3362 fecit,

418 3384 545 3452 quia
571 3383 651 3438 sic
672 3383 974 3439 faciendum
1005 3383 1293 3455 praevidit,
1322 3384 1414 3455 qui
1453 3385 1657 3451 omnia,
1682 3401 2023 3459 quaecunque

417 3472 603 3538 uoluit,
626 3474 777 3546 fecit.
819 3476 926 3533 Sed
946 3469 1123 3534 adhuc
1152 3494 1184 3532 a
1217 3484 1268 3532 te
1296 3490 1525 3549 quaero,
1552 3493 1724 3548 quare
1746 3479 1826 3536 sic
1851 3478 2021 3535 voluit

300 3541 313 3553 ’
344 3562 347 3564 ’
419 3564 702 3630 mulierem
736 3567 831 3623 tibi
857 3567 1080 3625 facere?
1117 3568 1274 3637 Quis,
1306 3557 1539 3640 inquies,
1569 3569 1785 3626 divinae
1821 3570 2019 3627 volun-

421 3657 550 3714 rans
571 3672 766 3715 causas
800 3667 985 3731 potest
1013 3652 1384 3731 investigare?
1424 3661 1557 3728 Quis
1601 3663 1740 3716 enim
1783 3663 2021 3734 cognovit

418 3758 633 3807 sensum
654 3750 921 3808 Domini?
953 3753 1175 3825 Ignoras
1224 3755 1411 3825 igitur,
1459 3769 1566 3826 qua
1616 3756 1830 3811 ratione
1865 3754 2019 3812 Deus

417 3838 549 3913 fecit
586 3839 889 3907 mulierem,
923 3856 1084 3913 quam
1114 3841 1209 3898 tibi
1235 3843 1424 3899 dedit?
1461 3844 1675 3917 ignoro,
1723 3844 1924 3915 inquis,
1972 3847 2020 3902 si

314 3946 327 3949 ‘
418 3945 527 3987 non
565 3933 631 3987 in.
660 3932 1431 4008 adiutoriumpropagationis
1465 3947 1520 3992 et
1560 3937 2021 4009 multiplicationis

417 4028 691 4083 humanae
728 4037 955 4085 naturae
982 4070 999 4096 ,
1034 4044 1176 4100 quae
1211 4030 1266 4086 in
1304 4045 1392 4092 me
1427 4030 1682 4100 primitus
1731 4032 1884 4087 facta-
1911 4042 2018 4100 est,

416 4124 580 4172 et‘e‘x
616 4132 704 4173 me
740 4120 1035 4195 auspicium
1071 4120 1466 4191 procreationis
1511 4121 1736 4191 accepit.
1774 4120 1875 4175 llic
1923 4120 2022 4176 tibi

417 4221 669 4277 decurro,
709 4226 947 4282 veraque
975 4213 1186 4269 ratione
1215 4213 1377 4270 talem
1407 4215 1762 4277 intentionem
1796 4215 2018 4286 repello.

418 4296 535 4355 Non
559 4293 720 4356 enim
745 4302 979 4359 humana
1008 4313 1209 4361 natura
1233 4305 1625 4379 ignominiosae
1650 4305 2018 4376 generationis

417 4405 484 4447 os
523 4393 762 4451 masculo
797 4405 853 4451 et
879 4397 1080 4453 femina
1108 4399 1162 4453 in
1190 4398 1541 4456 similitudine
1562 4394 2018 4456 irration'abilium

417 4486 731 4545 animalium
755 4487 1047 4561 indigeret,
1082 4491 1127 4548 si
1164 4491 1548 4562 superbiendo,
1603 4506 1859 4563 suaeque,
1882 4492 2017 4547 sim-

416 4574 695 4645 pl‘citatis,
736 4578 792 4633 in
821 4593 927 4649 qua
963 4580 1032 4635 ad
1058 4571 1349 4654 imaginem
1379 4581 1475 4637 Dei
1506 4576 1735 4639 condita
1762 4591 1871 4650 est,
1900 4582 2018 4654 pulv

397 4655 781 4725 'eln-itudincm
810 4674 1138 4743 spernendo,
1178 4673 1393 4729 modum
1447 4658 1723 4747 angelicae
1757 4675 2018 4747 multipli—

418 4754 665 4826 rationis,
699 4762 789 4832 qui
819 4763 1062 4829 omnino,
1079 4773 1152 4833 _ut
1181 4778 1344 4834 saepe
1363 4766 1476 4836 jam
1526 4766 1730 4821 dictum
1775 4754 1880 4832 est,
1924 4781 2013 4822 se-

418 4865 585 4905 xuum
631 4854 840 4924 copulat-
867 4864 1042 4923 caret,
1083 4873 1191 4912 non
1231 4857 1528 4914 desereret.
1553 4858 1794 4933 Quaere
1830 4861 2015 4935 itaque
2047 4902 2052 4909 -

417 4942 580 5020 aliain
607 4947 891 5011 rationem,
924 4962 1028 5017 qua
1056 4949 1231 5018 possis
1257 4963 1526 5016 asserere,
1563 4965 1663 5005 cur
1690 4952 1789 5008 tibi
1818 4954 2019 5012 mulier

421 5030 543 5086 data
588 5042 711 5089 est:
741 5034 844 5093 ista
886 5036 1173 5108 siquidem,
1218 5053 1379 5109 quam
1428 5041 1679 5110 posuisti,
1733 5036 1865 5100 falsa
1909 5055 2014 5101 est.

2124 3124 2300 3176 ruere,
2326 3124 2390 3165 ac
2416 3108 2497 3165 sic
2526 3108 2570 3140 “
2598 3108 2861 3163 unitatem
2884 3116 3111 3177 naturae
3131 3118 3231 3179 per
3252 3106 3527 3164 carnalem
3562 3122 3727 3180 gene-

2098 3204 2389 3258 -rationem
2419 3216 2688 3271 sexusque
2719 3217 3013 3274 corporeos
3038 3200 3377 3259 seminaliter
3397 3200 3723 3271 multiplica-

2123 3308 2202 3361 re,
2237 3293 2548 3349 caelestium
2590 3307 2941 3365 numerorum
2974 3289 3436 3363 multiplicationis
3461 3291 3725 3365 dignitate

2121 3393 2448 3456 contempta.
2466 3380 2751 3441 Faciamus
2765 3399 2894 3459 ergo
2907 3384 2954 3439 ei
2971 3384 3295 3457 adiutorium
3311 3383 3506 3463 simile,
3522 3396 3632 3454 quo
3648 3382 3725 3446 id,

2120 3478 2266 3548 quod
2281 3470 2507 3547 appetit,
2522 3491 2782 3551 peragere
2803 3477 2996 3548 possit,
3021 3474 3279 3533 feminam
3298 3474 3564 3539 videlicet,
3582 3488 3724 3544 quae

2121 3569 2397 3635 similiter,
2426 3578 2489 3623 ut
2514 3568 2807 3633 masculus,
2847 3566 3056 3639 fragilis
3090 3583 3154 3624 ac
3185 3551 3424 3635 lubrica,
3476 3574 3724 3622 terrenas

2123 3666 2342 3734 appetat
2379 3646 2868 3729 concupiscendos.
2901 3657 2972 3716 Et
3009 3656 3113 3739 hoc
3140 3666 3247 3724 est,
3277 3655 3421 3728 quod
3451 3671 3553 3725 per
3575 3657 3721 3711 anti-

2124 3753 2454 3825 cipationem
2498 3750 2782 3822 Scriptura
2812 3745 3042 3824 profert’
3066 3749 3255 3806 dicens
3285 3767 3297 3802 :
3328 3746 3627 3830 .lfasculunt
3667 3755 3717 3801 et

2122 3842 2373 3916 feminam
2399 3841 2522 3912 fecit
2546 3858 2657 3909 eos,
2690 3844 2817 3898 vulsa
2846 3841 3097 3897 videlicet
3124 3839 3492 3914 procreandae
3515 3853 3712 3894 carna-

2107 3925 2250 3993 liter
2272 3937 2318 3970 ¹³
2347 3936 2535 4009 prolis,
2563 3944 2748 4008 spreta
2774 3929 3036 4007 dignitate
3081 3929 3572 4003 divinaeimaginis
3598 3930 3707 3998 spio

2122 4027 2440 4098 ritualisque
2490 4025 2917 4083 numerositatis.
2969 4024 3080 4080 Cur
3138 4023 3323 4093 itaque
3376 4019 3718 4093 praeVariea-

2102 4123 2287 4182 tionis
2316 4132 2442 4177 tuae
2481 4135 2725 4189 causam,
2756 4134 2897 4190 quae
2940 4118 2994 4174 in
3039 4116 3268 4190 teipsum
3300 4115 3625 4179 refunditur,
3660 4113 3713 4166 iu

2124 4212 2429 4278 mulierem,
2458 4227 2621 4283 quam
2652 4210 2751 4265 tibi
2779 4209 3007 4266 Creator
3034 4219 3156 4271 tuus
3180 4209 3344 4274 dedit,
3375 4206 3457 4260 vel
3486 4214 3633 4261 certe
3654 4204 3710 4259 iu

2125 4302 2301 4375 ipsum
2350 4302 2666 4359 Creatorem
2716 4315 2998 4373 removere
3038 4297 3290 4356 conaris?
3343 4296 3490 4352 Talis
3534 4295 3718 4366 itaque

2088 4388 2356 4488 'lremotio
2394 4396 2641 4452 criminis
2673 4394 2767 4449 nib
2789 4392 3121 4488 defensionis
3151 4390 3403 4455 contulit,
3434 4388 3709 4445 cumulum

2123 4505 2254 4547 vero
2295 4489 2662 4546 damnationis
2707 4486 3072 4559 exaggeravit.
3100 4474 3244 4542 ’Sed
3295 4481 3550 4539 fortassis
3593 4482 3717 4554 quis

2119 4583 2283 4649 dicat,
2309 4584 2456 4655 quod
2470 4581 2639 4659 nos“
2662 4580 2966 4653 conjttgium
2990 4580 3263 4651 prolisque
3280 4577 3717 4651 procreationem

2074 4716 2097 4745 η
2119 4675 2586 4746 reprehendimus,
2612 4674 2738 4728 dum
2762 4672 3082 4727 divisionem
3120 4679 3346 4725 naturae
3372 4670 3638 4724 humanae
3662 4667 3717 4721 in

2120 4768 2421 4823 masculum
2448 4773 2503 4821 et
2527 4766 2807 4830 feminam,
2838 4778 3068 4837 quorum
3095 4762 3282 4832 capula
3312 4770 3364 4815 et
3403 4758 3712 4830 coniugium

2118 4873 2175 4919 et
2200 4862 2434 4919 ﬁliorum
2460 4858 2779 4931 propagatio
2812 4866 3151 4928 naturaeque
3193 4854 3562 4926 augmentatio
3590 4867 3711 4922 pet»

2121 4953 2323 5020 ﬁcitur,
2349 4953 2543 5008 merito
2566 4942 2772 5022 peccati
2798 4948 2963 5005 fuisse
2992 4946 3344 5003 allirnnunus.
3367 4944 3463 5001 Cui
3485 4954 3718 5015 res-pons

2120 5046 2414 5101 dabimus:
2439 5043 2711 5117 Coniugia
2734 5058 2840 5099 non
2877 5041 3349 5113 reprehendimus,
3393 5038 3440 5096 si
3470 5038 3730 5109 legitiam'

3246 5164 3285 5171 ‘

1728 5179 1813 5237 VA
1824 5182 1983 5237 RIAE
2019 5182 2416 5240 LECTlONES.

492 5300 635 5367 “Sic
673 5307 787 5365 CF:
845 5310 886 5366 Α
943 5327 1063 5367 nam
1114 5319 1177 5367 de
1230 5316 1511 5369 rente/iane
1554 5315 1791 5367 criminis
1832 5332 1938 5385 qua
2001 5314 2313 5384 objurgatur
2357 5316 2535 5369 divina
2562 5331 2707 5385 Laure
2740 5314 2909 5367 Adam
2966 5318 3172 5382 culpam
3230 5314 3533 5385 remot/inin
3586 5325 3703 5385 ruu-

423 5374 621 5455 (ἐθίζω,
664 5393 733 5447 et,
762 5392 819 5436 ut
853 5391 1177 5455 attenuaret
1216 5386 1452 5455 "mlieris
1500 5401 1714 5438 causam
1782 5374 1999 5441 removii
2022 5374 2231 5455 culpam
2272 5393 2375 5441 Cet.

1089 5454 1107 5483 ι
1157 5454 1243 5510 Sic
1299 5453 1417 5518 (1F;
1461 5456 1761 5523 insipientia
1810 5467 1918 5511 om.
1975 5456 2043 5511 Α.

426 5446 469 5503 Δ
521 5453 585 5506 de
613 5446 813 5508 terreno
845 5452 990 5509 hmo.

425 5513 575 5591 ἶὲίε
605 5521 722 5590 CF;
755 5522 799 5576 Α
825 5526 1108 5591 apussime,
1185 5523 1205 5553 ⁹
1246 5524 1328 5578 CF
1367 5513 1532 5577 solum
1564 5513 1820 5579 hominem
1862 5542 1993 5584 esse.

426 5581 537 5657 CF;
579 5595 620 5648 Α
666 5581 726 5652 ac
767 5600 814 5646 si
857 5581 867 5591 ’
914 5593 954 5627 ’³
996 5592 1310 5682 Λέαγηαιιδ
1426 5591 1465 5627 ¹⁴
1495 5612 1587 5650 nos
1626 5591 1733 5652 om.
1776 5598 1842 5651 Α.

2072 5527 2114 5560 ⁸⁰
2141 5528 2255 5583 sine
2287 5541 2372 5582 om
2430 5525 2511 5581 0F
2610 5526 2647 5556 "
2690 5524 2774 5582 Sic
2822 5527 3021 5594 CF;.A
3053 5528 3427 5597 procl-iuemque

3366 5383 3388 5415 ⁸
3446 5380 3531 5437 Sic
3576 5381 3703 5443 CF;

3308 5456 3324 5486 ⁷
3364 5464 3411 5507 et
3458 5468 3538 5510 om
3594 5448 3700 5503 CF.

3308 5542 3427 5580 ioue
3531 5523 3570 5558 ‘7
3612 5528 3700 5580 Sic

2480 5386 2501 5415 ¹
2553 5382 2641 5438 Sir
2681 5384 2798 5441 CF.
2847 5385 2886 5439 A
2928 5394 3270 5439 converte/iw.

2123 5452 2142 5487 δ
2195 5457 2232 5508 Α
2286 5457 2425 5510 edita
2469 5461 2568 5509 est.
2650 5456 2671 5484 ‘
2705 5470 2750 5509 et
2782 5452 2991 5523 futurus
3031 5470 3137 5509 om.
3169 5455 3207 5511 Α

3623 133 3799 197 8L6,
