4260 6082
475 259 600 340 ὶξὸῑ,Δ

1327 263 1420 320 or.
1457 262 1796 322 unusunus
1836 260 2182 320 MTUME.
2224 291 2292 303 σς
2315 258 2534 318 LIBER
2567 245 2893 326 QUINTUS.

3651 251 3756 315 862

479 389 630 444 pium
662 384 738 432 est
768 389 784 428 :
817 373 974 430 Nunc
1004 389 1142 448 ergo;
1180 391 1240 430 nr
1267 379 1350 449 for
1370 394 1397 430 ε
1422 377 1598 432 mittat
1628 391 1844 430 mentun:
1889 391 2062 440 suam,
2095 379 2142 439 Α
2171 376 2338 429 misse
2371 373 2436 428 ".
2483 371 2636 442 Quod
2659 373 2706 428 si
2734 372 2839 430 hoc
2867 369 2915 404 ”
2949 385 3052 426 non
3085 371 3338 444 potuerit,
3371 373 3664 427 carnaliter
3690 379 3782 426 de,

475 481 528 522 et
569 481 774 539 renqna
815 463 986 536 usque
1019 479 1152 522 meat
1198 469 1254 519 in
1282 478 1552 521 aeternum
1584 469 1625 532 ί,
1663 475 1840 536 posset
1881 466 2066 521 Venire

478 557 532 612 in
553 560 886 626 ambiguum,
907 557 1063 628 cujus
1085 574 1345 630 personae
1366 561 1506 614 dicta
1529 559 1662 624 sint,
1687 569 1866 616 utrum
1892 557 2066 612 Theo-

476 651 580 724 lngi
603 651 1000 722 prophetautis,
1028 667 1095 706 an
1122 651 1655 718 Dominiloquentis,
1677 653 1719 706 si
1747 666 1851 704 non
1873 659 2064 719 aperte

477 741 532 796 in
566 739 918 812 Septuaginta
949 741 1186 796 editione
1209 741 1652 812 distingueretur,
1681 741 1734 794 in
1766 755 1869 808 qua
1893 740 2062 808 scrip-

479 839 591 888 tum
617 838 701 884 est
729 850 741 884 :
775 829 840 884 Et
875 841 1034 894 nunc,
1063 831 1240 900 inquit
1267 830 1430 900 Dens,
1469 847 1544 886 ηδ·
1571 830 1856 900 aliquando
1877 841 2064 894 exten-

473 923 564 978 dat
594 939 832 987 manum,
865 934 908 978 et
931 935 1108 986 sumet
1147 923 1212 978 de
1239 923 1382 994 ligno
1413 926 1568 980 vitae,
1617 923 1836 986 Nemini
1879 933 2061 982 tamen

471 1014 580 1068 vim
611 1015 896 1070 verborum
926 1015 1070 1069 clare
1107 1015 1334 1070 intuenti
1357 1023 1384 1054 ι
1423 1015 1480 1072 in
1509 1013 1693 1080 dubio,
1718 1023 1778 1072 ut
1803 1015 2060 1080 arbitror,

473 1105 598 1169 erit,
627 1105 758 1175 quin
799 1106 1042 1160 reditum
1089 1117 1317 1160 naturae
1359 1106 1710 1168 humanaein
1740 1107 2066 1165 suam‘anti—

472 1196 734 1266 quitatem
768 1196 900 1250 haec
927 1198 1138 1261 verba...
1163 1211 1380 1268 quoquo
1433 1198 1594 1254 modo
1631 1193 1743 1256 sint
1787 1195 2058 1264 ordinata,

473 1286 874 1356 repromittant.
929 1286 1044 1342 Non
1097 1289 1239 1342 enim
1292 1289 1422 1343 mihi
1473 1289 1728 1348 videntur
1777 1290 2064 1360 diligenter

471 1378 764 1449 inspicere,
796 1379 888 1450 qui
918 1379 1059 1434 illam
1085 1379 1431 1451 particulam,
1457 1395 1596 1450 quae
1615 1391 1698 1436 est
1727 1397 1808 1446 ne,
1831 1382 2064 1450 negandi

433 1453 436 1458 ’
470 1467 826 1532 intellectum,
873 1485 978 1524 non
1023 1477 1204 1524 autem
1249 1469 1640 1541 interrogandi,
1673 1485 1739 1523 ac
1768 1469 1930 1524 veluti
1967 1471 2064 1524 du-

469 1559 676 1616 bitandi
723 1561 776 1614 in
825 1560 926 1615 hoc
957 1561 1076 1616 loco
1109 1561 1447 1616 arbitrantur
1493 1561 1761 1626 obtinere,
1815 1573 1870 1615 et
1917 1560 2061 1630 quod

469 1651 590 1708 ideo
619 1651 875 1723 expulsus
916 1653 986 1708 sit
1017 1652 1180 1708 homo
1225 1652 1290 1708 de
1336 1651 1610 1720 paradiso,
1659 1666 1726 1705 ne
1771 1659 1954 1720 posset
1994 1651 2060 1705 de

2169 464 2421 530 paradiso
2465 463 2690 532 ejbsque
2737 465 3060 518 animalibus
3098 473 3298 518 sentire
3342 465 3576 526 desinat,
3605 472 3660 518 et
3685 467 3754 520 ad

2165 555 2487 623 spirituales
2537 554 2876 618 intellectus,.
2902 571 3038 623 quos
3074 554 3510 619 veritas-edocet,
3539 570 3756 626 promp—

2173 655 2259 700 tus
2289 644 2529 704 accedat,
2564 661 2670 714 qua
2713 661 2818 700 una
2845 645 3040 700 etsola
3069 647 3151 699 via
3185 647 3534 716 mysticarum
3567 645 3758 700 litera-

2173 753 2292 790 rum
2337 745 2690 807 penetrantur
2737 741 2899 794 adita.
2953 739 3084 794 Veni
3127 739 3311 810 igitur,
3343 741 3758 810 divinorumque

2172 828 2458 882 verborum
2487 821 2744 882 virtutem
2767 829 3082 900 diligentius
3107 830 3334 885 intuere.
3363 831 3506 885 Dtsc.
3531 831 3756 886 Praesto

2167 934 2288 973 sum
2337 927 2690 987 paratusque,
2733 935 2872 988 quae
2907 937 2936 974 a
2977 931 3032 974 te
3073 921 3342 986 dicentur,
3386 934 3752 994 cognoscere;

2167 1009 2322 1063 valde
2367 1010 2564 1080 quippe
2619 1013 2924 1066 necessaria
2975 1021 3121 1076 sunt,
3167 1013 3525 1082 etapaucis,
3559 1023 3615 1067 ut
3642 1013 3792 1083 cpio.

2168 1115 2289 1165 nor,
2319 1108 2568 1154 tractata.
2601 1098 2878 1170 Siquidem
2913 1107 2978 1156 de
3030 1105 3298 1159 humanae
3341 1115 3566 1158 naturae
3607 1111 3758 1160 cete-

2167 1203 2462 1262 rerumque
2511 1192 2562 1265 in
2603 1207 2670 1245 ea
2717 1200 2776 1247 et
2823 1203 3043 1264 propter
3067 1209 3186 1248 eam
3219 1195 3273 1248 in
3307 1203 3558 1250 aeternas
3591 1195 3758 1249 ratio.

2163 1294 2283 1344 nes,
2316 1295 2382 1334 ex
2415 1279 2613 1349 quibus
2643 1280 2886 1350 profecta
2915 1289 3020 1347 est,
3053 1282 3252 1348 reditu,
3289 1291 3344 1338 et
3381 1284 3432 1338 in
3467 1277 3758 1357 pristinam

2165 1367 2485 1438 dignitatem
2525 1369 2872 1425 restitutione
2907 1371 3108 1425 nullum
3153 1373 3327 1426 adhuc
3367 1373 3650 1442 scripsisse
3675 1371 3760 1428 vel

2165 1455 2268 1532 legi
2301 1455 2386 1512 vei
2414 1459 2617 1524 audivi,
2659 1460 2910 1530 quamvis
2947 1462 3182 1532 sparsim
3207 1473 3260 1516 et
3297 1463 3350 1516 in
3383 1464 3579 1522 divinis
3605 1463 3758 1520 libris

2165 1561 2220 1602 et
2244 1560 2554 1604 sanctorum
2581 1550 2802 1606 Patrum
2831 1553 3172 1610 documentis
3207 1553 3379 1610 forma
3411 1555 3533 1610 talis
3557 1555 3760 1612 doctri-
3823 1603 3832 1610 .

2167 1655 2270 1695 nae
2295 1639 2608 1712 frequenter
2631 1643 2891 1698 arrident.

467 1743 614 1815 ligno
635 1743 778 1797 vitae
808 1757 1026 1797 sumere
1049 1741 1337 1811 vivereque
1369 1741 1422 1794 in
1453 1747 1752 1796 aeternum.
1781 1739 1893 1806 Qun
1918 1741 2062 1794 enim
2094 1726 2140 1785 Β
2237 1732 2289 1785 2.
2323 1731 2465 1803 Mss.
2505 1733 2695 1812 Divina
2733 1733 2916 1808 itaque
2939 1751 3043 1792 vox
3077 1739 3238 1794 talem
3269 1740 3524 1804 reditum,
3555 1743 3622 1796 de
3651 1756 3761 1814 quo

469 1833 830 1904 possibilitate
865 1841 986 1906 post
1023 1841 1306 1904 peccaturo
1337 1831 1572 1886 humana
1607 1841 1798 1885 natura
1827 1830 1894 1884 de
1917 1829 2062 1898 ligno

469 1927 614 1982 vitae
645 1925 848 1984 valeret
881 1940 1116 1992 sumere,
1151 1935 1206 1980 et
1238 1925 1258 1956 ³
1286 1925 1592 1988 comedere,
1624 1939 1690 1980 ac
1745 1923 1766 1953 ’⁵
1797 1923 1979 1977 vivere
2007 1923 2060 1976 in

457 2029 776 2084 taeternum,
821 2021 1068 2074 nondum
1121 2017 1352 2074 liberata
1410 2033 1440 2072 a
1491 2025 1716 2088 peccato
1760 2025 1816 2071 et
1864 2025 2060 2080 morte,

469 2123 606 2180 quae
644 2119 727 2165 est
761 2123 932 2182 poena
961 2108 1206 2180 peccati,
1247 2107 1462 2179 quando
1490 2122 1588 2162 nec
1609 2107 1720 2176 ipse
1739 2107 1759 2137 "
1781 2116 1904 2161 ante
1931 2121 2060 2177 pec-

469 2213 652 2258 catum
698 2203 766 2258 de
809 2203 996 2258 eodem
1029 2202 1176 2271 ligno
1204 2201 1286 2258 vel
1316 2203 1612 2272 sumpserit
1635 2201 1656 2233 "
1687 2201 1769 2256 vel
1812 2201 2060 2258 comede-

468 2303 552 2350 ret
581 2337 596 2361 ,
648 2303 708 2350 ut
743 2293 972 2366 diligens
999 2294 1212 2349 divinae
1268 2295 1583 2364 Seripturae
1623 2295 1903 2365 inquisitio
1936 2295 2062 2349 sub-

473 2387 700 2442 sinuat?
735 2385 794 2442 Si
825 2387 969 2443 enim
995 2395 1232 2441 sumeret
1261 2386 1663 2450 etcomederct,
1703 2385 1943 2457 profecto
1969 2401 2062 2441 ne-

467 2497 575 2552 que
599 2481 840 2550 peccarit
861 2496 1039 2550 neque
1071 2481 1262 2544 ruerit,
1301 2481 1394 2536 sed
1424 2481 1476 2534 in
1513 2491 1792 2536 aeternum
1833 2479 2062 2536 feliciter

444 2573 666 2627 vixerit
694 2572 734 2625 '.
770 2571 1019 2636 Additur,
1064 2571 1109 2628 si
1149 2572 1432 2642 paradisus
1479 2572 1590 2636 ille,
1639 2573 1704 2626 de
1747 2587 1854 2643 quo
1899 2573 2060 2630 homo

467 2661 727 2730 expulsus
754 2671 858 2727 est,
897 2661 1084 2718 localis
1115 2671 1237 2718 erat
1272 2672 1651 2732 terrenusque,
1691 2673 1746 2718 et
1777 2665 1822 2716 si
1854 2664 2060 2736 lignum

469 2751 639 2819 vitae,
665 2753 808 2822 quod
835 2751 888 2807 in
921 2753 1100 2810 medio
1131 2753 1298 2824 ipsius
1327 2753 1628 2826 plantatum
1655 2765 1757 2819 est,
1788 2763 2058 2812 terrenum

463 2839 572 2896 .l'uit
615 2852 779 2911 atque
820 2841 1098 2908 sensibile,
1154 2841 1500 2914 fructumque
1552 2845 1830 2914 corporeis
1874 2845 2062 2901 usibus

471 2941 654 3000 aptum
681 2931 988 3002 protulerit,
1039 2946 1136 2987 cur
1179 2947 1298 2994 non,
1335 2934 1405 2988 ab
1449 2935 1565 3003 ipso
1597 2927 1710 2988 seio
1743 2936 1884 2988 vitae
1915 2935 2060 3006 ligno

473 3021 616 3078 Deus
641 3021 915 3078 hominem
949 3023 1241 3092 expulerit,
1271 3031 1325 3079 et
1351 3025 1406 3078 in
1435 3019 1614 3095 aliqua
1645 3009 1796 3095 parie
1818 3026 2054 3095 paradisi

469 3126 596 3167 eum
633 3112 884 3184 sepserit,
921 3113 1220 3181 ne'lignum
1267 3113 1398 3168 illud
1443 3115 1960 3186 posset'attingere?
1997 3114 2055 3170 Si

461 3202 613 3258 enim
643 3203 784 3257 nulla
813 3203 916 3258 alia
945 3219 1104 3258 causa
1137 3203 1368 3260 feliciter
1388 3213 1442 3262 et
1471 3205 1820 3260 aeterualitcr
1846 3206 2056 3261 vivendi

473 3297 526 3348 in
545 3295 802 3366 paradiso
841 3294 1002 3350 fuerit
1029 3304 1246 3366 praeter
1269 3311 1420 3352 esum
1459 3297 1590 3369 ligni
1619 3299 1784 3364 vitae,
1813 3299 1903 3368 qui
1929 3299 2060 3355 solis

474 3385 886 3442 rationabilibus
933 3387 1203 3443 creaturis
1247 3403 1542 3446 concessus
1589 3397 1693 3456 est,
1749 3407 1848 3445 cur
1895 3391 2058 3448 homo

377 3527 388 3532 _
470 3484 591 3546 post
625 3487 906 3548 peccaturo
951 3477 1005 3532 in
1045 3477 1226 3549 aliqua
1253 3479 1488 3548 paradisi
1521 3490 1678 3552 parte
1723 3482 1745 3514 '
1773 3483 1942 3537 miser
1973 3491 2056 3536 at-

472 3582 578 3637 que
609 3569 850 3626 mortalis
873 3569 1070 3640 degere
1095 3570 1468 3642 temporaliter
1495 3587 1603 3627 non
1629 3573 1899 3644 potuerit?
1923 3571 2058 3628 Nam

379 3647 388 3654 ’
471 3665 518 3719 si
551 3672 730 3722 cetera
758 3665 1037 3730 animalia,
1079 3667 1510 3738 praesertimqne
1547 3681 1770 3737 serpens
1802 3668 1912 3735 ille,
1952 3683 2059 3740 quo

471 3763 728 3833 antiquus
750 3761 922 3832 hostis
943 3762 1204 3817 malitiam
1235 3777 1389 3818 suam
1417 3762 1681 3827 exercuit,
1723 3763 1775 3816 in
1809 3763 2060 3834 paradiso

471 3851 661 3920 fuisse,
703 3866 807 3908 nec
837 3861 1043 3918 tamen,
1072 3849 1420 3906 aeternaliter
1445 3853 1466 3885 θ
1496 3859 1551 3908 et
1593 3850 1824 3906 feliciter
1876 3852 2060 3908 vivere

469 3959 630 4014 posse
673 3943 990 4008 creduntur,
1037 3943 1293 4014 quoniam
1340 3957 1446 3998 non
1475 3941 1542 4022 ad
1571 3957 1720 3998 esum
1761 3941 1888 4013 ligni
1916 3945 2060 4022 vitae

470 4043 654 4092 creata
687 4043 833 4098 sunt,
866 4049 964 4089 cur
995 4033 1038 4064 ¹⁰
1061 4033 1225 4088 etiarn
1255 4033 1420 4090 homo
1448 4017 1766 4102 delmquens
1796 4032 1936 4086 inter
1967 4018 2058 4088 illa

470 4128 652 4182 vivere
673 4141 778 4181 non
809 4125 1256 4192 sineretur,‘cum
1283 4137 1410 4180 vera
1439 4123 1578 4176 ratio
1601 4123 1868 4188 docuerit,
1893 4123 2060 4180 ratio-

467 4217 703 4276 nabilem
747 4226 1082 4282 creaturam,
1124 4215 1225 4270 etsi
1259 4214 1643 4286 peccatricem,
1676 4230 1892 4270 onmem
1923 4214 2061 4270 irra-

473 4307 784 4364 tionabilem
825 4313 1050 4376 peccato
1091 4313 1364 4360 carentem
1407 4315 1636 4358 naturae
1670 4304 1932 4374 dignitate
1957 4321 2059 4362 an-

473 4399 760 4456 tecedere?
791 4397 848 4452 Si
887 4396 1448 4474 ergorirrationabilia
1506 4397 1782 4462 animalia,
1840 4397 2060 4452 homine

467 4491 712 4562 depulso,
739 4489 790 4544 in
819 4489 1072 4562 paradiso
1099 4489 1459 4563 remanserint
1483 4487 1550 4554 “,
1577 4488 1702 4544 dum
1729 4489 1799 4544 sit
1827 4489 2060 4544 caeteris

469 4581 849 4652 praestantior,
881 4595 986 4652 qua
1013 4579 1221 4635 ratione
1249 4594 1360 4636 non
1381 4590 1435 4634 et
1463 4579 1558 4638 ille
1586 4579 1749 4642 etiam
1792 4575 2053 4650 peecator

473 4673 614 4730 inter
637 4673 728 4728 illa
761 4673 814 4726 in
837 4669 1091 4743 paradiso
1133 4683 1416 4725 remanere
1451 4671 1751 4743 permissus
1792 4673 1912 4729 est?
1969 4673 2056 4728 Au

471 4765 611 4822 forte
655 4781 778 4822 eum
821 4765 916 4820 illo
957 4773 1138 4820 cetera
1173 4763 1428 4818 animalia
1449 4763 1515 4818 de
1545 4763 1800 4832 paradiso
1827 4765 2056 4836 expulsa

469 4860 629 4915 sunt?
643 4857 750 4916 Sed
769 4859 811 4890 “
825 4859 868 4914 si
885 4858 1005 4928 quis
1019 4859 1120 4913 hoc
1135 4857 1352 4922 dixerit,
1371 4865 1596 4927 quaerat
1607 4872 1676 4915 ex
1691 4857 1866 4914 divina
1885 4857 2064 4928 Scrip-

471 4959 615 5016 tura,
665 4957 778 5004 aut.
814 4957 1128 5004 sanctorum
1169 4945 1396 5002 Patrum
1449 4946 1798 5014 auctoritate,
1844 4957 1940 5002 aut
1989 4963 2058 5004 ex

471 5053 720 5112 utroque,
777 5041 919 5094 unde
966 5039 1248 5112 approbet,
1289 5037 1664 5114 expulsionem
1714 5038 2051 5105 animalium,

470 5133 668 5203 quibus
687 5133 850 5186 homo
873 5131 925 5184 in
953 5131 1205 5200 paradiso
1231 5141 1359 5184 ante
1385 5137 1668 5199 peccatum
1696 5129 1914 5184 nomina
1947 5129 2056 5183 im-

381 5243 386 5250 -
467 5223 688 5292 iurauit,
746 5221 906 5278 simul
965 5235 1092 5275 cum
1149 5219 1368 5275 homine
1403 5227 1665 5290 peccante
1700 5217 1766 5272 de
1801 5218 2052 5296 paradiso

1671 5335 1674 5338 ’
1747 5331 2005 5388 VAlilAE
2041 5329 2444 5392 LECTIONES.

2004 5425 2024 5453 ⁸
2057 5423 2145 5480 Sic
2191 5425 2264 5490 F;
2300 5426 2344 5480 Α
2391 5427 2728 5488 intuentium,
2755 5425 2794 5481 C
2831 5427 3159 5480 intuendum.

1447 5493 1470 5524 ‘
1502 5495 1592 5566 Sic
1641 5493 1754 5559 CF;
1805 5497 1848 5546 Α
1887 5500 2312 5566 praesumpserit.

545 5428 564 5460 ί
595 5425 684 5482 Sic
727 5423 844 5488 CF;
887 5439 984 5494 pro
1005 5433 1052 5478 et
1091 5423 1289 5493 reliqua
1312 5453 1380 5463 —-
1401 5433 1668 5494 aeternum
1802 5433 1900 5478 etc.

421 5553 424 5558 ,
471 5499 496 5529 ’⁸
531 5500 574 5554 Α
627 5507 694 5550 ει.
793 5497 815 5527 ⁸
839 5497 928 5550 Sic
960 5495 1082 5560 CF;
1140 5497 1182 5548 Δ
1215 5498 1346 5563 ipsa.

475 5568 568 5638 [Α
599 5577 746 5638 parte
773 5567 1030 5638 paradisi.
1105 5564 1241 5638 °_Sic
1262 5564 1348 5638 (JF
1369 5579 1383 5629 ;
1406 5565 1446 5618 Α
1479 5565 1842 5638 spiritttnliter.

467 5633 582 5694 Sed
599 5633 732 5693 "om.
773 5633 848 5690 Ἀ.

483 5713 524 5751 ‘9
554 5711 852 5770 caelestium
891 5725 996 5764 om.
1034 5709 1101 5762 Α.
1161 5709 1220 5768 ,¹⁷
1250 5721 1320 5760 ρει·
1347 5721 1456 5760 ein.
1488 5703 1590 5759 Cl“.

1923 5565 1966 5598 ‘°
1995 5569 2036 5622 Α
2064 5565 2163 5622 cur
2189 5585 2290 5622 non
2315 5567 2497 5624 etiam.

930 5635 970 5667 ¹³
1000 5638 1092 5692 Sic
1119 5635 1194 5699 C;
1245 5637 1286 5688 Α
1337 5639 1556 5710 ρπρυιεα
1607 5637 1802 5704 frriasc';
1855 5635 1896 5690 F
1923 5637 2088 5708 fuisse
2132 5640 2350 5706 expulsa
2429 5639 2466 5672 ιδ
2507 5637 2597 5694 Sic
2623 5635 2740 5705 CF;
2767 5639 2806 5692 Α
2842 5637 2993 5706 Quod
3019 5639 3064 5693 si
3099 5639 3272 5694 homo.

930 5725 996 5762 nt.
1034 5709 1101 5762 Α.
1161 5709 1220 5762 ν¹⁷
1250 5721 1320 5760 (δι’
1347 5721 1456 5760 om.
1488 5703 1590 5759 Cl".
1673 5707 1713 5738 ³⁸
1743 5719 1814 5762 est
1847 5725 1954 5762 om.
1985 5708 2090 5762 Cl“.
2171 5713 2212 5743 ²⁰
2237 5713 2278 5762 Α
2305 5721 2376 5762 et.

2171 1839 2355 1878 sermo
2383 1835 2490 1890 est,
2536 1824 2622 1880 his
2657 1825 2838 1884 verbis
2885 1829 3144 1894 insinuat,
3175 1831 3362 1886 dicens
3389 1851 3402 1885 :
3435 1831 3592 1906 Nunc
3609 1849 3757 1906 ergo,
3819 1849 3822 1852 '

2167 1913 2248 1968 vel
2282 1913 2472 1970 utalia
2505 1915 2882 1987 interpretatio
2928 1921 3170 1988 apertius
3213 1924 3444 1994 profert,
3498 1935 3548 1978 et
3595 1943 3756 1990 nunt“,

2156 2005 2340 2076 inquit
2369 2007 2512 2061 Deus
2543 2001 2616 2061 ³⁵.’
2651 2009 2728 2064 Ac
2747 2009 2795 2064 si
2827 2010 2988 2078 plane
3033 2011 3240 2070 diceret
3265 2015 3442 2070 divina
3472 2015 3758 2072 clementia

2159 2099 2742 2168 infinitaquebonitas,
2775 2103 2840 2154 ad
2875 2103 3258 2178 indulgendum
3286 2108 3759 2180 miscretniumqne

2165 2205 2383 2259 semper
2407 2191 2684 2257 facillima,
2713 2207 2902 2248 casum
2937 2196 3151 2252 divinae
3175 2197 3426 2270 imaginis
3449 2199 3753 2269 suspirans,

2164 2281 2702 2358 misericorditerque
2733 2285 3195 2352 eondescendcns,
3233 2287 3576 2358 hominisque
3605 2304 3757 2346 arro-

2162 2371 2399 2444 gantiam
2425 2373 2696 2444 patienter
2719 2375 3014 2435 sutl'erens:
3041 2375 3194 2434 Nunc
3221 2372 3369 2450 ergo,
3399 2380 3500 2434 hac
3521 2387 3628 2446 est,
3644 2377 3758 2448 jam

2163 2465 2229 2519 dc
2252 2465 2504 2534 paradiso
2533 2467 2820 2538 expulsum
2847 2469 3126 2524 hominem
3149 2469 3329 2535 video,
3359 2469 3669 2540 l‘actmnqne
3691 2472 3762 2528 de

2161 2555 2321 2614 beato
2351 2557 2644 2624 miserum,
2671 2559 2740 2614 de
2759 2559 2978 2630 copioso
3005 2575 3260 2632 egenum,
3285 2560 3350 2616 de
3376 2570 3598 2620 aeterno
3623 2572 3762 2620 tem-

2162 2649 2426 2720 poralem,
2470 2653 2538 2706 de
2581 2651 2730 2707 vitali
2776 2652 3084 2720 mortalem,
3121 2654 3186 2708 de
3216 2655 3460 2724 sapiente
3505 2647 3760 2724 stultum,

2162 2741 2231 2796 de
2257 2742 2536 2814 spirituali
2583 2741 2894 2809 animalem,
2950 2745 3018 2800 de
3070 2745 3292 2800 caelesti
3349 2753 3642 2814 terrenum,
3691 2745 3764 2803 de

2163 2849 2304 2890 novo
2320 2835 2698 2902 inveteratum,
2719 2836 2786 2894 de
2807 2837 2950 2892 laeto
2967 2837 3200 2903 tristem,
3218 2839 3446 2896 desalvo
3461 2841 3762 2912 perditum,

2161 2925 2230 2980 de
2258 2927 2508 2996 prudenti
2536 2919 2646 2982 lilio
2659 2929 2970 3002 prodigum,
3001 2945 3066 2984 ex
3097 2933 3166 2986 vit
3185 2940 3354 2988 tutum
3374 2931 3762 2990 caelestium"

2163 3032 2326 3088 grege
2347 3028 2642 3085 errantem,
2671 3021 2830 3090 eique
2851 3006 3133 3078 condoleo.
3157 3021 3272 3078 Non
3297 3025 3437 3078 enim
3461 3025 3527 3078 ad
3555 3025 3658 3081 hoc
3683 3025 3762 3082 l'a-

2163 3117 2286 3164 ctns
2304 3099 2464 3165 est";
2496 3110 2774 3182 Siquidem
2800 3113 2866 3167 ad
2889 3114 3294 3184 possessionem
3327 3109 3584 3170 aeternae
3605 3117 3764 3173 Tvltae

2161 3215 2226 3253 ac
2248 3200 2599 3256 beatitudinis
2619 3203 2870 3258 conditus
2892 3213 2978 3259 est
3005 3206 3048 3238 ¹⁸
3081 3205 3190 3270 ille,
3215 3221 3374 3276 quem
3407 3221 3518 3273 vos,
3538 3223 3568 3261 ο
3598 3207 3758 3265 vicini

2165 3291 2284 3362 ejus
2308 3292 2564 3354 ctamici,
2603 3292 2656 3348 in
2689 3295 2964 3366 regionem
3007 3295 3200 3350 mortis
3237 3307 3400 3367 atque
3422 3296 3466 3331 '°
3508 3297 3760 3355 miseriae

2161 3381 2357 3438 videtis
2377 3399 2522 3438 nunc
2547 3386 2612 3438 de
2634 3385 2884 3454 paradiso
2907 3385 3209 3456 expulsum,
3233 3387 3490 3442 caelestes
3513 3387 3762 3444 videlicet

2161 3474 2384 3528 ordines
2417 3475 2720 3543 alloquens,
2751 3477 2843 3544 qui
2881 3473 3239 3532 adhaerentes
3269 3476 3544 3532 Conditori
3571 3493 3672 3534 suo
3703 3477 3760 3534 iu

2159 3563 2495 3620 beatitudine
2519 3573 2774 3634 perpetua
2807 3574 3257 3635 permanserunt,
3299 3579 3532 3636 quorum
3577 3575 3760 3622 tamen

2161 3671 2422 3711 numerus
2439 3655 2491 3710 in
2511 3643 2814 3726 perditione
2831 3657 3066 3714 hominis
3080 3659 3364 3729 ademptus
3377 3668 3482 3714 est.
3504 3657 3760 3724 Videsne.
3791 3725 3799 3734 ,

2160 3755 2363 3816 quanta
2405 3746 2646 3800 divinum
2673 3748 2870 3817 pathos
2897 3748 3192 3814 contineat,
3223 3749 3348 3804 dum
3390 3750 3469 3804 sic
3499 3750 3758 3806 brevissi-

2162 3851 2310 3891 mum
2339 3852 2405 3892 ex
2437 3853 2546 3892 uno
2587 3838 2870 3908 temporali
2909 3841 3186 3906 adverbio,
3218 3841 3362 3911 quod
3395 3851 3478 3896 est
3505 3857 3664 3908 nunc,
3704 3851 3760 3898 et

2163 3945 2266 3984 una
2285 3931 2485 3985 causali
2504 3925 2906 4001 conjunctione,
2932 3949 3070 4002 quae
3089 3919 3340 4006 estergo,
3356 3946 3751 4006 comparatum.

2163 4019 2270 4078 Sed
2301 4021 2466 4076 veluti
2495 4033 2612 4091 post
2637 4024 2869 4080 hominis
2893 4025 3170 4095 planctum
3205 4027 3393 4102 eadem
3431 4027 3613 4086 divina
3643 4029 3758 4084 cle-

2163 4113 2366 4169 mentia
2399 4114 2466 4168 ad
2497 4116 2732 4184 seipsam
2753 4115 3126 4188 caelestesque
3145 4117 3374 4173 virtutes
3402 4119 3758 4175 consolandas
3811 4129 3816 4134 '
3895 4144 3906 4152 -

2162 4224 2448 4277 conversa,
2497 4215 2730 4269 reditum
2761 4215 2998 4270 hominis
3047 4217 3100 4269 in
3147 4217 3458 4285 paradisum
3489 4217 3590 4274 sub
3623 4235 3759 4289 qna-

2163 4301 2284 4356 dam
2309 4304 2608 4360 dubitativa
2625 4305 2914 4362 locutionis
2939 4305 3109 4362 forma
3133 4306 3757 4379 interrogativaquepro—

2163 4393 2352 4450 mittit.
2385 4396 2475 4451 Ait
2516 4399 2663 4452 enim
2693 4414 2708 4451 :
2749 4395 2832 4452 Ne
2865 4397 2998 4462 forte
3033 4415 3248 4460 manu:
3286 4416 3440 4454 suam
3470 4399 3664 4464 mittat,
3705 4409 3754 4455 et

2163 4502 2335 4546 sumat
2360 4490 2424 4544 de
2451 4489 2593 4562 ligno
2619 4493 2776 4556 vitae,
2803 4499 2852 4544 et
2875 4489 3136 4554 comedat,
3161 4500 3207 4544 et
3233 4491 3365 4545 vivat
3387 4491 3440 4544 in
3464 4501 3754 4548 aeternum.

2165 4582 2446 4653 Tanquam
2477 4583 2720 4637 diceret:
2753 4579 2868 4636 Non
2897 4583 3030 4636 adeo
3055 4581 3122 4636 de
3147 4579 3367 4636 interitu
3403 4581 3636 4638 hominis
3659 4583 3757 4644 dor
3851 4607 3854 4611 ι

2162 4675 2380 4730 tendum
2407 4673 2668 4742 lapsuque
2699 4672 2867 4742 ipsius
2892 4673 2960 4726 de
2997 4673 3254 4743 paradiso
3281 4672 3610 4744 lugendum;
3648 4688 3756 4732 non

2165 4768 2312 4824 enim
2339 4779 2464 4837 spes
2493 4764 2754 4820 redeundi
2783 4763 2852 4819 ab
2881 4763 2971 4818 illo
2997 4765 3212 4834 penitus
3235 4764 3412 4820 ablata
3447 4773 3549 4820 est.
3593 4765 3758 4822 Forte

2164 4873 2234 4913 ne
2263 4857 2444 4911 mittat
2467 4869 2684 4909 manum
2712 4870 2890 4920 suam,
2921 4855 3023 4910 hoc
3043 4865 3148 4922 est,
3183 4871 3312 4911 suae
3329 4857 3502 4914 bonae
3525 4859 3754 4916 actionis

2161 4948 2218 5002 in
2254 4947 2543 5002 virtutibus
2571 4945 2808 5001 studium
2836 4946 3111 5012 extendat,
3140 4961 3249 5016 quo
3269 4949 3440 5016 possit
3467 4949 3531 5002 de
3557 4947 3752 5006 fructi-

2159 5037 2264 5093 bus
2293 5037 2420 5108 ligni
2453 5036 2598 5092 vitae
2623 5050 2857 5100 sumere,
2887 5037 2990 5091 hoc
3025 5047 3127 5102 est,
3155 5035 3264 5092 Dei.
3285 5035 3440 5092 Verbi
3467 5039 3757 5108 spirituali-

2159 5129 2260 5186 hns
2292 5129 2468 5194 donis,
2495 5135 2550 5184 et
2573 5127 2822 5183 comedat
2845 5142 3026 5182 escam
3053 5141 3220 5198 purae
3257 5129 3748 5199 contemplationis,

2161 5221 2318 5292 cujus
2357 5223 2556 5277 virtute
2599 5220 2742 5277 vivet
2773 5219 2826 5276 in
2859 5231 3165 5290 aeternum,
3211 5237 3487 5292 nunquam
3518 5225 3588 5282 ad
3618 5241 3750 5299 ege-

3239 5425 3259 5456 ³
3303 5425 3394 5481 Sic
3421 5426 3615 5492 (Ἓςή
3663 5447 3753 5499 π,
3815 5427 3818 5430 ’

2403 5498 2422 5528 "
2459 5496 2550 5552 Sic
2759 5499 3088 5570 peccasset
3121 5527 3190 5538 ‹-
3219 5501 3405 5552 ruisse:
3425 5529 3492 5570 -έ--
3517 5495 3754 5570 uixisset;

2580 5567 2620 5598 "
2642 5565 2739 5636 Sic
2763 5567 2877 5626 (Ἐς
2913 5569 2952 5620 Α
2985 5579 3364 5626 remanserunt.
3443 5569 3484 5600 ¹²
3508 5567 3601 5624 Sic
3623 5569 3710 5624 (ΖΡ
3734 5565 3768 5636 Ξ·

3355 5639 3397 5670 ⁸⁵
3421 5641 3462 5692 Α
3497 5637 3750 5700 Dominus

2171 5713 2212 5743 ²⁰
2237 5713 2278 5763 Δ
2305 5721 2376 5766 et.
