4260 6082
409 249 509 311 855
1196 255 1286 315 DE
1320 252 1658 313 DlVlSlONE
1696 246 2050 307 NATURAE.
2088 275 2161 287 -—
2190 242 2394 300 LIBER
2431 239 2756 311 QUINTUS.
3558 238 3665 295 866

400 376 705 431 venerant,‘
747 384 975 440 eamque
1035 372 1389 438 decolorant,
1440 358 1603 441 atque
1653 367 1977 429 deformant,
2010 367 2059 426 Α
2087 358 2381 417 νῑδὶῢῖηυω
2422 372 2607 415 rerum
2629 354 3107 427 οοτροηιῑυιηιιυο
3154 361 3261 419 θδίν
3308 361 3366 408 ιιι
3411 354 3671 420 arbitror.

399 457 823 526 diSsindlcmque
867 460 1130 516 conditori
1158 477 1257 516 suo
1292 460 1552 515 cilicium.
1595 454 1820 513 Gladius
1857 455 1981 519 iste,
2086 453 2231 522 quod
2256 466 2368 507 non
2393 446 2736 521 incorporale
2758 450 2888 519 quid
2919 458 2977 507 et
3014 448 3359 517 intelligibile
3382 449 3671 519 signiticet.

399 544 635 601 Verbum
666 546 921 604 videlicet
944 550 1137 615 Patris,
1168 550 1479 621 unigenitns
1504 547 1691 612 Filius,
1723 546 1899 599 virtus
1928 552 1986 599 et
2024 618 2029 623 ἢ
2086 545 2194 602 Sed
2225 545 2465 615 ipsorum
2494 559 2838 608 recursuutn,
2861 558 2929 598 ex
2975 543 3171 613 quibus
3217 550 3542 613 argumenta
3589 542 3673 596 vis

396 638 663 708 Sapientia
710 654 816 693 non
861 638 1130 710 immerito
1174 650 1231 696 et
1284 638 1525 694 creditur
1567 646 1622 691 et
1669 634 1986 705 intelligitur
2084 651 2321 702 sumere,
2352 637 2617 708 quosdam
2644 636 2882 690 breviter
2903 634 3063 690 velim
3094 632 3670 689 eommemorethc.

396 727 690 793 versatilis;
728 727 890 798 quia,
936 728 1063 782 dum
1127 735 1211 784 est
1259 729 1278 760 ¹
1348 735 1540 782 natura
1590 723 1983 788 immutabilis,
2081 724 2366 791 Omnibus,
2390 724 2984 791 utaestimo,naturam
3005 738 3187 779 rerum
3208 723 3674 786 considerantibus

399 828 645 875 movetur
677 829 856 875 tamen
882 819 1139 875 ineffabili
1186 834 1288 875 sua
1335 817 1620 874 clementia
1675 824 1732 871 et
1776 812 1986 870 miseri-
2084 825 2140 872 et
2163 815 2327 871 animi
2348 815 2703 886 conceptione
2723 825 2779 871 et
2799 816 3096 887 corporalis
3121 813 3533 885 sensusjudicio
3555 814 3677 872 luce

397 911 581 966 cordia
611 924 741 983 erga
762 909 991 967 salutem
1016 911 1283 967 humanae
1312 920 1574 973 naturae.
1618 906 1845 977 Semper
1883 903 1990 959 ita-
2082 906 2287 962 clarius
2338 904 2668 977 patefactum
2699 914 2830 970 est,
2872 906 3180 966 caelestem
3242 905 3678 977 astrigeramque
3732 976 3745 983 ν

399 1014 505 1070 que
533 998 970 1056 talisterubim
1023 998 1413 1069 llammeusquo
1460 996 1671 1070 gladius
1715 992 1988 1051 versatilis

400 1100 526 1147 ante
548 1089 735 1146 oculos
761 1090 975 1146 animae
1002 1100 1239 1154 nostrae.
1270 1090 1497 1145 rationis
1529 1088 1652 1144 dico
1687 1096 1742 1142 et
1771 1085 1985 1142 intelle-

405 1172 540 1246 rtus,
568 1166 903 1237 collocatur.
935 1181 1076 1250 Quid
1117 1181 1227 1237 ita?
1274 1182 1354 1237 Ad
1400 1179 1795 1236 custodiendam
1848 1179 1985 1233 vium

400 1272 532 1344 ligni
557 1271 724 1339 titae,
749 1272 854 1329 hoc
904 1279 1016 1337 est,
1049 1287 1117 1328 ne
1157 1273 1302 1327 viam
1354 1272 1485 1343 ligni
1545 1272 1687 1327 vitae
1722 1269 1986 1325 oblivioni

403 1360 701 1427 tradamus,
730 1362 827 1416 sed
863 1376 1078 1433 semper
1101 1363 1420 1418 memoriam
1453 1362 1620 1432 ipsius
1658 1362 1792 1435 ligni
1838 1362 1988 1417 viae-

401 1464 526 1522 que,
556 1466 660 1521 qua
686 1452 793 1507 itur
813 1452 881 1508 ad
910 1452 1064 1518 illud,
1096 1461 1223 1509 ante
1250 1454 1439 1509 oculos
1464 1454 1647 1511 cordis
1687 1454 1859 1509 nostri
1898 1454 1986 1508 in-

402 1543 713 1599 desinenter
755 1545 1073 1600 habeamus.
1116 1545 1185 1600 Et
1218 1561 1287 1601 ne
1348 1546 1585 1613 mireris,
1621 1562 1709 1603 me
1749 1546 1989 1620 singula-

402 1631 537 1686 riter
568 1630 879 1688 Cherubin).
914 1634 1225 1704 protulisse,
1253 1651 1375 1691 cum
1406 1636 1598 1693 beatus
1630 1636 1988 1709 Hieronymus

2085 997 2372 1066 sphaeram
2414 1012 2631 1069 semper
2679 998 2969 1055 volubilem
3023 1000 3092 1055 ad
3148 1000 3383 1057 eundem
3433 997 3677 1056 locorum

2056 1087 2250 1157 Vsitum
2291 1086 2345 1142 in
2393 1087 2585 1159 viginti
2637 1098 2896 1159 quattuor
2920 1090 3177 1157 horarum
3225 1091 3402 1161 spatio
3446 1090 3674 1146 redire:

2084 1175 2257 1231 solem
2320 1176 2571 1233 similiter
2622 1180 2690 1234 ad
2758 1178 2897 1234 idem
2950 1188 3208 1250 punctum
3264 1178 3677 1249 aequinoctialis

2086 1266 2362 1333 diametri,
2390 1276 2613 1337 peracto
2634 1270 3010 1339 quadriennio,
3033 1270 3224 1325 eodem
3264 1272 3523 1341 temporis
3566 1287 3680 1325 mu-

2086 1366 2295 1423 mento,
2313 1359 2366 1413 in
2396 1367 2520 1414 ortu
2551 1359 2695 1427 dico,
2736 1360 3018 1430 pervenire
3060 1378 3075 1415 :
3114 1360 3296 1415 lunam
3348 1376 3561 1432 quoque
3603 1360 3675 1419 ad

2078 1449 2551 1509 eundemlocum
2603 1452 2882 1527 signiferi,
2934 1470 3041 1525 quo
3096 1470 3324 1511 accensa
3381 1464 3485 1523 est,
3516 1455 3676 1527 paulo

2087 1536 2372 1610 plusquam
2442 1541 2634 1612 viginti
2692 1553 2897 1612 septem
2928 1528 3171 1600 'dierum
3224 1552 3288 1600 et
3340 1555 3462 1601 octo
3516 1535 3690 1601 liora?

2092 1643 2212 1684 rum
2265 1628 2549 1686 intervallo
2588 1630 2903 1688 recurrere.
2956 1633 3039 1689 De
3079 1633 3251 1689 reditu
3312 1645 3492 1690 autem
3543 1637 3701 1690 alia;

401 1731 457 1776 et
483 1721 706 1792 pluralis
732 1724 951 1780 numeri
966 1732 1018 1780 et
1046 1718 1326 1781 masculini
1355 1720 1573 1798 generis
1606 1728 1736 1784 talia
1764 1728 1982 1784 nomina
2013 1718 2060 1779 B
2090 1736 2209 1777 rum
2247 1720 2610 1792 planetarum,
2634 1723 2759 1793 quia
2782 1724 2828 1767 ι’
2856 1724 3108 1780 omnibus
3132 1724 3457 1797 astrologiae
3488 1728 3680 1796 peritis

405 1815 457 1868 in
488 1814 561 1869 im
578 1815 891 1872 desinentia
918 1817 1060 1890 apud
1087 1817 1363 1876 Hebraeos
1383 1821 1766 1891 pronuntiarit.
1818 1821 1985 1877 Secu‘

406 1916 493 1962 tus
519 1920 751 1978 namque
788 1923 910 1963 sum
952 1917 1199 1964 sanctum
1241 1911 1553 1983 Dionysium
1575 1912 1983 1984 Areopagitam,

374 1984 749 2069 'singulariter
775 2000 939 2055 etiam
978 2002 1000 2032 '
1043 1999 1329 2071 Seraphin:
1378 2011 1433 2058 et
1474 2003 1768 2060 Cherubim
1814 2006 1989 2059 nomi-

406 2098 644 2155 nantem,
670 2091 993 2167 praesertim
1025 2107 1149 2148 cum
1175 2103 1230 2147 et
1261 2092 1629 2151 Hebraeorum
1663 2103 1717 2154 et
1750 2095 1989 2153 Graeco-

405 2195 524 2234 rum
548 2196 680 2237 usus
702 2181 795 2248 sit,
810 2183 1116 2255 singularia
1149 2194 1204 2239 et
1242 2184 1469 2256 pluralia
1506 2202 1606 2263 pro
1648 2203 1708 2243 se
1753 2188 1986 2245 invicem

403 2285 627 2340 ponere.
651 2270 756 2327 Sed
784 2288 925 2344 quae
952 2283 1036 2330 est
1070 2274 1160 2330 illa
1195 2278 1301 2341 via,
1350 2293 1489 2347 quae
1517 2278 1666 2334 ducit
1688 2278 1756 2343 ad
1781 2278 1985 2350 lignum

404 2360 585 2416 vitae?
612 2360 680 2417 Et
715 2362 844 2432 quid
886 2372 909 2406 ι
939 2372 1024 2419 est
1060 2365 1189 2422 illud
1226 2366 1455 2439 lignum,
1477 2369 1543 2424 ad
1581 2371 1726 2440 quod
1754 2370 1902 2426 ducit
1926 2369 1989 2426 ‘1’

405 2452 597 2509 Nonne
625 2454 765 2508 idem
796 2454 910 2525 ipse
933 2453 1102 2511 Filius
1126 2442 1243 2523 Dei,
1266 2458 1358 2528 qui
1395 2459 1462 2515 de
1489 2460 1669 2531 seipso
1706 2459 1947 2532 loquitur
1971 2479 1985 2516 :

407 2546 523 2617 Ego
549 2564 666 2602 sum
692 2548 798 2615 ria,
823 2559 869 2604 et
888 2548 910 2580 '
935 2550 1147 2617 veritas,
1165 2560 1212 2605 et
1230 2552 1371 2606 rita?
1398 2551 1549 2620 Quod
1578 2563 1757 2608 autem
1773 2554 1887 2630 ipse
1918 2552 1991 2609 sit

408 2635 614 2709 lignum
641 2637 807 2703 vitae,
832 2639 1018 2698 multis
1042 2640 1254 2696 divinae
1294 2641 1605 2714 Scripturae
1635 2644 1657 2675 ⁸
1683 2627 1816 2702 locis
1837 2627 2017 2707 com?

407 2729 616 2801 peritur
642 2730 663 2762 ¹
691 2730 1065 2800 apertissime,
1096 2732 1173 2789 ita
1208 2744 1268 2790 ut
1304 2735 1452 2793 nullo
1479 2735 1717 2810 indigeat
1754 2738 1992 2797 testim0-

408 2819 519 2875 uio.
542 2818 909 2892 Multipliciler
926 2825 1110 2896 itaque
1132 2827 1186 2888 in
1219 2828 1320 2882 hoc
1349 2811 1714 2886 loco'sauctae
1741 2831 1993 2901 Scriptu-

406 2926 504 2969 rae
532 2914 627 2970 Dei
668 2915 832 2971 Verbi
876 2917 1170 2989 symbolic'a
1218 2908 1440 2977 nomina
1476 2936 1800 2997 exaggerata
1841 2933 1990 2986 sunt.

407 3001 545 3069 Nam
578 3014 634 3060 et
654 3003 967 3075 Cberubim,
999 3016 1053 3065 et
1082 3003 1361 3068 flammeus
1388 3012 1597 3085 gladius
1626 3017 1915 3084 versatilis,
1936 3027 1994 3074 et

2087 1809 2432 1871 notissimum
2467 1824 2583 1882 est,
2624 1831 3019 1888 supervacuum
3071 1808 3345 1875 videbitur
3386 1819 3430 1852 “
3476 1819 3675 1875 dicere.

2089 1900 2305 1962 Sufﬁcit
2341 1907 2486 1962 enim
2528 1908 2755 1963 duorum
2807 1908 3168 1966 maximorum
3215 1910 3399 1967 mundi
3446 1910 3683 1965 lumina~

2090 1993 2231 2049 rium
2261 1995 2537 2052 naturales
2557 1994 2702 2066 leges
2724 1997 2768 2029 ¹⁵
2788 2005 2844 2053 et
2863 1997 3224 2056 revelationes
3240 2000 3307 2056 ad
3329 2030 3345 2051 ι
3361 2015 3409 2066 .1,
3426 2015 3565 2071 quae
3585 2015 3651 2055 co
3665 2033 3678 2042 -

2087 2100 2283 2141 namur
2310 2101 2557 2143 asserere
2578 2128 2593 2154 ,
2624 2089 2898 2146 suadenda
2924 2091 3191 2161 posuisse.
3221 2091 3374 2156 Luna
3409 2093 3676 2163 siquidem

2089 2177 2157 2233 ad
2188 2177 2450 2248 principia
2477 2193 2669 2238 ettrsus
2699 2180 2783 2237 sui
2825 2197 2969 2239 nono
2995 2191 3051 2238 et
3077 2182 3288 2241 decimo
3311 2184 3357 2218 “
3378 2199 3522 2241 anno
3548 2200 3675 2257 per-

2089 2277 2244 2337 acto,
2280 2268 2363 2326 sol
2410 2285 2540 2327 vero
2581 2270 2771 2340 viginti
2820 2282 2877 2329 et
2916 2282 3041 2331 octo
3086 2274 3131 2310 "
3168 2275 3322 2332 linito
3366 2287 3673 2333 revocatur.

2089 2343 2333 2427 Qui'duo
2354 2351 2567 2418 numeri
2601 2361 2655 2417 in
2688 2376 2749 2419 se
2780 2362 3008 2421 invicem
3051 2363 3388 2436 multiplicati
3417 2367 3470 2421 in
3515 2367 3675 2437 quin-

2089 2463 2281 2526 gentos
2312 2457 2535 2529 triginta
2563 2458 2696 2517 duos
2714 2475 2885 2516 annos
2909 2471 3287 2524 concrescunt.
3315 2462 3524 2531 Quibus
3546 2478 3673 2535 pcr-

2090 2547 2228 2604 aclis
2255 2539 2366 2628 .‘ad
2412 2550 2630 2607 eosdem
2683 2548 2922 2606 locorum
2965 2549 3210 2625 signiferi
3260 2559 3318 2608 et
3374 2560 3674 2624 temporum

2090 2641 2270 2717 magni
2301 2642 2426 2698 anni
2456 2657 2714 2701 numeros
2734 2639 2789 2700 et
2817 2630 2981 2712 situs,
3012 2647 3448 2723 omnemquesui
3488 2663 3683 2704 cursus

2091 2727 2428 2790 harmoniam
2450 2732 2849 2804 pracdictaduo
2873 2734 3234 2805 "luminaria,
3258 2746 3427 2796 totam
3451 2740 3685 2811 pascha-

2092 2822 2161 2879 lis
2182 2838 2382 2881 cursus
2409 2826 2675 2895 rationem
2704 2829 3047 2899 peragenda,
3081 2827 3263 2884 redire
3299 2830 3675 2900 perhibentur.

2092 2909 2234 2982 Quid
2268 2912 2398 2971 aer?
2424 2911 2621 2973 Nonne
2648 2917 2715 2970 ad
2744 2917 2962 2972 easdem
3000 2916 3293 2987 qualitates
3320 2917 3557 2992 frigoris,
3584 2935 3680 2977 seu

2093 3003 2313 3065 caloris.
2341 3018 2437 3060 seu
2467 3005 2873 3075 temperantiae,
2906 3004 3144 3064 deﬁnitis
3166 3018 3450 3065 revocatur
3478 3019 3683 3082 tempo-

408 3097 518 3162 via,
546 3107 603 3153 et
630 3098 834 3170 lignum
865 3100 1008 3157 vitae
1032 3100 1357 3174 appellatur,
1387 3112 1444 3157 ut
1470 3120 1569 3176 per
1590 3107 1693 3163 hoc
1726 3108 1991 3188 intelliga-

2096 3095 2280 3188 ribus‘l
2299 3093 2439 3164 Quid
2463 3096 2645 3153 dicam
2670 3100 2736 3153 de
2762 3095 3017 3155 Oceano?
3037 3097 3230 3155 Nonne
3260 3115 3361 3188 per
3390 3101 3573 3157 omnia
3604 3102 3683 3155 ln-

408 3202 553 3256 mus,
585 3190 728 3258 quod
756 3190 929 3260 ipsum
959 3192 1190 3250 Verbum
1211 3209 1487 3265 nunquam
1535 3198 1716 3254 cordis
1759 3202 1929 3257 n05tri
1964 3201 1989 3236 ⁸

413 3278 692 3335 obtutibus
722 3281 959 3348 recedat,
984 3292 1038 3337 et
1060 3283 1204 3354 quod
1233 3298 1448 3355 semper
1491 3287 1560 3342 ad
1605 3287 1991 3348 illuminandos

409 3383 509 3424 nos
563 3371 1067 3440 praesentissimum
1116 3375 1220 3441 sit,
1272 3385 1327 3431 et
1395 3376 1780 3443 beatitudinis,
1826 3396 1992 3450 quam

406 3463 830 3533 praevaricando
857 3466 1209 3535 perdidimus,
1236 3484 1500 3540 nusquam
1531 3486 1807 3541 nunquam
1831 3472 1852 3504 '
1875 3487 1992 3528 me-

410 3555 638 3611 moriam
665 3558 896 3626 perdere
943 3559 1121 3626 sinit,.
1148 3562 1213 3615 ad
1261 3564 1495 3639 eandem
1536 3552 1753 3636 semper
1808 3564 1995 3621 redire

411 3661 511 3702 nos
538 3646 580 3678 ιο
604 3647 809 3714 volens,
832 3644 1096 3715 et,douec
1123 3650 1177 3704 id
1204 3650 1671 3716 ﬁat,condolendo
1689 3652 1985 3722 suapirans.

409 3752 612 3809 perque
635 3738 899 3796 scientiae
942 3749 998 3795 et
1042 3741 1276 3799 actionis
1324 3743 1598 3814 perfeCtos
1641 3744 1844 3816 gradus
1864 3742 1992 3809 iter,

407 3830 703 3901 quodilluc
741 3829 910 3898 ducit,
942 3846 1167 3903 carpere
1212 3835 1255 3865 ιι
1304 3852 1404 3892 nos
1453 3836 1741 3907 instigans.
1785 3837 1999 3909 Ignem,

331 3928 338 3935 ‘
409 3920 604 3991 inquit,
630 3921 741 3976 veni
765 3922 966 3977 mittere
991 3923 1043 3976 in
1073 3931 1289 3990 terram,
1328 3934 1376 3979 et
1394 3925 1527 3999 quid
1555 3927 1699 3994 nolo,
1728 3930 1832 3985 nisi
1865 3929 1911 3962 “
1937 3941 1993 3986 ut

407 4017 769 4072 accendatur?
816 4015 923 4072 Sed
968 4018 1280 4088 priusquam
1313 4017 1380 4076 de
1417 4022 1533 4092 ipso
1558 4022 1734 4079 reditu
1772 4006 1995 4089 nostrae

411 4116 643 4162 naturae
670 4092 991 4173 tractemus,
1019 4109 1286 4177 quaedam
1315 4125 1382 4164 ex
1407 4112 1751 4169 sensibilibus
1800 4117 1993 4185 proba-

414 4200 624 4254 tissitna
667 4208 1007 4271 argumenta,
1037 4202 1235 4269 quibus
1294 4201 1553 4257 docemur
1615 4204 1995 4262 incunctanter

410 4292 668 4357 credere,
699 4293 873 4362 ipsum
903 4291 1142 4347 futurum
1173 4308 1317 4359 esse,
1351 4291 1612 4349 sumenda
1642 4294 1913 4361 existimo,
1947 4297 1993 4355 si

413 4384 505 4438 tibi
530 4383 762 4438 videtur.

482 4475 536 4529 5.
582 4474 995 4531 Disc.'\’idetur
1042 4474 1222 4546 plane.
1277 4474 1358 4531 Ex
1408 4476 1746 4531 sensibilium
1769 4464 1996 4548 'quippe

413 4568 752 4624 naturalibus
778 4568 1112 4647 argumentis
1139 4568 1206 4622 ad
1255 4582 1445 4637 puram
1495 4568 1856 4638 spiritualium
1908 4585 1998 4623 re-

417 4682 535 4720 rum
589 4659 952 4735 cogititionem
985 4648 1167 4719 'verae
1216 4663 1646 4717 ratiocinationis
1692 4662 1998 4732 progressio

416 4765 590 4825 potest
624 4753 928 4825 pervenire.
959 4752 1099 4808 MAG.
1125 4752 1422 4808 Considera
1464 4751 1674 4820 itaque,
1702 4764 1878 4808 utinm
1910 4754 1996 4809 isti

414 4848 616 4903 loeales
650 4845 1080 4919 temporalesque
1115 4844 1271 4913 hujus
1298 4845 1479 4899 mundi
1512 4846 1739 4902 visibilis
1762 4845 2027 4916 partium‘

416 4948 673 4996 recursus
693 4947 888 4994 vacant
916 4940 1146 5007 quodam
1176 4938 1454 5009 mysterio,
1483 4956 1529 4992 n.-
1552 4954 1670 4993 cue.
1715 4938 1860 4994 [ηερ.
1894 4938 1999 4994 Va-

415 5048 543 5090 care
568 5047 662 5089 eos
692 5032 953 5105 mysterio
975 5044 1088 5086 non
1130 5029 1290 5086 facile
1341 5029 1609 5095 dixerim;
1667 5031 1801 5084 nihil
1852 5035 1998 5088 enim

448 5167 486 5195 1

2090 3176 2280 3243 narem
2310 3189 2827 3258 cursumsequitur,
2859 3197 3117 3267 certaque
3140 3186 3316 3261 spatia
3336 3205 3468 3246 suae
3492 3206 3653 3247 recnr
3668 3222 3682 3231 -

2090 3272 2260 3339 Bionis
2303 3281 2346 3318 ⁸⁸
2396 3282 2677 3346 observat?
2729 3280 2855 3338 Sive
2896 3282 3241 3353 quotidianus
3291 3293 3513 3350 aestus,
3568 3286 3683 3340 sive

2093 3387 2358 3441 recessus,
2373 3373 2488 3430 sive
2500 3373 2745 3443 malinas,
2761 3375 2876 3431 sive
2896 3375 3118 3433 ledones
3141 3376 3185 3413 "
3201 3380 3217 3397 '
3239 3389 3482 3449 peragat,
3505 3394 3567 3431 va
3577 3380 3685 3432 rius

2089 3477 2307 3536 semper
2327 3474 2552 3521 naturae
2570 3472 2860 3541 certosque
2900 3482 3152 3541 recursus
3188 3483 3295 3523 non
3329 3469 3681 3538 practermit~

2050 3629 2055 3635 ἢ
2094 3558 2182 3614 tit.
2207 3555 2348 3626 Quid
2400 3556 2470 3614 de
2504 3540 2695 3615 Nereis
2735 3557 2804 3626 ”,
2834 3559 3172 3641 terrenisque
3196 3557 3244 3594 “
3286 3560 3683 3624 animantibus,

2091 3646 2348 3714 surculis,
2368 3647 2586 3710 herbis?
2606 3647 2744 3703 Nutu
2768 3649 2812 3681 ”
2835 3650 3085 3705 similiter
3106 3666 3203 3705 sua
3236 3659 3474 3721 tempora
3502 3653 3688 3707 obser-
3766 3700 3769 3701 ν

2092 3748 2226 3795 vant
2247 3777 2264 3801 ,
2294 3739 2493 3807 quibus
2527 3739 2583 3793 in
2621 3738 2817 3806 foeuts,
2850 3739 3038 3806 liores,
3083 3739 3231 3807 folia,
3268 3740 3475 3796 fructus
3503 3753 3684 3815 erutu-

2086 3839 2227 3903 pant
2251 3830 2332 3885 “i
2350 3830 2499 3887 Ac“
2521 3830 2841 3903 simpliciter
2880 3831 3164 3889 dicendum
3184 3872 3201 3899 ,
3233 3833 3379 3888 nulla
3419 3848 3683 3905 corporea

2096 3931 2343 3978 creatura
2365 3928 2470 3984 est,
2495 3920 2642 3975 vitali
2675 3931 2826 3977 motu
2851 3930 3120 3993 vegetata,
3150 3936 3290 3993 quae
3313 3938 3419 3979 non
3442 3924 3508 3979 ad
3531 3924 3609 3994 pri
3620 3942 3687 3978 ua

2096 4012 2297 4082 cipium
2344 4020 2523 4069 motus
2572 4012 2658 4067 sui
2702 4008 3208 4085 revertaturJ'Finis
3247 4014 3391 4069 enim
3445 4016 3684 4071 totius“

2096 4112 2275 4160 motus
2303 4112 2386 4160 est
2410 4104 2733 4175 principium
2766 4105 2880 4171 sui;
2914 4096 3024 4162 neu
3048 4106 3195 4162 enim
3224 4105 3334 4163 alio
3367 4102 3475 4162 line
3502 4110 3688 4163 termi-

2098 4207 2277 4261 natur,
2310 4197 2412 4252 nisi
2434 4213 2533 4253 suo
2559 4197 2849 4267 principio,
2886 4213 2915 4252 a
2942 4212 3050 4267 quo
3068 4198 3262 4269 incipit
3280 4199 3505 4264 moveri,
3540 4207 3595 4254 et
3615 4202 3684 4255 ad

2098 4280 2241 4360 quod
2270 4289 2444 4345 redire
2470 4303 2688 4359 semper
2712 4290 2936 4360 appetit,
2970 4300 3030 4344 ut
3065 4290 3119 4344 in
3142 4304 3215 4346 eo
3258 4290 3473 4347 desinat
3517 4298 3684 4362 atque

2098 4386 2361 4458 quiescat.
2388 4385 2457 4440 Et
2480 4399 2586 4439 non
2620 4383 2793 4441 solum
2823 4386 2889 4441 de
2912 4384 3155 4455 partibus
3181 4384 3453 4441 sensibilis
3474 4386 3680 4448 mundi,

2021 4461 2074 4520 D
2099 4494 2287 4534 verum
2310 4477 2474 4532 etiam
2504 4476 2571 4531 de
2595 4476 2711 4546 ipso
2733 4484 2848 4532 toto
2873 4476 2925 4531 id
2952 4475 3128 4547 ipsum
3152 4474 3556 4546 intelligendum
3577 4488 3683 4532 est.

2102 4569 2254 4626 Finis
2288 4570 2433 4625 enim
2465 4568 2635 4639 ipsius
2660 4566 2981 4638 principium
3010 4582 3170 4623 suum
3198 4575 3311 4633 est,
3350 4569 3493 4637 quod
3508 4584 3685 4638 appe-

2104 4664 2189 4729 tit,
2215 4671 2270 4717 et
2293 4668 2638 4738 quorcperto
2663 4661 2921 4726 cessabit,
2956 4675 3063 4715 non
3090 4668 3150 4714 ut
3178 4658 3477 4715 substantia
3515 4661 3685 4731 ipsius

2104 4767 2309 4829 pereat,
2337 4755 2430 4809 sed
2462 4764 2519 4808 ut
2542 4754 2595 4808 in
2629 4768 2758 4808 snas
2786 4754 3022 4810 lationes
3044 4794 3059 4817 ,
3090 4769 3155 4808 ex
3191 4753 3388 4824 quibus
3412 4753 3687 4822 prnfecms

2104 4858 2207 4912 est,
2257 4857 2559 4903 revertatur
2599 4846 2666 4899 ³⁸.
2713 4846 2973 4901 Praeterit
3016 4847 3185 4911 enim,
3232 4845 3309 4901 ait
3354 4847 3645 4922 Apostolus
3672 4890 3686 4911 ,

2104 4942 2275 5011 figura
2319 4941 2481 4995 huius
2520 4939 2726 4993 mundi.
2760 4938 2933 5007 Quam
2978 4940 3327 5009 apostolicam
3363 4947 3688 4996 sententiam
3726 4982 3737 4991 .

2106 5042 2330 5091 sanctus
2359 5031 2518 5086 line:-
2545 5031 2875 5101 Augnstinus
2906 5031 3142 5099 breviter
3160 5031 3431 5103 exposuit,
3458 5031 3641 5086 (lil‘t'iU
3674 5054 3685 5087 :

1706 5186 1790 5242 VA
1803 5185 1960 5241 [ΗΔΕ
2001 5181 2401 5241 [ΕΕΤΙΟΝΕΞ.

492 5304 511 5337 ⁸
569 5300 654 5358 CF
694 5301 783 5355 sit.
858 5301 881 5332 ’⁸
935 5298 1090 5353 etiam
1132 5286 1351 5353 om.A.i
1406 5298 1494 5351 ’A
1519 5298 1680 5368 quod.
1778 5297 1798 5327 ³⁵
1826 5299 1916 5351 Sic
1942 5297 2056 5359 CF;
2088 5301 2144 5351 'A
2181 5296 2412 5368 ducitur.

1617 5368 1637 5398 ⁹
1664 5385 1926 5439 nunquam
1956 5384 2061 5421 om.
2093 5370 2154 5422 Α.

386 5484 401 5495 .
427 5445 470 5483 υ
490 5444 529 5500 Α
558 5445 631 5499 ηἰ.
707 5441 751 5474 ¹⁸
775 5439 866 5495 Sic
888 5439 1002 5498 (Ἐς
1038 5444 1077 5493 Α
1110 5442 1270 5509 quod.
1348 5439 1392 5472 “
1420 5440 1464 5494 A
1507 5442 1943 5510 supet‘lttaneum
1973 5449 2044 5491 est
2092 5439 2292 5491 dicere.

421 5374 444 5408 τ
468 5373 553 5435 CF
579 5381 935 5439 comparptur.
1007 5368 1035 5405 ⁸
1054 5368 1137 5425 CF
1161 5370 1324 5423 nostri
1350 5370 1541 5422 cordis.

427 5532 563 5575 mmo
583 5528 630 5570 et
665 5529 756 5577 x0;
791 5512 829 5566 Ρ
853 5526 990 5565 vnn“
1011 5524 1055 5562 et
1085 5521 1159 5563 δι’.

428 5599 680 5640 ιὐηιοηιδ
710 5599 856 5637 suae.

430 5654 480 5689 υ
501 5653 591 5709 Sic
614 5653 767 5711 ACF‘.

741 5733 1013 5796 PArROL.
1057 5740 1298 5805 CXXII.

1240 5513 1279 5543 ’τ
1306 5513 1347 5566 Λ
1392 5499 1579 5564 [eritne
1611 5521 1826 5572 ormvo;
1859 5510 1897 5561 (Ζ
1927 5525 2002 5561 xw

2073 5527 2078 5560 i
2116 5523 2267 5567 Vill";
2296 5503 2332 5558 Ρ
2362 5520 2454 5572 xx“
2482 5513 2528 5555 Pl
2563 5499 2697 5558 im”.
2765 5499 2820 5566 ,³9
2850 5509 2899 5557 Α
2931 5506 3033 5558 duo
3069 5505 3358 5570 praediciti.

938 5584 976 5612 ⁸³
997 5588 1009 5600 ’
1043 5581 1133 5635 Sic
1158 5581 1272 5642 CF;
1305 5582 1343 5634 l.
1373 5582 1491 5635 siVe
1515 5582 1800 5637 Matutino:
1827 5583 1939 5643 sive
1965 5577 2258 5640 serotinos?
2290 5618 2301 5631 η
2328 5580 2375 5606 ¹·⁹
2408 5571 2500 5628 Sic
2515 5572 2652 5643 ~_(flt‘;
2693 5576 2730 5627 Α
2771 5577 2930 5635 aeris.

863 5651 907 5682 "
940 5652 1027 5707 S’c
1051 5651 1172 5715 tll‘;
1209 5655 1247 5704 Α
1283 5652 1584 5716 erumpit/tl.
1657 5646 1705 5684 ³⁴
1738 5649 1871 5705 ΑΕΙ.
1930 5651 1997 5684 ’³³
2035 5650 2188 5703 .otius
2214 5661 2321 5703 om.

2538 5294 2558 5324 ³
2589 5302 2636 5348 et
2675 5310 2784 5347 out.
2823 5292 2909 5347 Α(

2236 5366 2280 5396 ¹⁰
2298 5364 2386 5418 Sic
2408 5362 2493 5437 li!J
2511 5381 2535 5437 ;_
2557 5364 2597 5416 Α
2626 5380 2717 5416 nos
2742 5365 2927 5437 redire.
3008 5430 3017 5437 ι

2373 5435 2485 5486 ¹⁸¹Α
2502 5434 2652 5501 leges
2690 5434 2971 5501 naturales.

2998 5293 3019 5322 ⁸
3054 5292 3099 5345 A
3128 5292 3421 5361 scripturae
3461 5296 3687 5351 diuinae.

3030 5363 3049 5427 ξ
3076 5360 3166 5417 Sic
3184 5360 3300 5423 Cl“;
3326 5366 3371 5417 Α.
3394 5377 3684 5432 carpentes.

3075 5432 3122 5466 “
3147 5435 3189 5487 A
3223 5434 3425 5487 decimo
3467 5452 3623 5491 nono.
3653 5441 3693 5495 C

3441 5506 3480 5535 ὐ
3517 5508 3556 5557 Α
3606 5524 3690 5559 τρν

3030 5577 3072 5607 ⁸⁸
3109 5576 3198 5629 Sic
3221 5574 3345 5641 Cl";
3378 5575 3419 5627 Α
3448 5577 3688 5630 terrenis.

2496 5640 2541 5694 4"
2561 5643 2611 5697 Α
2636 5655 2874 5711 revertar.

3259 5737 3337 5796 28
