4260 6082
579 237 683 305 871

2017 239 2303 300 JOANNIS
2342 239 2546 301 SCOTI

3757 216 3879 310 2‘22

583 350 742 407 mittit
778 358 825 404 et
854 347 1076 404 attrahit
1107 357 1248 402 mota
1270 389 1283 413 ,
1314 347 1534 420 proinde
1573 360 1625 403 ut
1646 348 1792 419 ﬁnis
1837 358 1886 404 et
1929 350 2066 419 ﬁnit.
2113 351 2178 409 Si
2206 370 2254 418 Α
2280 352 2367 411 vel
2404 354 2543 412 lucis
2577 355 2748 427 ipsius
2783 370 3002 415 occasu.
3048 360 3267 419 Sauitas
3293 376 3401 421 non
3427 362 3550 422 loco
3574 346 3871 436 deseritur,

583 454 758 499 autem
789 455 975 502 omne,
1008 438 1149 511 quod
1177 449 1431 504 moretur,
1462 451 1540 495 est
1581 451 1629 495 et
1677 440 1905 510 factum,
1935 458 2029 513 per
2056 460 2181 497 cau-
2220 447 2229 458 '

580 550 696 588 eam
730 541 837 597 est,
870 541 919 585 et
943 539 1210 595 moretur,
1240 540 1289 585 et
1320 529 1520 599 factum
1545 541 1621 585 est
1637 524 1873 597 fomne,
1903 531 2044 602 quod
2073 550 2179 587 non

575 639 669 693 per
706 636 923 676 causam
963 631 1081 686 est,
1136 637 1301 694 neque
1346 620 1546 691 factum
1593 632 1669 677 est
1693 664 1707 688 ,
1746 638 1911 694 neque
1943 623 2179 695 profecto

575 712 791 768 mobile.
829 709 956 767 Non
989 711 1130 766 enim
1168 723 1423 779 movetur,
1463 713 1605 785 quod
1648 728 1742 784 per
1768 716 1947 770 omnia
1978 718 2033 770 in
2065 734 2181 772 om.

576 802 735 858 nibus
783 801 991 856 essendi
1037 814 1258 855 causam
1304 818 1408 856 non
1448 802 1647 861 habet:
1693 803 1741 857 si
1785 813 1996 871 autem,
2035 805 2179 876 quod

558 906 724 953 .caret
753 911 954 961 causa,
986 895 1198 949 omnino
1242 894 1402 950 etiam
1442 893 1741 963 immobile,
1768 896 2046 971 immobile
2079 898 2181 969 igi-

554 972 669 1042 Etur
694 987 981 1052 divinum;
1011 984 1219 1040 essendi
1250 987 1449 1057 quippe
1490 984 1693 1040 nullam
1733 986 1888 1041 habet
1925 1003 2175 1055 causam,

573 1089 626 1137 et
655 1078 914 1145 omnium,
942 1092 1077 1148 quae
1105 1086 1249 1143 sunt,
1278 1076 1513 1132 subsistit
1535 1093 1724 1133 causa.
1748 1078 2136 1135 Animadverte
2159 1119 2176 1147 ,

579 1169 851 1242 quomodo
880 1183 1103 1224 causam
1134 1168 1379 1224 omnium
1412 1182 1593 1243 rerum
1625 1177 1681 1225 et
1708 1169 1875 1227 linem
1905 1171 1961 1227 id
1998 1168 2178 1244 ipsum

572 1262 700 1321 tisse
758 1259 1169 1317 evidentissima
1231 1259 1492 1329 disputat.
1557 1264 1706 1317 Disc.
1763 1262 2174 1320 Animadverte.

577 1350 687 1407 Sed
741 1350 873 1421 quid
922 1349 992 1407 ad
1040 1358 1383 1420 praesentem
1433 1354 1810 1421 quaestionem
1861 1352 2173 1423 pertineat,

501 1450 508 1458 '
576 1460 684 1500 non
716 1441 978 1515 intelligo.
1011 1439 1129 1498 Non
1158 1441 1307 1498 enim
1338 1441 1406 1498 de
1436 1442 1579 1507 Deo,
1613 1443 1703 1513 qui
1732 1450 1817 1501 est
1844 1444 2175 1515 principium
2232 1440 2247 1450 ’

577 1544 633 1591 et
660 1535 1091 1601 liuisomnium,
1124 1533 1386 1605 quoniam
1413 1547 1482 1591 ex
1524 1535 1675 1605 ipso,
1721 1544 1777 1591 et
1817 1550 1917 1608 per
1965 1535 2171 1611 ipsum,

576 1638 630 1684 et
662 1630 715 1685 in
744 1628 898 1699 ipso,
932 1635 989 1683 et
1016 1628 1087 1683 ad
1125 1626 1303 1697 ipsum
1334 1634 1466 1683 sunt
1501 1626 1719 1691 omnia,
1759 1626 1959 1684 videris
1997 1617 2177 1684 discu-

2284 446 2383 502 sed
2430 446 2635 504 dolore.
2698 448 2961 507 Similiter
3015 452 3161 520 vita,
3207 453 3514 523 beatitudo,
3564 456 3875 527 sapientia,

2282 549 2582 607 omnesque
2628 538 2863 597 virtutes
2910 556 3018 598 non
3065 544 3226 600 aliter
3271 532 3652 617 relinquuntur
3695 548 3800 605 nisi
3827 549 3872 584 ¹⁹

2282 628 2398 685 suis
2426 622 2858 702 privationibus,
2898 644 3081 693 morte
3122 638 3361 706 scilicet,
3403 640 3654 708 miseria,
3693 642 3850 699 stulti

2283 719 2390 785 tia,
2419 721 2697 793 vitiisque.
2726 722 2795 779 Et
2821 725 2963 783 sicut
2996 728 3141 785 cutis
3168 728 3392 786 humani
3421 733 3666 804 corporis
3692 734 3876 807 leprae

2281 812 2604 882 contagione
2645 813 3110 889 deformitateque
3149 822 3473 891 percutitur,
3514 823 3595 879 sic
3634 824 3874 881 humana

2279 896 2476 955 natura
2503 902 2736 973 superba
2768 905 3139 964 inobedientia
3166 909 3367 967 inlecta
3395 920 3451 968 et
3475 916 3727 987 corrupta
3753 926 3837 971 est
3856 958 3871 978 ,

2279 991 2677 1067 deiormisque,
2722 1006 2780 1053 et
2817 1000 3090 1057 conditori
3131 1017 3232 1058 suo
3267 1002 3550 1062 dissimilis
3584 1004 3755 1069 neu.
3791 1008 3874 1064 De

2278 1097 2388 1153 qua
2435 1083 2584 1163 lepra
2631 1102 2758 1142 cum
2807 1089 3025 1146 divinae
3071 1092 3282 1163 gratiae
3326 1095 3593 1151 medicina
3644 1096 3873 1156 liberata

2278 1172 2443 1229 luerit
2461 1216 2476 1243 ,
2509 1176 2564 1230 in
2592 1178 2883 1248 pristinam
2912 1183 3264 1241 revocabitur
3288 1183 3680 1245 formositatem
3708 1205 3873 1246 tnta-

2276 1266 2469 1338 gisque
2496 1268 2817 1337 dicendum,
2848 1272 2993 1344 quod
3023 1274 3138 1346 ipsa
3168 1284 3393 1342 natura,
3429 1292 3572 1347 quae
3620 1279 3691 1334 ad
3731 1281 3870 1336 ima«

2277 1359 2459 1432 ginem
2485 1360 2582 1418 Dei
2608 1360 2749 1419 facta
2774 1373 2859 1422 cst
2875 1406 2890 1433 ,
2915 1381 3048 1425 suae
3071 1367 3493 1439 pulchritudinis
3518 1371 3759 1442 vigorem
3784 1372 3869 1427 in—

2278 1453 2700 1526 tegritatemque
2730 1458 3005 1515 cssentiae
3033 1474 3375 1532 nequaquam
3411 1461 3670 1533 perdidit,
3695 1451 3873 1535 ireque

2273 1544 2504 1616 perdere
2545 1554 2746 1616 potest.
2794 1547 2985 1605 Divina
3028 1550 3304 1622 siquidem
3337 1551 3515 1609 forma
3545 1569 3761 1630 semper
3790 1557 3873 1611 in-

2276 1634 2676 1691 commutabilis
2721 1648 3039 1708 permanet,
3089 1655 3263 1711 caan
3316 1650 3498 1699 tamen
3547 1645 3873 1717 corruptibi-

577 1732 724 1789 tere,
756 1719 853 1793 sed
882 1719 950 1775 de
979 1718 1264 1790 principiis
1292 1719 1632 1775 sensibilium
1673 1734 1855 1776 rerum
1895 1728 2168 1792 tempora-
2200 1725 2252 1789 Β
2277 1724 2409 1781 lium
2453 1740 2631 1798 poena
2679 1730 2889 1799 peccati
2945 1731 3089 1788 facta
3113 1740 3217 1788 est.
3247 1733 3401 1802 Quod
3428 1750 3495 1792 ex
3516 1736 3699 1794 verbis
3726 1733 3873 1793 beati

561 1809 755 1879 'tibus,
805 1812 924 1869 sive
969 1826 1069 1884 per
1117 1812 1520 1883 generationis,
1575 1810 1694 1868 sive
1733 1826 1834 1884 per
1880 1812 2173 1871 localitatis

574 1916 816 1973 motum,
876 1904 1051 1976 deque
1107 1902 1542 1976 contemplativis
1619 1902 2035 1976 intelligibiliutn
2091 1904 2175 1960 in-

578 1997 947 2062 choamentis,
998 2013 1141 2070 quae
1187 1998 1371 2054 animo
1418 1997 1768 2071 percipimus.
1808 1998 1893 2057 Ac
1937 1988 2037 2078 per
2069 1999 2175 2057 hoc

542 2108 839 2163 quorsum
894 2091 1136 2160 istaec‘,
1165 2106 1309 2162 quae
1360 2105 1392 2147 a
1442 2099 1496 2146 te
1539 2092 1685 2148 dicta
1734 2099 1897 2161 sunt,
1945 2092 2015 2149 de
2060 2092 2174 2152 Deo

572 2186 821 2256 exempla
838 2185 1109 2249 tendant,
1139 2185 1381 2241 nondum
1414 2185 1547 2241 mihi
1577 2184 1723 2243 clare
1750 2185 2007 2259 patescit.

642 2278 701 2334 6.
739 2276 880 2334 Mss.
912 2276 1101 2344 Miror,
1130 2292 1229 2334 cur
1259 2285 1445 2333 tantae
1477 2276 1745 2334 tarditatis
1768 2279 1866 2355 sis,
1896 2287 1988 2347 ut,
2009 2294 2174 2350 quor-

570 2385 693 2427 sum
745 2368 873 2426 talia
928 2369 1190 2436 tendunt,
1251 2383 1361 2425 non
1412 2368 1557 2424 clare
1611 2362 1932 2442 perspicias.
1978 2359 2171 2427 Num"

571 2462 759 2518 omnia
803 2470 1157 2535 argumenta,
1198 2477 1337 2533 quae
1374 2476 1441 2519 ex
1490 2470 1688 2517 natura
1736 2460 2071 2518 sensibilium
2117 2469 2175 2519 et

569 2554 994 2628 intelligibilium
1022 2554 1456 2633 introduximus,
1485 2554 1553 2609 ad
1596 2555 1702 2611 hoc
1742 2554 2063 2627 respiciunt,
2088 2563 2169 2624 ut,

570 2646 1033 2720 quemadmodum
1057 2646 1479 2719 unumquodque
1511 2646 1582 2703 ad
1624 2662 1781 2704 suum
1808 2647 2134 2719 principium
2153 2688 2170 2715 ,

459 2769 471 2780 -
570 2741 687 2798 sive
717 2738 999 2806 sensibile,
1041 2739 1156 2796 sive
1182 2738 1553 2817 intelligibile,
1600 2739 1924 2797 naturaliter
1960 2740 2174 2812 cogitur

574 2833 757 2893 redire
775 2874 790 2901 ,
822 2834 896 2889 ita
921 2832 1088 2887 etiam
1115 2833 1410 2888 humanam
1437 2842 1694 2889 naturam
1733 2832 1804 2889 ad
1832 2848 1988 2890 suum
2015 2835 2170 2904 prin—

571 2927 812 3001 cipium,
846 2926 993 2997 quod
1030 2912 1170 2982 nihil
1207 2923 1352 2981 aliud
1387 2935 1472 2981 est
1508 2933 1728 2998 praeter
1762 2926 1859 2984 Dei
1897 2922 2169 2998 verbum,

568 3020 628 3075 in
655 3033 766 3091 quo
790 3026 847 3075 et
880 3017 1025 3073 facta
1059 3023 1148 3074 est
1180 3024 1239 3073 et
1271 3016 1795 3075 incommutabiliter
1827 3018 2079 3078 subsistit
2112 3028 2171 3075 et

567 3110 734 3175 vivit,
786 3121 1133 3165 reversurum
1182 3120 1304 3163 esse
1351 3107 1734 3183 incunctanter
1772 3108 2061 3167 credamus
2111 3107 2168 3179 ³,

572 3199 1002 3271 certissimisque
1061 3212 1246 3268 rerum
1312 3199 1876 3272 argumentationibus
1929 3201 2170 3259 roborsti

569 3291 937 3363 intelligamus
962 3290 1023 3345 ‘i
1054 3289 1114 3345 Si
1142 3290 1287 3347 enim
1317 3292 1557 3349 omnium
1599 3307 1813 3360 rerum,
1841 3306 1981 3366 quae
2001 3291 2167 3362 sunt,

567 3393 623 3438 et
661 3397 807 3455 quae
848 3396 957 3436 non
1007 3389 1415 3445 suntpearum
1459 3380 1614 3448 dico,
1657 3396 1798 3453 quae
1847 3380 2172 3456 corporeis'

569 3475 823 3532 sensibus
869 3474 1151 3543 animique
1186 3470 1739 3543 contemplationibus
1771 3475 2167 3545 succumbunt,

493 3604 497 3609 -
567 3579 885 3638 earumque,
913 3578 1053 3636 quae
1073 3564 1163 3619 et'
1185 3563 1492 3635 corporales
1504 3578 1698 3637 sensus
1712 3566 2017 3638 mentisque
2038 3582 2171 3624 con-

573 3661 768 3716 tuitum
791 3674 921 3731 prae
941 3657 1107 3714 llilllia
1130 3673 1261 3714 suae
1287 3657 1622 3717 substantiae
1652 3667 1710 3715 et
1737 3659 1758 3693 '
1788 3660 2086 3716 subtilitate
2114 3670 2171 3716 et

556 3750 860 3808 altitudine
902 3748 1152 3822 fugiunt,
1194 3749 1349 3806 Deus'
1377 3749 1702 3822 principium
1739 3758 1853 3818 est,
1894 3759 1951 3807 et
1990 3750 2168 3823 ipsum

570 3830 864 3915 appetunt,
895 3848 951 3896 et
975 3840 1248 3911 appetitus
1273 3854 1463 3896 earum
1488 3838 1639 3899 nulla
1666 3841 1909 3907 ratione,
1942 3856 2012 3899 ne
2040 3841 2170 3899 illuc

573 3934 890 4008 perveniat,
922 3933 1282 4004 prohibetur:
1314 3931 1445 4005 quid
1475 3932 1704 4001 mirum,
1734 3934 1781 3989 si
1824 3934 1893 3990 de
1926 3934 2168 3990 humana

570 4034 803 4091 natura,
836 4039 976 4095 quae
1016 4022 1328 4095 specialiter
1371 4023 1442 4080 ad
1483 4023 1778 4098 imaginem
1821 4030 1877 4081 et
1916 4022 2169 4081 similitu-

574 4098 760 4172 dinem
799 4116 961 4172 uuius
1002 4122 1058 4170 et
1095 4114 1401 4171 communis
1447 4102 1694 4172 omnium
1737 4116 1992 4189 principii
2021 4115 2168 4176 facta

572 4219 690 4277 est,
720 4217 775 4265 et
801 4207 1063 4266 credatur
1092 4218 1147 4264 ct
1173 4207 1531 4281 intelligatur,
1559 4210 1702 4280 quod
1730 4208 1859 4266 illuc
1883 4214 2168 4266 r‘eversura

570 4301 674 4367 sit,
701 4300 842 4356 unde
875 4299 1119 4371 profecta
1157 4308 1273 4365 est,
1302 4301 1628 4372 praesertim
1659 4316 1781 4365 cum
1809 4316 1917 4356 non
1943 4301 2017 4357 ita
2042 4301 2167 4357 inde
2200 4359 2216 4373 ,

568 4390 812 4465 proiecta
854 4391 925 4447 sit
951 4391 995 4457 ⁸,
1023 4398 1084 4447 ιιι
1109 4391 1333 4447 omnim
1353 4386 1681 4464 principium
1710 4390 1795 4446 sui
1822 4389 2163 4457 deseruerit;

2274 1815 2524 1889 Gregorii
2569 1816 2793 1893 Nyssaei
2844 1836 3134 1895 pessumus
3177 1825 3500 1897 approbare.
3527 1828 3618 1891 Ait
3639 1828 3783 1885 enim
3814 1829 3869 1885 in

2276 1905 2516 1978 capitulo
2542 1907 2802 1971 vicesimo
2836 1919 2890 1966 et
2912 1911 2957 1944 “
2982 1913 3213 1983 septimo
3231 1915 3302 1999 de
3338 1914 3604 1987 imagine,
3628 1926 3871 1974 tractans

2274 1999 2342 2058 de
2359 2003 2788 2060 resurrectione:
2808 2003 2862 2060 Ν
2866 2018 3017 2063 onest
3034 2009 3357 2077 incredibile,
3374 2009 3601 2080 inquit"
3617 2050 3634 2079 ,
3651 2025 3716 2068 ea:
3728 2027 3872 2066 com.

2232 2162 2235 2163 7
2274 2092 2520 2148 munione
2539 2103 2793 2164 quattuor
2818 2096 3140 2167 generalium
3178 2097 3548 2156 elementorum
3587 2101 3773 2156 mundi
3798 2102 3870 2155 ad

2271 2182 2544 2253 proprium
2572 2191 2768 2239 statum
2800 2194 3025 2242 naturae
3048 2187 3114 2243 de
3145 2203 3358 2259 ccrpore
3386 2187 3587 2244 occulto
3614 2199 3661 2244 et
3695 2190 3870 2244 incor-

2272 2273 2529 2344 ruptibili,
2558 2275 2699 2348 quod
2734 2287 2964 2349 resurget
2996 2276 3062 2346 l‘,
3099 2278 3489 2347 resolutionem,
3524 2279 3626 2334 hoc
3652 2292 3751 2341 est,
3783 2295 3869 2333 re-

2273 2368 2445 2442 ditum
2480 2373 2867 2444 resurgentium
2913 2390 3191 2445 corporum
3234 2373 3371 2440 ﬁcri.
3402 2374 3548 2431 'Non
3590 2377 3728 2431 enim
3763 2394 3872 2447 ,per
3946 2407 3957 2416 -

2271 2459 2472 2526 omnia,
2503 2462 2642 2532 quod
2670 2473 2909 2518 nostrum
2945 2471 3043 2532 est,
3082 2466 3137 2520 in
3158 2466 3311 2536 [luxu
3338 2474 3387 2521 et
3420 2471 3867 2523 transmutatione

2271 2558 2367 2606 est.
2417 2547 2478 2605 Si
2523 2536 2664 2607 enim
2705 2562 2859 2621 esset,
2899 2554 3298 2626 reprelteusibilé
3326 2555 3373 2588 ¹⁸
3396 2556 3759 2612 universaliter
3774 2558 3873 2628 ﬁe-

2270 2649 2370 2707 ret,
2398 2642 2539 2713 quod
2557 2642 2760 2699 nullum
2790 2655 2986 2702 statum
3027 2664 3093 2703 ea;
3140 2657 3330 2703 natura
3374 2648 3570 2717 habet;
3595 2650 3686 2705 sed
3706 2649 3870 2720 juxta

2270 2730 2596 2789 subtiliorem
2623 2736 2878 2792 rationem
2902 2753 3108 2806 eorum,
3134 2754 3269 2809 quae
3291 2739 3344 2794 in
3366 2741 3513 2794 nobis
3537 2751 3681 2808 sunt,
3706 2758 3870 2815 quam

2271 2824 2397 2881 dam
2417 2825 2628 2899 quidem
2653 2838 2816 2895 stant,
2843 2828 3105 2901 quaedam
3132 2847 3253 2887 vero
3269 2848 3339 2888 ex
3364 2833 3719 2890 mutabilitate
3745 2852 3871 2907 pro-

2271 2918 2503 2974 veniunt.
2542 2916 2789 2975 Mutatur
2814 2922 2957 2976 enim
2988 2938 3084 2994 per
3114 2933 3453 2994 augmentum
3483 2923 3529 2957 “
3552 2936 3600 2979 et
3634 2926 3871 2981 diminu-

2272 3006 2466 3073 tionem
2492 3022 2705 3079 corpus,
2734 3006 2892 3066 ueluti
2920 3009 3226 3065 vestimenta
3249 3011 3528 3083 quaedam,
3557 3029 3871 3086 consequen-

2197 3087 2243 3153 C
2274 3106 2353 3155 tes
2392 3108 2588 3157 aetates
2616 3100 2884 3157 indutum.
2912 3098 3029 3158 Stat
3062 3119 3184 3158 vero
3211 3120 3303 3175 per
3331 3120 3537 3161 onmem
3567 3110 3867 3165 conuersio-

2272 3208 2388 3250 nem
2417 3194 2459 3229 "
2479 3193 2955 3251 intransmutabilis
2978 3195 3033 3250 in
3060 3211 3117 3251 se
3143 3198 3258 3269 ipsa
3278 3197 3472 3269 farina,
3504 3198 3675 3256 insitis
3700 3200 3746 3234 “
3765 3202 3869 3257 sibi

2269 3284 2429 3341 semel
2455 3301 2521 3342 ea:
2552 3295 2745 3342 natura
2772 3286 2937 3358 signis
2965 3302 3070 3341 non
3110 3286 3386 3355 desistens,
3415 3290 3507 3344 sed
3535 3290 3592 3345 in
3622 3291 3867 3347 omnibus

2268 3377 2567 3435 secundum.
2603 3394 2791 3452 corpus
2838 3378 3369 3434 transmutationibus
3419 3396 3539 3435 cum
3576 3382 3688 3437 suis
3727 3381 3865 3438 notis

2267 3471 2513 3543 ingenitis
2558 3467 2603 3503 ¹⁹
2645 3478 2882 3543 apparet.
2932 3467 3292 3527 Subtrahetur
3312 3469 3360 3503 "
3407 3480 3583 3527 autem
3628 3489 3720 3544 per
3767 3473 3865 3529 Dei

2285 3559 2505 3617 Verbum
2551 3561 2707 3633 ipsa,-
2736 3578 2873 3632 quae
2911 3577 2979 3617 ex
3005 3560 3248 3633 passione
3293 3570 3390 3629 est,
3438 3564 3690 3631 mutatio,
3728 3581 3865 3636 quae

2268 3650 2474 3725 [annue
2526 3652 2916 3724 superaecidit.‘
2972 3651 3117 3707 Nam
3170 3651 3329 3707 ueluti
3379 3654 3546 3726 [acies
3601 3657 3863 3727 quaedam

2268 3743 2469 3811 aliena,
2490 3742 2608 3817 ipsa
2636 3761 2728 3817 per
2753 3743 3113 3815 inﬁrmitatem
3148 3744 3459 3817 deformitas
3501 3746 3728 3817 formam
3766 3748 3861 3801 de-

2265 3837 2560 3910 prehendit,
2586 3854 2689 3910 qua
2714 3836 3048 3908 deformitate
3075 3854 3169 3908 per
3196 3837 3295 3893 Dei
3324 3837 3549 3895 Verbum
3573 3841 3615 3873 “
3639 3843 3834 3895 circum

2269 3927 2470 3993 ablata,
2493 3929 2628 3983 sicut
2656 3928 2713 3984 in
2761 3926 3011 3984 Naaman
3059 3927 3219 4001 Syro,
3253 3947 3340 3985 seu
3364 3922 3438 3987 'in
3475 3931 3580 3988 illis
3621 3931 3859 4003 leprosis,

2269 4021 2361 4093 qui
2393 4022 2449 4075 in
2483 4019 2774 4093 Evangelia
2809 4033 3119 4089 narrantur,
3161 4023 3348 4078 iterum
3394 4024 3598 4101 occulta
3623 4026 3720 4081 sub
3740 4044 3863 4098 pas-

2268 4113 2417 4169 sione
2452 4115 2647 4185 specics
2672 4132 2765 4185 per
2789 4114 3070 4172 sanitatem
3107 4116 3162 4170 in
3199 4117 3309 4171 suis
3346 4118 3644 4172 nationibus
3671 4117 3863 4174 relucel

2268 4206 2364 4262 bit.
2391 4205 2570 4279 Igitur.
2602 4207 2656 4262 in
2695 4207 3049 4278 deiformitate
3079 4209 3126 4269 ’ξ
3155 4209 3364 4264 animae
3411 4226 3515 4265 non
3554 4211 3740 4282 ﬂuxile
3769 4228 3861 4283 per

2268 4297 2673 4353 mutabilitatem
2717 4308 2767 4374 et
2809 4298 3214 4355 transmutabile
3254 4310 3332 4355 est
3359 4301 3429 4367 ’³,
3461 4301 3552 4355 sed
3578 4302 3718 4373 quod
3743 4317 3861 4374 pcr-

2271 4401 2468 4453 manet,
2517 4367 2860 4461 similiteique
2887 4390 2941 4445 in
2962 4400 3147 4446 nostra
3188 4393 3515 4449 concretione
3546 4393 3725 4461 habet,
3760 4411 3856 4450 no.

570 4457 629 4538 in
667 4482 780 4554 ipso
821 4481 1003 4548 cutim,
1036 4490 1096 4536 ut
1133 4481 1211 4535 ait
1248 4457 1570 4552 Apostolus,
1612 4479 1862 4547 uiuimus,
1906 4489 1953 4535 et
1997 4496 2167 4535 moue-
2197 4457 2246 4517 θ
2272 4479 2487 4533 insitum
2511 4457 3049 4549 est.'Auimadverte,
3081 4495 3243 4555 quam
3278 4483 3448 4550 clare,
3473 4499 3635 4554 quant
3672 4457 3858 4556 apet'te

575 4586 718 4635 mur,
762 4580 809 4625 et
855 4586 1085 4636 sumus;
1135 4569 1424 4639 sedquod
1460 4567 1693 4640 quadam
1730 4568 2169 4625 dissimilitudine

568 4673 792 4737 propter
822 4670 1106 4734 peccatum
1135 4662 1442 4718 decolorata
1472 4668 1589 4729 est,
1618 4660 1819 4717 dicitur
1848 4662 2165 4718 recessisse.

575 4756 890 4813 Similitudo
938 4770 1173 4825 namque
1218 4754 1349 4827 fecit
1388 4754 1696 4825 proximam
1725 4794 1740 4819 ,
1782 4752 2168 4810 dissimilitudo

572 4846 945 4917 longinquam.
977 4845 1093 4902 Non
1126 4846 1269 4901 enim
1297 4847 1575 4917 gressibus
1603 4846 1883 4915 corporis,
1913 4844 2006 4901 sed
2037 4843 2168 4900 alle-

574 4939 756 4997 ctibus
784 4938 981 4994 mentis
1012 4937 1297 5009 elongatur
1322 4937 1520 5002 aDeo,
1553 4945 1647 4991 aut
1674 4937 1722 4992 ei
1765 4937 2167 5008 appropinqua-

577 5044 687 5087 tur.
718 5015 1007 5087 Localilius
1050 5029 1349 5086 intervallis
1398 5029 1563 5085 solari
1599 5027 1621 5060 ’
1651 5029 1772 5085 luce
1817 5044 1924 5084 non
1963 5029 2169 5085 recedi-

576 5133 688 5193 tur,
716 5126 811 5182 sed
838 5126 924 5180 vel
953 5112 1231 5180 oculorum
1259 5123 1583 5194 privatione,
1615 5122 1698 5176 vel
1725 5122 2069 5180 conniventia
2101 5123 2165 5188 η.

2270 4568 2545 4640 praefatus
2572 4568 2842 4658 Nyssaeus
2879 4574 3096 4639 astruit,
3132 4573 3278 4645 quod
3317 4590 3424 4630 non
3473 4573 3646 4632 solum
3685 4575 3857 4633 forma

2270 4662 2487 4717 animae
2502 4662 2567 4716 ad
2591 4662 2876 4734 imaginem
2897 4664 2989 4719 Dei
3015 4662 3157 4719 facta
3182 4664 3345 4731 est",
3371 4681 3561 4723 verum
3575 4678 3743 4724 cnam
3765 4686 3857 4725 na-

2272 4755 2464 4811 turalis
2490 4755 2663 4812 forma
2689 4760 2954 4829 corporis,
2988 4776 3127 4831 quae
3166 4761 3455 4831 imaginem
3483 4779 3698 4821 ammae
3734 4767 3859 4821 imi-

2273 4855 2444 4912 tatur,
2476 4864 2692 4918 semper
2720 4849 3148 4920 incorruptibilis
3168 4861 3225 4908 et
3252 4840 3710 4912 incommutabilis
3738 4871 3861 4927 per-

2274 4949 2528 4994 maneat:
2557 4942 2813 5012 quicquid
2847 4957 2977 4997 vero
3013 4944 3246 4999 naturali
3275 4946 3491 5015 corpori
3530 4961 3600 5002 es
3637 4963 3862 5004 concre-

2276 5030 2514 5086 tionibns
2556 5032 2969 5101 elementorum,
3007 5043 3061 5090 et
3086 5035 3305 5101 animae
3342 5050 3405 5091 es
3450 5040 3699 5093 sordibus
3728 5041 3861 5093 irra-

2278 5123 2615 5178 tionabilium
2660 5133 2902 5181 notuum
2948 5126 3355 5197 superaddilum
3394 5137 3500 5193 est,
3539 5128 3595 5184 in
3636 5130 3781 5184 tluxu
3807 5140 3858 5186 et

1875 5216 2147 5295 VARIAE'
2167 5238 2586 5327 ιλιέατιοιςιίδ.Δ

649 5337 666 5367 ¹
696 5334 789 5391 Sic
817 5334 880 5396 A;
913 5332 955 5389 C
988 5331 1099 5386 rad.
1129 5345 1272 5387 corr.
1292 5332 1403 5403 ista
1428 5347 1446 5396 ;
1476 5330 1517 5385 F
1542 5331 1701 5403 istac.
1771 5332 1793 5362 '
1819 5327 1911 5385 Sic
1935 5328 2055 5398 CF;
2082 5332 2124 5403 ᾼ
2145 5331 2307 5403 Nam.
2348 5402 2357 5403 7
2386 5332 2405 5363 ³
2439 5332 2529 5388 Sic
2556 5331 2663 5395 (2F;
2696 5334 2738 5388 Α
2769 5338 3049 5388 credimus.
3126 5333 3147 5364 ⁸
3169 5332 3388 5399 δίνϐῐΐ,
3416 5334 3458 5389 Α
3496 5333 3847 5403 intelligimus.

577 5406 601 5440 ⁸
631 5406 723 5461 Sic
754 5406 862 5470 CF;
894 5403 1204 5473 Acorporis.

1281 5402 1508 5455 ‘etom.
1540 5401 1606 5455 Α.
1682 5401 1703 5433 ⁷
1735 5409 1784 5454 et
1818 5416 1925 5455 om.
1959 5404 2023 5455 Δ.
2099 5401 2121 5432 ³
2160 5400 2382 5463 SicCF;
2416 5404 2452 5456 A

576 5476 927 5534 coninitioue.
957 5474 999 5529 (Ι.
1046 5471 1195 5527 corr.
1250 5472 1586 5527 contuitione.
1664 5471 1705 5503 ¹¹
1736 5472 1828 5527 Sic
1851 5471 1957 5537 CF;
1992 5472 2036 5525 Α
2064 5472 2119 5527 in
2150 5474 2282 5528 suis.
2360 5476 2402 5506 ¹²
2441 5471 2531 5529 Sic
2558 5474 2634 5541 l";
2666 5487 2713 5529 et
2743 5490 2851 5528 om.
2877 5475 2956 5537 A;
2981 5476 3021 5528 L‘
3054 5475 3105 5528 in
3133 5491 3194 5529 ca

2486 5406 2724 5472 proiecta
2753 5415 2843 5458 cst.
2921 5406 2943 5437 ⁹
2971 5404 3017 5457 Α
3047 5421 3080 5458 tt
3116 5405 3280 5459 Solari
3314 5405 3452 5459 lucc;
3525 5405 3571 5437 '°
3602 5405 3691 5461 Sic.
3718 5405 3860 5466 ΑυΡ

3202 5493 3253 5545 p.
3294 5490 3364 5529 xx
3386 5485 3436 5528 et
3456 5480 3511 5530 in
3543 5492 3635 5531 vn.
3713 5476 3834 5531 "in

576 5551 689 5621 quit
742 5562 849 5621 om.
884 5549 953 5601 Α.
1024 5541 1069 5575 ¹¹⁵
1092 5544 1155 5621 de
1178 5559 1394 5621 feritate
1426 5542 1626 5621 occulto
1646 5573 1716 5619 -_—
1738 5554 1966 5621 resurget
1995 5557 2105 5621 uin.
2127 5542 2243 5621 .
2270 5616 2280 5621 _
2318 5546 2364 5621 ’_"
2391 5544 2492 5621 Sic
2529 5544 2613 5601 CF
2634 5541 3280 5621 ;__A7incontprcltensibi'le.
3352 5545 3398 5577 “
3423 5545 3626 5621 Sic_CF
3642 5565 3658 5613 ;
3689 5549 3733 5621 ᾼ
3769 5568 3850 5603 au-

616 5618 1002 5673 ntcntationcm.

630 5691 939 5745 ubtranatur
1032 5688 1074 5719 ²¹
1112 5686 1148 5741 Α
1175 5697 1259 5740 uer
1290 5682 1494 5740 uerbum
1524 5684 1635 5738 Dei.

1104 5616 1145 5646 ¹⁷
1176 5615 1266 5669 Sic
1288 5612 1405 5681 CF;
1442 5614 1486 5667 Α
1516 5616 1847 5669 eversionem.
1927 5612 1968 5645 ¹⁸
2000 5612 2089 5670 Sic
2119 5613 2226 5677 CF;
2256 5616 2296 5669 A
2328 5618 2382 5670 in
2411 5618 2541 5670 suis.

1708 5686 1755 5716 “
1781 5684 1823 5738 (Τ
1847 5696 1899 5738 et
1940 5701 2079 5739 cerr.
2124 5686 2160 5740 ι’
2187 5687 2531 5751 deformitate.
2612 5687 2657 5721 ⁸³
2680 5704 2732 5742 es
2772 5683 2862 5742 om
2900 5689 2950 5742 λ.
3028 5683 3075 5717 ³⁵
3099 5683 3175 5743 est
3203 5702 3314 5744 oni.
3346 5685 3409 5743 Ε.

2641 5617 2682 5648 ¹ί⁵
2713 5616 2805 5685 Sic
2832 5616 2949 5679 Cl“;
2990 5615 3031 5670 A
3057 5616 3327 5686 ingenuis.
3375 5685 3380 5686 7
3428 5616 3476 5651 "
3505 5617 3599 5675 Sic
3656 5619 3778 5686 (lF;
3816 5625 3856 5676 Α
