4260 6082
496 285 569 340 73
1282 287 1371 345 DE
1411 287 1750 346 DIVISIONE
1783 286 2138 345 NATURAE.
2177 283 2489 342 '---I.IBER
2529 279 2873 353 QUINTUS..

3628 275 3737 339 8710

360 468 365 473 l
463 398 807 470 corruptione
838 413 1053 468 semper
1101 409 1205 455 est.
1249 398 1319 456 Et
1364 400 1490 466 hoc,
1545 408 1602 459 ut
1647 399 1724 455 ait
1764 398 1899 471 ipse,
1948 399 2049 459 sub
2077 403 2124 459 Α
2154 403 2375 452 nostrae
2412 404 2640 452 naturae
2666 396 2986 451 charactere
3015 404 3252 466 gessere,
3284 406 3422 464 quae
3453 407 3484 448 a
3514 409 3614 449 suo
3632 393 3739 457 Re-

465 500 635 570 tigura
671 493 939 551 Naainau‘
964 495 1111 569 Syri,
1145 503 1205 551 et
1231 496 1446 553 illorum
1475 498 1686 563 decem,
1710 509 1848 567 quos
1877 494 2049 557 Evan-

462 590 660 659 geltum
706 598 968 660 purgatos
1002 604 1034 646 a
1073 589 1304 649 Domino
1349 588 1519 648 fuisse
1570 597 1777 655 narrat,
1826 587 2050 661 pulchre

463 679 787 736 insinuatur.
831 678 928 733 llle
964 674 1199 756 namque
1238 679 1430 753 Syrus,
1458 680 1672 752 ipsique
1708 680 1917 745 decem,
1949 677 2049 735 htt-

465 786 680 826 manam
731 768 962 843 elligiem
1010 786 1121 828 non
1162 771 1540 842 perdiderant,
1581 773 1676 829 sed
1711 771 2049 829 solummodo

457 861 675 921 tumore
714 872 770 919 et
804 858 1145 935 iurpitudine
1190 864 1374 936 Ieprae
1417 865 1658 937 percussi
1708 873 1765 940 et
1805 863 2049 945 cooperti

463 963 610 1021 sunt,
641 963 701 1010 ut
728 970 827 1026 per
845 957 950 1016 hoc
970 956 1371 1030 intelligamus;
1391 966 1910 1031 naturamvnestram
1940 970 2047 1012 non

376 1098 377 1101 η
410 1118 415 1127 .
460 1063 584 1105 ⁸⁵⁸⁸
608 1049 875 1121 Perditam
909 1049 997 1106 vel
1030 1058 1314 1117 mutatam,
1361 1051 1457 1106 sed
1498 1050 1753 1119 vitiorum
1794 1048 2050 1106 defonui-

465 1148 575 1195 tate
613 1140 1004 1206 decoloratam.
1049 1139 1121 1197 Et
1163 1140 1311 1207 vide,
1364 1148 1626 1212 quantum
1673 1140 2051 1197 incunctanter

462 1234 579 1304 ipse
607 1231 784 1307 Syrus
810 1220 1081 1297 humanae
1107 1241 1336 1294 naturae
1353 1232 1595 1305 egesserit
1624 1230 1870 1303 ﬁguram.
1904 1227 2048 1284 Naa-

463 1340 588 1381 nian
631 1324 833 1397 quippe
873 1325 1095 1381 decorus
1132 1326 1548 1395 interpretatur,
1588 1322 1747 1396 Syria
1777 1338 1909 1379 vero
1931 1328 2050 1394 cge-

461 1414 671 1477 lertium
690 1414 1083 1487 contemplatio.
1119 1414 1374 1486 Nunquid
1400 1423 1456 1471 et
1480 1415 1561 1472 sic
1585 1415 1824 1471 humana
1853 1423 2051 1484 natura

464 1510 638 1570 ceret,
682 1504 729 1560 si
775 1519 885 1561 non
925 1505 1269 1577 superbiret?
1316 1504 1520 1562 Decora
1559 1506 1705 1562 enim
1742 1514 1797 1561 et
1831 1505 1900 1561 ad
1925 1520 2050 1582 cae-

459 1595 677 1675 lestium
704 1595 1218 1669 contemplationem
1259 1597 1479 1654 condita
1510 1607 1617 1664 est,
1655 1599 1751 1655 sed
1773 1598 2048 1670 praevari-

2153 488 2432 558 detuptore
2468 489 2743 560 redempta
2772 498 2878 554 est,
2910 497 2962 541 et
2991 489 3230 556 quotidie
3261 487 3312 541 in
3342 486 3568 560 singulis
3597 476 3742 543 redi-
3822 524 3825 529 -

2153 578 2338 644 utitur,
2367 580 2500 636 etin
2530 581 2999 637 consummatione
3040 581 3227 635 mundi
3264 579 3643 637 universaliter
3685 579 3743 634 in

2150 670 2404 727 omnibus
2425 680 2482 725 et
2502 672 2798 728 redimetur
2819 682 2875 726 et
2898 671 3253 728 liberabitur?
3274 670 3518 729 Humana
3543 671 3741 742 quippe
3812 706 3815 709 -
3846 676 3875 729 ᾖ

2152 770 2346 819 natura
2382 764 2611 820 denaria
2654 765 2967 833 quantitate
3014 763 3151 820 solet
3194 763 3529 836 signiﬁcari:
3560 763 3742 818 anima

2152 871 2390 939 namque
2416 866 2472 912 et
2491 872 2721 928 corpore
2740 845 2993 913 constare
3022 856 3243 912 dubium
3270 872 3376 911 non
3402 865 3504 912 est.
3532 856 3745 923 Corpus

2078 954 2085 961 ’
2150 961 2332 1009 autem
2368 950 2635 1024 'quinario
2684 968 2911 1010 numero
2953 952 3137 1026 pollet,
3192 959 3453 1023 quattuor
3493 950 3746 1031 videlicet

2147 1042 2437 1099 elementis
2469 1043 2863 1114 corporalibus,
2907 1051 2981 1099 et.
3014 1042 3209 1108 forma,
3238 1057 3379 1115 quae
3408 1042 3499 1097 illa
3518 1056 3745 1111 compe-

2150 1136 2233 1191 nit
2262 1134 2533 1191 elementa
2579 1147 2637 1193 et
2685 1136 2992 1191 formiﬁcat.
3030 1134 3225 1191 Anima
3248 1150 3474 1207 quoque
3493 1134 3745 1204 quinario

2151 1242 2380 1283 numero
2425 1242 2531 1284 non
2580 1228 2844 1283 dissonat.
2894 1225 3155 1282 Subsistit
3184 1239 3418 1296 namque
3446 1224 3740 1285 intellectu,

2149 1329 2211 1395 et
2247 1320 2479 1385 ratione,
2529 1329 2586 1375 ct
2626 1319 2826 1390 duplici
2869 1334 3056 1383 sensu,
3111 1317 3355 1373 interiori
3402 1316 3645 1387 profecto
3691 1326 3748 1371 et

2149 1411 2429 1477 exteriori,
2462 1411 2719 1482 vitalique
2747 1419 2919 1475 motu,
2946 1426 3056 1482 quo
3085 1406 3285 1480 corpus
3309 1408 3741 1464 administmtur.

2150 1502 2438 1558 Denariam
2481 1502 2714 1557 hominis
2760 1503 3117 1572 quantitatem
3176 1501 3364 1563 babes,
3421 1509 3482 1553 ut
3530 1498 3743 1570 epinor,

2150 1607 2292 1664 quae
2321 1592 2619 1649 conditoris
2661 1602 2718 1648 et
2759 1592 3138 1663 Redemptoris
3178 1590 3263 1647 sui
3302 1591 3475 1664 gratia
3503 1593 3567 1648 de
3598 1593 3746 1646 omni

460 1686 696 1743 nationis
723 1702 892 1744 causa
921 1689 940 1720 ³
975 1687 1125 1761 lepra
1161 1700 1248 1752 est
1276 1703 1555 1760 percussa.
1604 1689 1677 1746 At
1715 1689 2053 1746 descendens
2080 1759 2107 1761 ᾗ
2152 1685 2501 1756 superaddita
2554 1683 2659 1741 sibi
2711 1684 2932 1740 miseria
2977 1683 3146 1739 veluti
3196 1684 3263 1739 de
3316 1684 3548 1754 quadam
3598 1682 3744 1753 lepra

460 1775 514 1830 in
550 1774 812 1834 Iudaeam
849 1759 1118 1846 Naaman,
1150 1759 1472 1851 rediensque
1499 1778 1697 1835 iterum
1725 1779 1778 1835 iu
1808 1778 2046 1851 Syriam,
2077 1759 2125 1821 Β
2152 1775 2493 1859 liberabitur,
2542 1786 2596 1833 et
2638 1777 2694 1859 in
2739 1792 2907 1832 unum
2951 1778 3246 1848 redigetur,
3294 1787 3352 1831 ut
3387 1792 3493 1832 non
3521 1776 3747 1831 denaria
3804 1826 3807 1833 _

454 1868 681 1939 iubente
699 1869 962 1941 propheta
987 1869 1221 1935 Elisaeo,
1252 1872 1306 1925 in
1331 1869 1568 1927 Jordane
1594 1869 1817 1926 flumine
1842 1870 2049 1939 lepram
2149 1866 2451 1939 quantitas,
2503 1867 2596 1923 sed
2644 1867 2792 1923 solus
2834 1866 3153 1923 intellectus
3190 1867 3451 1939 simplicis
3503 1868 3747 1923 veritatis

457 1962 731 2033 deposuit,
760 1963 1006 2034 cutisque
1029 1963 1275 2035 corporis
1297 1963 1466 2033 ipsius
1492 1970 1750 2043 renovata
1771 1972 1875 2019 est.
1907 1961 2047 2021 Nmn

456 2061 513 2107 et
558 2063 743 2114 nostra
783 2061 1000 2122 natura,
1050 2053 1175 2109 dum
1214 2053 1529 2127 languorem
1563 2070 1722 2110 suum
1752 2054 2048 2126 turpitudi-

458 2155 692 2218 nemque
736 2158 961 2199 suorum
1007 2143 1263 2199 vitiomm
1310 2145 1707 2216 recognoverit,
1746 2143 1799 2201 iu
1829 2144 2044 2201 confes-

456 2232 665 2289 sionem
697 2232 952 2289 miseriae
989 2249 1123 2291 suae
1167 2236 1460 2291 deScendet
1484 2242 1505 2274 ³
1531 2278 1546 2301 ,
1589 2238 1753 2308 inque
1780 2252 1839 2293 se
1870 2237 2044 2307 ipsam

456 2324 1102 2397 reversurapurgabitur?
1117 2324 1186 2381 Et
1199 2324 1321 2395 quis
1339 2338 1459 2381 eam
1476 2326 1760 2400 purgabit?
1776 2327 2039 2391 Elisaeus,
2060 2388 2061 2391 η

453 2410 552 2467 Dei
589 2411 855 2470 videlicet
888 2414 1149 2484 salvator,
1181 2416 1268 2472 vel
1298 2417 1394 2472 Dei
1433 2417 1601 2475 salus.
1641 2417 1831 2475 Nonne
1858 2429 2045 2477 noster

454 2499 811 2561 Elisaeus‘est
834 2505 930 2561 Dei
950 2506 1190 2564 Verbum
1217 2509 1478 2565 Dominus
1499 2518 1684 2567 noster
1702 2508 1860 2568 Jesus
1884 2511 2042 2569 Chri-

452 2604 593 2662 stus,
638 2596 730 2668 qui
768 2608 854 2655 est
880 2598 977 2656 Dei
1016 2599 1255 2657 salvator
1276 2612 1330 2656 et.
1356 2602 1448 2657 Dei
1478 2603 1659 2660 salus?
1683 2605 1740 2661 lu
1769 2606 2043 2662 redeundo

455 2688 511 2744 in
542 2686 760 2767 Syriam
799 2700 1044 2771 nostram
1071 2692 1303 2751 salvabit
1329 2702 1604 2760 naturam,
1635 2697 1741 2752 hoc
1769 2706 1872 2765 est,
1914 2699 2042 2764 dum

355 2768 369 2843 ξ
454 2778 522 2834 ad
545 2779 836 2851 pristinum
871 2768 1091 2849 statum,
1141 2783 1197 2838 in
1248 2784 1760 2856 contemplationem
1789 2785 2044 2845 videlicet

453 2869 869 2942 intelligibilium
899 2873 1180 2942 virtutum,
1209 2878 1409 2932 reverti
1437 2891 1541 2939 nos
1568 2876 1811 2946 jusserit.
1850 2877 1920 2933 Et
1948 2878 2041 2936 ubi

452 2964 706 3035 purgabit
748 2965 826 3020 ’ἲ
874 2966 935 3024 lu
982 2966 1219 3027 Jordane
1257 2988 1272 3024 :
1316 2968 1473 3040 cujus
1525 2970 1901 3044 interpretatio
1955 2980 2042 3029 est

450 3055 729 3114 descensus
756 3056 989 3133 Domini,
1013 3058 1097 3113 vel
1125 3059 1407 3117 descensus
1427 3061 1644 3133 jddicii,
1673 3063 1758 3119 vel
1782 3065 2033 3134 potentia,

2145 1953 2282 2032 pura
2313 1961 2772 2032 contemplatione
2792 1961 2995 2018 'unitus
3018 1948 3307 2017 remaneat
3353 1960 3509 2029 Quod
3536 1958 3746 2036 signifi-

2146 2051 2262 2117 cari
2294 2052 2534 2107 arbitror
2561 2067 2655 2123 per
2678 2053 2853 2122 ipsum
2881 2051 3189 2122 leprosum,
3217 2052 3310 2122 qui
3356 2051 3503 2107 soliis
3535 2050 3600 2105 ad
3640 2052 3748 2106 Dii-

2146 2141 2351 2197 minum
2393 2157 2647 2197 reversus
2692 2150 2796 2207 est,
2844 2143 3073 2212 gloriam
3119 2144 3229 2199 Deo
3274 2143 3341 2199 de
3386 2158 3482 2197 sua
3517 2142 3745 2196 munda-

2098 2260 2109 2265 -
2147 2233 2293 2290 tione
2333 2233 2601 2303 referens,
2632 2249 2698 2289 ac
2730 2235 2894 2290 veluti
2926 2234 3227 2306 alienigena
3258 2235 3323 2291 de
3348 2236 3741 2307 longinquitate

2150 2322 2616 2381 dissimilitudinis
2657 2325 2894 2405 rediens,
2935 2315 3212 2380 liberatori
3251 2333 3305 2381 et
3334 2328 3609 2397 purgatori
3644 2342 3743 2382 suo

2143 2419 2486 2476 adhaeserat.
2504 2418 2684 2476 Ceteri
2705 2427 2884 2476 autem
2913 2434 3106 2474 novem
3129 2434 3233 2474 non
3250 2421 3360 2491 iam
3376 2420 3575 2491 reperti
3592 2431 3738 2475 sunt.

2143 2510 2276 2566 Tota
2316 2512 2583 2581 siquidem
2632 2512 2867 2567 humana
2899 2521 3091 2567 natura
3118 2512 3172 2567 in
3204 2514 3380 2569 solum
3409 2513 3737 2569 intellectum

2142 2600 2485 2668 refundetur,
2510 2608 2586 2658 'ut
2617 2603 2691 2659 nil
2721 2604 2775 2660 in
2806 2620 2868 2660 ea
2902 2614 3203 2670 remaneat,
3230 2615 3449 2676 praeter
3472 2606 3618 2660 illum
3646 2623 3738 2659 so.

2141 2692 2254 2752 lum
2304 2694 2658 2763 intellectum,
2704 2712 2828 2768 quo.
2857 2696 3173 2755 Creatorem
3211 2712 3370 2755 suum
3403 2700 3739 2769 contempla-

2138 2785 2308 2843 bitur.

2214 2876 2267 2933 7.
2308 2876 2415 2933 Sed
2471 2887 2763 2949 antequam
2797 2878 3238 2954 depurgatione
3276 2888 3502 2938 naturae
3545 2882 3738 2937 buma-

2141 2982 2266 3034 nae,
2313 2967 2487 3037 deque
2533 2969 2859 3027 adunatione
2901 2971 3070 3042 ipsius
3113 2972 3325 3028 sibimet
3372 2983 3427 3028 et
3469 2960 3735 3028 conditori

2141 3070 2261 3124 suo,
2317 3059 2386 3113 ad
2433 3057 2589 3129 cujus
2638 3060 2927 3130 imaginem
2965 3061 3108 3121 facta
3145 3073 3249 3128 est,
3303 3073 3619 3126 tractemus,
3668 3065 3736 3119 de

449 3143 533 3198 νει
560 3153 702 3200 terra
741 3129 1001 3216 extrema,
1044 3149 1134 3205 vel
1178 3127 1665 3215 ascensioveorum.
1710 3127 1793 3208 Et.
1821 3154 2040 3225 quando
2065 3127 2110 3190 C
2140 3148 2260 3221 ipso
2291 3151 2466 3206 reditu
2495 3152 2764 3221 quaedam
2805 3152 3031 3209 dicenda
3073 3169 3196 3216 esse
3222 3171 3326 3208 non
3374 3155 3729 3225 incongruum
3782 3210 3787 3215 ,

370 3226 373 3231 ’
447 3235 721 3291 credimus
747 3246 804 3293 et
831 3252 1117 3309 speramus
1165 3242 1395 3298 salutem
1446 3251 1502 3302 et
1536 3245 1772 3300 reditum
1809 3255 2036 3305 naturae

448 3326 712 3384 nostrae"
743 3329 800 3385 in
845 3330 1059 3404 Syriam
1102 3334 1353 3390 caelestis
1396 3336 1890 3413 contemplationis,
1928 3339 2032 3399 nisi

444 3419 667 3488 quando
691 3424 986 3480 descendet
1022 3422 1286 3481 Dominus
1306 3427 1361 3482 in
1384 3426 1555 3499 gloria
1594 3444 1714 3495 sua,
1743 3428 2034 3487 descendet

444 3509 800 3581 adjudlcium
831 3513 1078 3593 vivorum
1113 3524 1169 3572 et
1199 3526 1561 3583 mortuorum,
1594 3535 1749 3574 suam
1779 3518 1801 3553 ⁸
1840 3504 2035 3592 poten-

441 3599 574 3657 tiam
628 3601 1079 3661 manifestaturus
1112 3605 1165 3661 in
1198 3616 1340 3661 terra
1386 3594 1653 3674 extrema,
1700 3609 1806 3666 hoc
1852 3610 2030 3668 estin

439 3693 547 3748 line
591 3693 801 3761 mundi,
849 3695 1068 3767 quando
1109 3698 1317 3753 caelum
1347 3705 1404 3754 et
1442 3709 1589 3754 terra
1624 3700 1931 3756 transibunt
1971 3700 2027 3757 in

434 3783 755 3849 ascensione
778 3800 992 3855 eorum,
1016 3788 1120 3846 boc
1142 3800 1247 3856 est,
1272 3791 1325 3845 in
1345 3791 1673 3849 exaltatione
1699 3791 2025 3851 Sanctorum

436 3876 490 3930 in
521 3886 798 3934 aeternam
846 3878 1261 3947 beatitudinem,
1314 3882 1402 3938 vel
1449 3893 1599 3941 certe
1641 3884 1697 3939 in
1748 3887 2053 3965 communi.

431 3968 682 4030 omnium
729 3972 1174 4031 resurrectione?
1208 3973 1485 4047 Siquidem
1526 3978 1855 4034 resurrectio
1875 3994 2024 4042 com-

429 4061 614 4115 munis
650 4061 892 4119 omnium
916 4059 919 4065 ¹
942 4065 1189 4120 ascensio
1231 4077 1410 4122 estex
1440 4065 1616 4124 morte
1642 4066 1697 4123 in
1724 4068 1912 4134 vitam,
1952 4085 2021 4125 ex

430 4149 653 4205 animali
698 4166 931 4222 corpore
968 4161 1024 4213 et
1064 4157 1402 4226 corruptibili
1448 4159 1500 4212 in
1545 4149 1827 4229 spirituale
1851 4169 1907 4214 et
1939 4159 2015 4216 in-

428 4242 803 4313 cor‘ruptibile.
836 4243 971 4299 Tota
1002 4255 1186 4302 autem
1221 4247 1373 4319 lepra
1410 4251 1679 4305 humanae
1711 4258 1937 4307 naturae
1965 4262 2023 4307 et

427 4334 708 4407 corruptio
766 4337 1185 4410 exaggerabitur
1240 4348 1297 4396 et
1342 4349 1688 4397 eonvertetur
1736 4342 1789 4397 in
1842 4343 2016 4401 Giezi.

425 4420 580 4503 (Sicci
617 4422 1012 4494 interpretatur
1049 4427 1225 4482 uidens
1253 4427 1460 4495 vallem,
1508 4429 1592 4485 vel
1620 4431 1860 4513 discissio
1882 4448 1915 4485 a
1940 4434 2005 4489 vi-

422 4513 601 4579 sione,-
635 4514 813 4586 typice
836 4516 1108 4573 diabolum
1135 4518 1469 4590 signiﬁcans,
1511 4522 1625 4593 qui.
1663 4524 1788 4578 dum
1816 4524 1887 4578 sit
1918 4541 2015 4580 ne-

422 4619 586 4673 quam
633 4605 944 4664 Salvatoris
979 4612 1150 4665 nostri
1187 4627 1392 4676 servus,
1435 4614 1554 4669 sine
1584 4612 1736 4685 cuju's
1756 4615 2018 4686 iussioni—

2139 3242 2413 3298 existimo.
2443 3242 2556 3299 Nisi
2591 3245 2734 3299 enim
2785 3245 2910 3315 quis
2960 3246 3110 3316 prius
3147 3246 3421 3311 edisserit,
3469 3260 3731 3316 quorsum

2137 3331 2356 3398 cecidit,
2381 3340 2438 3387 et
2468 3331 2612 3387 unde
2639 3333 2829 3403 incipit
2869 3320 3075 3390 reditus
3105 3346 3351 3400 naturae,
3395 3340 3449 3391 et.
3476 3351 3573 3407 per
3596 3352 3732 3406 quos

2135 3424 2337 3494 gradus
2367 3425 2631 3491 ascendit,
2663 3434 2718 3480 et
2754 3427 2884 3498 quid
2918 3428 3143 3498 appetit,
3179 3441 3235 3484 et
3274 3430 3326 3483 in
3370 3440 3479 3502 quo
3507 3431 3728 3495 desinit,

2131 3531 2240 3571 non
2289 3516 2469 3585 facile,
2493 3520 2637 3589 quod
2663 3521 2883 3585 astruit,
2918 3520 3189 3576 suadebit.
3221 3523 3366 3577 Disc.
3400 3521 3485 3577 Nil
3517 3524 3719 3588 verius,

2131 3614 2193 3660 ut
2220 3605 2473 3661 arbitror.
2504 3606 2638 3674 Quis
2667 3608 2811 3663 enim
2844 3619 3070 3665 naturae
3118 3612 3350 3665 reditum
3400 3610 3555 3667 facile
3601 3628 3732 3667 sua-

2129 3695 2285 3762 serit,
2333 3695 2378 3751 si
2426 3713 2535 3752 uon
2582 3708 2729 3765 ante,
2757 3713 2866 3768 quo
2896 3699 3113 3767 cecidit,
3141 3709 3326 3772 etquo
3357 3709 3411 3756 et
3452 3702 3721 3771 quomodo

2126 3803 2412 3845 reversuro
2453 3790 2546 3856 sit,
2586 3791 2755 3847 certis
2784 3792 3215 3849 ratiocinationis
3241 3796 3725 3867 argumentationi-

2125 3878 2230 3936 bus
2257 3880 2280 3913 ⁸
2322 3882 2678 3952 approbarit?
2708 3883 2850 3940 MAG.
2882 3884 3033 3941 Unde
3060 3886 3278 3953 cecidit,
3298 3870 3365 3941 et
3391 3902 3501 3957 quo
3534 3897 3721 3958 perre-

2125 3974 2227 4037 nit,
2282 3973 2413 4027 nulli
2472 3973 2710 4033 ﬁdelium
2762 3977 3092 4048 incognitum
3147 3987 3253 4044 est,
3301 3977 3590 4035 Psalmista
3633 3980 3715 4035 di.

2123 4070 2321 4117 ceute:
2372 4061 2568 4130 Homo,
2608 4081 2729 4119 cum
2759 4064 2815 4120 in
2854 4067 3051 4121 honore
3087 4078 3242 4133 esset,
3288 4085 3390 4124 non
3438 4069 3717 4138 intellexit,

2122 4164 2459 4224 comparatus
2488 4166 2562 4210 est
2594 4157 2854 4226 jumentis
2892 4158 3287 4231 insipientibus,
3324 4172 3370 4216 et
3401 4162 3587 4219 similis
3634 4165 3720 4236 fa-

2122 4254 2237 4299 ctus
2256 4256 2331 4301 est
2357 4245 2482 4301 illis.
2515 4246 2768 4304 Deseruit
2814 4250 3001 4322 itaque
3024 4252 3295 4307 bonorem
3339 4253 3552 4310 divinae
3580 4256 3721 4311 ima-

2121 4338 2286 4408 ginis,
2322 4339 2749 4413 caelestiumque
2798 4344 3061 4400 virtutum
3111 4346 3475 4413 aequalitatis,
3518 4347 3716 4403 cecidit

2123 4439 2304 4484 autem
2350 4431 2405 4485 in
2447 4429 2857 4489 similitudinem
2887 4435 3342 4491 irrationabilium
3374 4437 3712 4494 animalium.

2044 4480 2097 4541 Β
2124 4520 2380 4577 Terreuis
2406 4537 2642 4594 namque
2667 4525 3073 4595 cupiditatibus,
3115 4528 3530 4598 carnalibus;an
3572 4529 3716 4584 desi—
3752 4522 3759 4533 ’

2119 4610 2290 4666 deriis
2333 4614 2662 4683 opprimitur
2707 4626 2924 4675 natura.
2968 4634 3107 4689 quae
3137 4617 3209 4673 ad
3249 4618 3503 4675 caelestia
3551 4636 3713 4691 appe-

402 4690 523 4761 bus
549 4703 643 4749 aut
664 4697 1117 4770 permissionibus
1142 4701 1382 4758 malitiae
1416 4718 1547 4758 suae
1577 4705 2013 4762 machinamenta
2112 4704 2278 4758 tenda
2306 4713 2364 4759 et
2395 4704 2666 4779 diligenda
2718 4708 3040 4765 naturaliter
3064 4717 3155 4767 cst
3189 4709 3402 4767 condita
3430 4726 3445 4774 ;
3499 4690 3713 4766 irratio-

418 4798 527 4840 non
554 4786 767 4845 sinitur
803 4805 1087 4863 peragere,
1136 4806 1352 4862 semper
1388 4795 1441 4848 in
1479 4794 1803 4863 profundum
1833 4796 2013 4868 perdi-
2115 4794 2281 4849 nabili
2318 4804 2466 4851 motu
2496 4797 2750 4864 volvitur,
2776 4814 2920 4869 quae
2964 4801 3173 4857 ratione
3206 4801 3309 4856 [rei
3355 4802 3741 4873 comparala.‘

419 4876 582 4932 tionis
609 4887 976 4953 aeternaeque
1012 4883 1205 4941 mortis
1233 4899 1346 4939 non
1372 4884 1567 4940 desinit
1595 4888 1925 4958 prospicere,
1956 4899 2013 4946 et

2126 4893 2223 4950 tur.
2258 4883 2375 4939 Non
2417 4885 2563 4942 enim
2597 4896 2679 4940 est
2716 4888 2958 4943 bestialis
2987 4899 3182 4955 motus,
3212 4892 3303 4959 qui
3355 4906 3462 4945 non
3505 4892 3559 4945 in
3606 4893 3698 4947 bo-

417 4981 484 5027 ex
519 4968 765 5026 veritatis
810 4973 1266 5045 contemplatione
1314 4976 1507 5032 merito
1554 4994 1683 5033 suae
1723 4980 2007 5051 superbiae

2126 4975 2285 5039 mine,
2316 4984 2612 5047 postquam
2659 4979 2920 5048 peccavit,
2969 4996 3074 5035 non
3114 4982 3581 5051 deprehendatur;
3623 4992 3703 5050 et,

416 5058 621 5117 dh'isus
649 5062 946 5131 discedere.
987 5060 1162 5136 Lepra
1202 5068 1386 5138 itaque
1422 5078 1632 5135 nostra,
1661 5086 1799 5141 quae
1837 5073 2007 5129 livore
2113 5075 2174 5121 ut
2200 5077 2355 5122 certa
2382 5067 2542 5123 docet
2572 5071 2731 5135 ratio,
2758 5070 3170 5138 reprelienditur
3201 5072 3255 5127 in
3292 5073 3530 5140 homine,
3557 5080 3700 5145 quod

412 5146 584 5217 ip’sms
633 5153 866 5210 invidiae
914 5158 1202 5230 imaginem
1249 5157 1345 5215 Dei
1390 5164 1893 5227 eontaminaverat,
1950 5164 2004 5221 in
2110 5156 2366 5212 laudatur
2394 5157 2453 5213 in
2487 5156 2685 5214 bestia.
2740 5159 2965 5226 Quare?
2999 5162 3136 5228 Quia
3173 5165 3225 5217 in
3266 5164 3437 5221 bestia
3476 5165 3696 5222 iri-alio.

413 5254 603 5306 ipsum.
626 5243 919 5315 redigetur,
960 5249 1084 5316 quia
1117 5248 1303 5304 dolore
1341 5251 1530 5305 salutis
1557 5260 1614 5306 et
1641 5256 2002 5309 restauratio-
2111 5250 2307 5306 nubilis
2336 5258 2514 5305 metus
2555 5252 2878 5308 naturaliter
2911 5256 3176 5322 subsistit,
3223 5256 3275 5311 iu
3320 5257 3540 5314 homine
3570 5275 3697 5315 \‘t‘lu

416 5329 500 5385 nis
551 5342 767 5390 nostrae
818 5336 1165 5406 superfusus,
1226 5354 1400 5408 poena
1444 5339 1563 5406 ejus
1612 5342 1998 5400 cumulabitnr.
2108 5349 2301 5396 contra
2347 5339 2620 5394 naturain.
2668 5340 2937 5413 Quicquid
2985 5355 3163 5400 autem
3209 5348 3499 5402 secundum
3536 5361 3659 5403 ητιιυ

410 5420 551 5486 Quid
578 5424 756 5481 dicam
779 5428 846 5483 de
866 5428 1053 5484 decem
1081 5429 1342 5500 leprosis?
1376 5431 1515 5487 Pium
1544 5445 1597 5487 et
1625 5433 1725 5503 ipsi
1757 5432 2001 5503 ejusdem
2111 5449 2227 5491 ram
2263 5434 2484 5489 insitum
2517 5442 2622 5500 est,
2670 5435 2870 5491 bonum
2902 5447 3019 5505 est;
3055 5438 3312 5511 quicquid
3342 5458 3465 5498 vero
3504 5455 3690 5497 νοιιει..

1693 5546 1781 5603 VA
1790 5547 1948 5604 RIAE
1985 5549 2388 5607 LECTIONFS.

492 5648 693 5713 causa
712 5649 800 5713 om
851 5637 956 5691 CF.
1053 5639 1074 5670 ’
1106 5638 1199 5713 Sic
1240 5639 1359 5703 CF;
1421 5641 1462 5694 Α
1492 5640 1829 5697 (lesccndcns.
1935 5642 1955 5673 ³
1984 5641 2040 5698 Si

2129 5641 2215 5699 CF
2234 5688 2248 5710 ,
2292 5645 2336 5703 Α
2370 5662 2457 5713 "‘lll
2473 5706 2480 5713 ι
2496 5649 2693 5702 ’(ἕαῖέιι),

405 5716 582 5758 suam.
657 5702 682 5735 °
717 5704 803 5760 CF
842 5711 1227 5779 argumentatio
1251 5715 1506 5785 abusque.

2798 5645 2819 5681 δ
2842 5648 2886 5701 Α
2911 5659 3119 5703 nostrae
3155 5664 3394 5705 notitiae.
3510 5661 3515 5673 ‘
3570 5652 3608 5701 Α
3644 5666 3685 5699 ις
