4226 6252
614 283 720 340 875
2038 282 2209 342 JOAN

2313 285 2327 341 ἱ
2365 285 2564 344 δοοτι
3738 245 3750 254 .
3767 291 3873 354 876

609 408 862 454 naturam
922 399 1326 471 sup'er‘additurn
1370 411 1456 458 est
1481 445 1496 466 ,
1567 401 1819 474 quamvis
1880 398 1938 456 in
1981 400 2197 457 hestiali
2225 405 2272 463 Α
2302 411 2349 455 et
2374 403 2573 472 peccati
2594 399 3071 472 abolitionem",et
3093 404 3347 470 natuita»,
3371 416 3426 461 ut
3454 392 3882 480 cmprehendar:

615 492 918 547 substantia
967 493 1167 548 bonum
1207 496 1297 560 sit,
1332 493 1539 550 homini
1585 503 1762 549 tamen
1815 491 2204 548 inconveniens

615 592 668 635 et
691 581 957 636 alienum.
998 582 1109 639 Nec
1131 583 1348 640 aliunde
1377 586 1644 640 humanae
1671 593 1895 638 naturae
1918 571 2204 638 irrationa-

613 671 749 726 biles
779 682 954 735 motus
1000 683 1456 744 supervenerunt,
1487 675 1589 730 nisi
1636 674 2050 731 ex.bestiarum
2080 671 2204 748 sub-

614 765 853 820 stantiali
885 765 1110 834 ἰιιιρειυ,
1135 768 1335 837 quibus
1357 769 1652 838 peccando
1673 767 1866 823 similis
1912 765 2062 821 facta.
2093 773 2199 820 est.

612 855 767 923 Quod
809 857 972 913 etiam
1022 857 1162 913 idem
1215 858 1511 930 Gregorius
1554 858 1827 932 Nyssaeus
1873 867 2109 930 testatur
2146 857 2200 910 in

611 948 849 1016 capitulo
883 949 1094 1006 decimo
1113 961 1307 1005 octavo
1333 952 1399 1010 de
1431 951 1668 1023 [inagine
1711 951 1729 983 ⁸
1759 991 1774 1018 ,
1839 951 2028 1009 dicens
2053 965 2074 1004 :
2101 947 2203 1003 Ar-

569 1089 572 1092 .
605 1038 777 1097 bitror
801 1057 865 1095 ea:
891 1045 989 1094 hoc
1021 1042 1299 1113 principio,
1340 1041 1687 1100 similitudine
1714 1041 1949 1096 videlicet
1983 1037 2204 1098 irratio-

608 1130 867 1188 nabilium
933 1136 1321 1200 animantium,
1379 1137 1538 1190 etiam
1597 1135 1835 1205 singulas
1899 1133 2204 1203 passiones,

615 1222 771 1277 veluti
816 1241 884 1279 ea:
917 1209 1069 1294 fonte
1117 1226 1345 1296 quodam
1370 1226 1768 1281 inundationem
1796 1227 1835 1288 ‘,
1875 1224 1929 1278 in
1972 1212 2204 1278 humana

609 1316 714 1370 vita
745 1319 1006 1374 conditas.
1051 1318 1205 1374 Hanc
1249 1330 1424 1376 autem
1457 1319 1711 1375 rationem
1738 1318 2014 1387 conﬁrmat
2044 1317 2067 1348 ⁸
2092 1315 2205 1386 ipsa

610 1411 916 1475 passionum
965 1412 1227 1480 cognatio,
1264 1411 1557 1480 aequaliter
1599 1420 1645 1467 et
1686 1412 1741 1466 in
1771 1409 1941 1475 nobis,
1976 1418 2026 1462 et
2068 1405 2206 1462 irru-

607 1501 943 1557 tionabilibus
968 1502 1359 1572 manifestata".
1387 1504 1508 1558 Non
1523 1504 1659 1558 enim
1679 1502 1882 1573 justum
1907 1509 2004 1563 est,
2024 1499 2079 1552 in
2107 1497 2208 1550 hu-

608 1606 766 1646 mana
795 1602 984 1646 natura
1011 1594 1116 1647 'ad
1141 1595 1372 1651 divinam
1400 1597 1619 1664 speciem
1645 1593 1872 1664 formata
1895 1591 1918 1622 ⁵
1945 1585 2208 1660 passibilis

607 1683 826 1756 a/f‘ecius
848 1686 1117 1754 perhibere
1143 1688 1162 1719 ⁷
1180 1689 1462 1759 principia.
1483 1687 1622 1744 Nam
1648 1683 2048 1743 transeundum
2064 1679 2210 1749 Iuro.

2301 491 2495 556 dicam,
2541 494 2802 548 initlorum
2851 485 3154 555 terminum.
3200 496 3351 555 Finis
3397 500 3578 569 itaque
3633 517 3887 571 praesen-

2304 584 2373 639 tis
2400 584 2540 639 vitae
2564 585 2777 641 initium
2819 597 2907 643 est
2935 587 3168 652 futurae.
3207 597 3262 646 et
3289 605 3438 644 mors
3477 592 3669 647 carnis
3707 591 3886 660 auspi-

2300 676 2446 732 cium
2490 689 2716 733 naturae
2746 680 3124 744 restitutionis,
3168 691 3222 740 et
3263 682 3318 739 in
3360 684 3639 754 antiquam
3684 685 3886 742 incolu-

2302 767 2548 824 mitatem
2593 771 2819 827 reditus.

2371 857 2426 912 8.
2472 857 2653 913 Prima
2684 861 2847 934 igitur
2883 863 3154 920 humanae
3203 875 3432 921 naturae
3486 867 3729 924 reversio
3779 877 3888 931 ess.

2303 955 2520 1022 quando
2542 969 2742 1025 corpus
2769 957 3016 1023 solvitur,
3033 968 3088 1013 et
3117 959 3169 1014 in
3196 949 3448 1028 quattuor
3468 961 3738 1018 elementa
3761 977 3890 1017 sen-

2303 1043 2478 1099 sibilis
2504 1045 2712 1110 mundi,
2735 1063 2804 1102 ex
2824 1047 3022 1118 quibus
3043 1051 3400 1120 οοιιιροςίιυιη
3431 1061 3546 1117 est,
3577 1042 3886 1110 revocatur.

2305 1133 2552 1192 Secunda
2580 1135 2632 1191 in
2677 1141 3075 1198 resurrectione
3109 1140 3444 1211 implebitnr,
3475 1145 3694 1214 quando
3727 1159 3893 1198 unus-

2305 1227 2534 1296 quisque
2556 1243 2710 1284 suum
2737 1231 3012 1299 proprium
3036 1247 3234 1301 corpus
3247 1249 3315 1288 ex
3337 1235 3718 1289 communione
3739 1245 3896 1304 quat-

2309 1326 2430 1371 tuor
2452 1319 2839 1374 elcmentornm
2867 1323 3109 1392 recipiet.
3141 1324 3336 1388 Tertia,
3360 1329 3573 1396 quando
3599 1341 3796 1396 corpus
3839 1326 3892 1380 in

2306 1407 2558 1477 spiritum
2605 1411 2918 1465 inuuibitnr.
2971 1416 3434 1483 Quarta,quando
3465 1415 3707 1488 spiritus,
3731 1425 3897 1495 et,‘ut

2307 1499 2546 1567 apertius
2568 1500 2766 1564 dicam,
2801 1511 2910 1557 tota
2942 1503 3178 1564 hominis
3203 1514 3395 1563 natura
3435 1507 3488 1562 in
3517 1506 3899 1577 primordiales

2307 1605 2504 1653 causas
2535 1602 2859 1658 revertetur,
2891 1609 3032 1665 quae
3052 1605 3181 1652 sunt
3205 1612 3422 1668 semper
3450 1609 3506 1656 et
3535 1599 3898 1655 incommuta-

2308 1678 2488 1738 bititer
2515 1684 2567 1737 in
2602 1683 2732 1740 Deo.
2767 1683 2985 1750 Quinta,
3012 1688 3232 1758 quando
3257 1689 3370 1760 ipsa
3401 1699 3594 1746 natura
3625 1705 3748 1746 cum
3781 1689 3902 1745 suis-

609 1779 716 1832 rem
734 1775 936 1846 rstipsa
952 1778 1178 1832 hominis
1192 1779 1262 1833 ad
1287 1756 1447 1833 Deum
1470 1777 1782 1853 similitudo,
1807 1787 2046 1842 nequeea:
2061 1770 2205 1830 υοιειο
2237 1756 2278 1816 Β
2309 1773 2490 1828 causis
2519 1774 2827 1829 movebitur
2869 1777 2920 1830 in
2971 1756 3134 1832 Deum
3155 1821 3170 1844 ,
3216 1756 3357 1835 sicut
3401 1795 3498 1836 aer
3549 1790 3796 1837 movetur
3838 1781 3894 1834 in

605 1875 749 1935 ptate
764 1869 873 1936 ipsa
887 1871 1275 1940 supereminens
1293 1882 1486 1926 natura
1504 1872 1786 1942 (ornantur.
1807 1867 2060 1924 Formido
2072 1880 2203 1936 quo-

605 1973 724 2027 que,
751 1969 796 2010 et
811 1959 1080 2028 ferocitas,
1101 1972 1149 2017 et
1173 1963 1242 2018 ad
1267 1963 1342 2027 id,
1367 1962 1508 2034 quod
1529 1962 1647 2032 plus
1667 1962 1764 2026 est,
1788 1959 2129 2022 desiderium,
2151 1964 2201 2011 et

547 2095 550 2098 .
606 2050 678 2102 ad
726 2049 800 2112 id,
839 2054 976 2119 quod
1009 2053 1182 2109 minus
1221 2055 1548 2119 est,odi.um,-
1583 2063 1632 2108 et
1677 2054 1854 2110 omnia
1897 2047 2203 2120 hujusmodi

611 2143 1039 2213 longe’dirinoe
1067 2147 1473 2217 pulchritudinis
1518 2149 1820 2214 charactere
1866 2143 2010 2200 sunt.
2056 2141 2205 2201 Haec

605 2237 782 2306 itaque
819 2239 1262 2325 es‘irrutionabili
1295 2252 1444 2310 parte
1479 2241 1714 2294 humana
1763 2252 1955 2293 natura
2012 2239 2080 2294 ad
2117 2251 2202 2291 ss-

606 2329 780 2396 ipsum
820 2324 1059 2385 attraxit.
1094 2328 1384 2403 Inquibus
1427 2330 1565 2385 enim
1596 2327 1977 2405 irrationabilis
2007 2325 2107 2382 vita
2134 2324 2203 2382 ad

608 2424 1050 2480 conservationem
1082 2440 1236 2480 suam
1271 2423 1474 2481 munita
1501 2433 1596 2486 est,
1645 2421 1772 2476 haec
1805 2422 1872 2474 ad
1914 2421 2203 2474 humanam

615 2512 773 2565 citant
823 2512 1117 2578 translata,
1164 2515 1432 2584 passiones
1474 2513 1646 2584 factae
1674 2522 1820 2569 sunt.
1853 2511 1908 2566 in
1944 2511 2045 2566 bos
2096 2509 2201 2564 ita-

611 2621 718 2675 que
749 2593 1147 2662 irrationabiles
1187 2616 1388 2670 motus,
1434 2607 1522 2675 qui
1561 2605 1770 2661 bcstiali
1810 2605 1949 2658 vitae
1979 2615 2202 2659 natura-

612 2696 754 2761 liter,
795 2698 1066 2752 humanae
1113 2713 1243 2754 vero
1286 2698 1616 2768 passibiliter
1664 2690 1887 2759 insunt,
1927 2699 2204 2754 hominem

610 2787 876 2842 cecidisse
909 2787 1087 2842 nullus
1111 2788 1411 2857 sapientum
1444 2787 1688 2856 ambigit,
1719 2796 1773 2842 et
1804 2801 1869 2841 ex
1899 2786 1985 2840 his
2007 2787 2203 2840 iterum

615 2878 670 2934 in
717 2890 940 2933 mortem
969 2879 1214 2950 corporis
1241 2890 1297 2937 et
1355 2880 1679 2936 solutionem
1730 2883 1956 2955 corruit.
2021 2879 2206 2948 Neque

615 2972 758 3026 enim
786 2970 904 3040 plus
931 2971 1224 3028 ini’eriusve
1247 2975 1446 3031 rnere’
1489 2973 1680 3042 potuit.
1716 2972 1995 3043 Siquidem
2032 2972 2083 3026 in
2115 2987 2206 3027 na-

615 3075 734 3121 tura
768 3083 947 3122 rerum
994 3066 1128 3121 nihil
1166 3063 1390 3122 inferius
1424 3076 1511 3122 est
1549 3067 1676 3127 vita.
1705 3067 1935 3131 ratione,
1959 3075 2015 3122 et
2043 3062 2203 3120 sensu

618 3166 873 3220 carente;
904 3158 1151 3212 intimum
1177 3167 1356 3212 autem
1398 3158 1642 3212 omnium
1685 3173 1885 3228 corpus
1927 3158 2200 3226 corrupti-

622 3248 752 3314 bile,
782 3250 1038 3318 qlttzltlalli
1072 3249 1137 3302 ad
1166 3248 1392 3303 nihilum
1438 3249 1616 3304 redire
1658 3248 1803 3304 nulla
1837 3258 2032 3302 natura
2074 3248 2208 3302 sini-

621 3351 736 3405 tur,
759 3347 813 3394 et
840 3339 928 3394 ubi
979 3340 1169 3403 ruinae
1205 3353 1334 3394 suae
1365 3338 1527 3393 tinem
1579 3339 1781 3409 posuit,
1836 3337 1965 3394 inde
2011 3338 2206 3394 iterum

620 3432 803 3487 redire
828 3430 1123 3486 inchoavit.
1151 3430 1303 3485 Finis
1339 3440 1520 3485 autem
1559 3432 1752 3486 ruinae
1777 3429 1980 3485 solutio
2013 3445 2209 3500 corpo-

621 3523 696 3574 ris
739 3521 952 3576 est.—Ex
983 3515 1253 3578 solutione
1290 3523 1474 3591 itaque
1515 3523 1761 3594 corporis
1805 3523 2013 3578 reditus
2053 3531 2210 3577 natu-

617 3630 711 3666 rae
743 3614 1139 3683 proﬁciscitur;
1179 3629 1243 3670 ac
1280 3631 1375 3693 per
1417 3617 1520 3670 hoc
1568 3599 1688 3686 plus
1736 3616 1988 3671 utilitatis
2017 3617 2211 3670 huma—

617 3723 720 3761 ιι·ιο
752 3717 980 3764 naturae
1019 3707 1249 3762 contulit
1287 3724 1434 3762 ntors
1470 3708 1672 3770 curuis,
1719 3724 1883 3777 quant
1917 3709 2208 3775 vindictae,

614 3798 864 3865 quamvis
898 3814 1070 3868 poena
1097 3800 1300 3868 peccati
1338 3801 1503 3855 fuisse
1543 3802 1826 3855 aestimata
1873 3801 1976 3864 sit;
2013 3801 2064 3856 in
2092 3809 2211 3855 tan-

617 3900 730 3942 tutu
742 3935 757 3955 ,
772 3891 1022 3944 llll'al'llib'
1037 3892 1229 3945 solutio
1241 3933 1255 3957 ,
1269 3907 1407 3962 quae
1424 3892 1614 3947 mortis
1638 3894 1853 3947 nomine
1867 3893 2006 3949 solet
2023 3893 2210 3962 appel-

613 3983 729 4042 lari.
753 3985 1125 4041 rationabilius
1145 4001 1288 4040 mors
1307 3987 1493 4041 mortis
1508 3986 1741 4050 dicatur,
1760 4001 1919 4056 quam
1938 4002 2082 4040 mors
2097 4002 2216 4039 car-

613 4077 715 4130 nis.
737 4075 792 4130 Si
808 4079 952 4133 enim
976 4077 1207 4131 humana
1226 4077 1332 4130 vita
1349 4077 1399 4130 in
1417 4077 1518 4131 hac
1533 4079 1866 4144 corruptibili
1895 4094 2058 4134 carne
2072 4087 2217 4132 recte

618 4187 646 4226 a
672 4172 1007 4242 sapientibus
1046 4188 1192 4227 mors
1216 4171 1504 4234 vocitatur,
1536 4187 1639 4240 qua
1666 4171 1872 4226 ratione
1905 4173 2026 4225 linis
2049 4173 2216 4242 ipsius

622 4263 763 4318 vitae
783 4265 976 4319 mortis
995 4264 1254 4319 vocabulo
1269 4264 1654 4326 censeretur”,
1671 4266 1795 4317 dum
1818 4265 1936 4333 plus
1961 4267 2024 4318 de
2045 4275 2217 4318 morte

621 4351 834 4417 liberat,
897 4369 1057 4421 quam
1109 4369 1340 4408 mortem
1402 4354 1758 4408 morientibus
1815 4355 2026 4409 infert?
2079 4356 2217 4410 Hinc

617 4447 810 4502 beatus
886 4446 1152 4501 Maximus
1199 4449 1268 4508 in,
1305 4449 1563 4504 vicesimo
1612 4458 1805 4504 octavo
1859 4449 2098 4515 capitulo
2148 4450 2213 4504 de
2249 4485 2294 4548 D

614 4541 898 4610 Ambiguis
943 4559 954 4594 :
1009 4540 1226 4605 Finem,
1275 4543 1486 4612 inquit,
1535 4544 1824 4612 praesentis
1867 4543 2028 4612 hujus
2077 4543 2214 4596 vitae

616 4634 873 4702 injustam
904 4644 1004 4696 est,
1049 4642 1103 4686 ut
1151 4632 1402 4700 arbitror,
1459 4644 1679 4688 mortent
1732 4635 2026 4696 nominare,
2060 4634 2154 4688 sed
2181 4650 2212 4686 α

619 4733 786 4779 morte
813 4725 1205 4789 alienationem,
1247 4735 1296 4779 et
1334 4742 1367 4778 a
1405 4726 1740 4795 corruptione
1779 4726 2216 4794 seqregati'onem,

619 4828 664 4872 et
693 4835 724 4871 a
751 4819 995 4872 servitute
1039 4807 1353 4881 libertatem,
1393 4828 1439 4870 et
1469 4836 1500 4870 a
1531 4820 1925 4888 perturbatione
1967 4817 2214 4886 quietem,

618 4921 662 4961 ct
693 4908 943 4962 bcilorum
973 4908 1261 4973 interitum,
1299 4920 1344 4962 et
1372 4927 1405 4963 α
1427 4907 1466 4940 ¹¹
1498 4908 1805 4976 confusione
1828 4909 2135 4974 transitum,
2168 4917 2216 4961 et

621 5019 654 5054 α
690 5001 911 5054 tenearis
975 5000 1220 5066 reditum,
1263 5012 1312 5052 et
1365 5019 1397 5054 tt
1441 5000 1712 5054 doloribus
1773 5001 2024 5070 requiem,
2068 5009 2116 5053 el
2152 4999 2217 5052 ab

623 5093 838 5163 ignobili
869 5110 1056 5162 pompa
1097 5091 1384 5156 silentium,
1411 5101 1460 5145 et
1497 5091 1560 5144 ab
1588 5091 1633 5122 “
1655 5091 2000 5143 instabilitate
2030 5091 2218 5154 otium,

622 5195 671 5238 et
704 5185 1049 5256 turpitudinis
1091 5185 1342 5250 velamen,
1389 5193 1438 5239 et
1486 5201 1518 5238 α
1546 5183 1882 5253 passionibus
1929 5181 2222 5250 refugium,

2303 1861 2500 1919 lucem.
2533 1863 2648 1918 Erit
2674 1865 2819 1920 enim
2854 1867 2996 1923 Deus
3031 1869 3214 1924 omnia
3258 1869 3314 1926 in
3356 1869 3628 1936 omnibus,
3678 1869 3898 1940 quando

2305 1952 2438 2008 nihil
2465 1953 2570 2009 erit
2604 1954 2708 2010 nisi
2759 1955 2930 2011 solus
2964 1956 3128 2013 Deus.
3176 1955 3286 2014 Nec
3334 1973 3433 2029 per
3483 1960 3585 2014 hoc
3633 1973 3900 2014 conamur

2304 2054 2570 2110 astruere,
2587 2047 2942 2105 substantiam
2965 2064 3143 2104 rerum
3165 2051 3479 2121 perituram,
3498 2051 3591 2106 sed
3618 2051 3672 2106 in
3704 2050 3900 2107 melius

2305 2151 2403 2207 per
2444 2139 2645 2209 gradus
2695 2140 3002 2208 praedictos
3052 2141 3365 2198 redituram.
3413 2142 3695 2211 Quomodo
3749 2128 3905 2209 enim-

2305 2239 2487 2300 potest
2512 2231 2693 2301 perire
2711 2272 2725 2296 ,
2751 2234 2895 2302 quod
2936 2233 2987 2289 in
3017 2234 3209 2290 melius
3231 2235 3492 2307 probatur
3516 2235 3732 2292 redire?
3783 2233 3903 2289 Ilu-

2309 2321 2444 2375 tatio
2474 2322 2655 2392 itaque
2683 2323 2948 2380 humanae
2973 2335 3197 2382 naturae
3221 2327 3274 2381 in
3309 2327 3476 2382 Deum
3505 2341 3610 2382 non
3645 2326 3899 2381 substan-

2311 2418 2414 2472 tiae
2445 2418 2696 2473 interitns
2719 2418 2762 2449 ”
2785 2421 3118 2476 assumenda
3143 2430 3246 2484 est,
3275 2425 3367 2476 sed
3396 2421 3448 2476 in
3471 2421 3895 2491 pristinumsta-
3923 2417 3926 2420 ’

2312 2518 2443 2572 tum,
2467 2525 2628 2580 quem
2653 2511 3072 2578 praevaricando
3097 2514 3423 2583 perdiderat,
3450 2512 3714 2568 mirabilis
3740 2499 3904 2581 atque

2312 2601 2596 2657 itteﬂabilis
2620 2606 2879 2660 reversio.
2927 2606 2982 2661 Si
3015 2607 3158 2661 enim
3187 2622 3363 2669 omne,
3397 2585 3538 2674 quod
3578 2621 3712 2674 pure
3743 2603 3903 2658 intel-

2312 2695 2448 2765 ligil,
2474 2694 2705 2750 eﬂicitur
2731 2712 2893 2752 unum
2926 2714 3048 2752 cum
3097 2711 3183 2764 eo,
3210 2697 3354 2768 quod
3399 2696 3738 2766 intelligitur,
3769 2695 3908 2766 quid.

2311 2790 2535 2850 mirum,
2565 2786 2610 2843 si
2638 2796 2822 2843 nostra
2852 2798 3064 2851 natura,
3095 2787 3311 2857 quando
3348 2789 3512 2842 Deum
3546 2786 3686 2840 l'acie
3718 2787 3784 2842 ad
3817 2783 3900 2838 ia-

2312 2877 2450 2932 ciem
2484 2877 2912 2947 contemplatura
2947 2878 3019 2932 sit
3055 2879 3122 2940 ",
3168 2879 3220 2932 in
3267 2878 3374 2940 his,
3407 2878 3499 2947 qui
3551 2879 3699 2947 digni
3756 2885 3904 2938 sunt,

2311 2975 2570 3042 quantum
2618 2968 2667 3023 ei
2716 2967 2875 3026 datur
2900 2967 3275 3037 contemplari,
3302 2968 3355 3026 in
3403 2967 3635 3023 nubibus
3665 2967 3907 3022 theorine

2313 3075 2634 3126 ascensura,
2664 3075 2830 3138 unum
2859 3074 2980 3114 cum
3013 3060 3127 3129 ipso
3175 3067 3230 3116 et
3275 3059 3328 3114 in
3375 3058 3491 3129 ipso
3535 3057 3654 3113 lieri
3703 3056 3907 3126 possit?

2315 3154 2426 3226 Nec
2473 3154 2578 3212 hoc
2621 3153 2868 3218 dicimus,
2925 3151 3138 3210 illorum
3183 3165 3403 3207 sensum
3452 3148 3781 3211 refellentes.
3813 3146 3905 3218 qui

2312 3247 2518 3313 dicunt,
2549 3245 2752 3300 nullum
2782 3260 2980 3314 corpus
3029 3257 3187 3312 posse
3233 3241 3279 3274 “
3332 3241 3528 3295 mutari
3581 3241 3632 3294 in
3698 3241 3902 3299 vitam.

2313 3352 2489 3406 neque
2520 3336 2681 3392 ullam
2707 3337 2874 3398 vitam
2897 3334 3093 3391 mutari
3121 3334 3170 3390 in
3196 3347 3413 3401 corpus,
3438 3332 3757 3403 praesertim
3783 3346 3905 3387 cum

2311 3440 2531 3488 Sanctus
2558 3430 2719 3487 Pater
2747 3428 3079 3499 Augustinus
3110 3429 3210 3484 hoc
3235 3426 3428 3482 docere
3455 3427 3495 3460 "
3523 3427 3792 3490 videatur,
3815 3424 3911 3482 sed

2313 3524 2458 3594 quod
2489 3524 2540 3578 in
2575 3523 2679 3577 hac
2711 3521 3077 3591 disputatione
3107 3521 3174 3574 de
3211 3528 3434 3574 naturae
3483 3517 3656 3573 reditu
3703 3515 3911 3586 Grego-

2313 3618 2456 3672 rium
2509 3615 2787 3685 sequimur
2838 3612 3208 3682 Theulogum,
3256 3610 3482 3679 ejusque
3541 3608 3912 3678 expositorum

2315 3707 2630 3768 Maximum,
2665 3721 2763 3759 nec
2793 3721 2898 3758 non
2923 3714 2974 3758 et
2998 3711 3240 3756 sanetum
3271 3699 3618 3756 Ambrosium
3647 3701 3702 3754 in
3726 3699 3911 3768 expla-

2315 3800 2534 3855 natione
2562 3797 2833 3869 Evangelii
2859 3797 3153 3850 secundum
3186 3793 3418 3854 Lucam;
3473 3806 3647 3862 neque
3677 3791 3909 3860 cuipiam

2315 3894 2606 3950 suademus
2634 3892 2875 3954 credere,
2898 3890 3038 3959 quod
3071 3888 3118 3943 ei
3146 3885 3459 3942 incredibile
3485 3885 3718 3938 videtur.
3752 3883 3912 3937 Prae~

2318 3985 2586 4041 dictorum
2619 3999 2850 4052 namque
2882 3979 3207 4035 reversionis
3245 3987 3467 4030 naturae
3497 3975 3763 4046 graduum
3795 3973 3912 4042 quir

2319 4080 2440 4134 dant
2468 4086 2612 4140 sunt,
2640 4077 2689 4130 in
2719 4077 2915 4145 quibus
2949 4072 3316 4141 theologorum
3362 4068 3581 4122 traditio
3622 4066 3912 4121 universa-

2321 4171 2446 4224 liter
2472 4169 2764 4229 consentit,
2793 4166 3036 4234 quitiam,
3063 4163 3112 4215 in
3147 4162 3342 4230 quibus
3369 4159 3591 4212 omnino
3617 4157 3915 4226 discrepat.

2321 4259 2456 4313 Nam
2488 4258 2550 4312 de
2581 4257 2749 4311 reditu
2779 4253 3022 4322 corporis
3051 4251 3100 4304 in
3132 4250 3416 4308 elementa,
3437 4263 3501 4300 ex
3523 4247 3722 4316 quibus
3743 4247 3916 4308 venit,

2324 4349 2497 4414 deque
2561 4345 2728 4414 ipsius
2793 4340 3208 4398 resurrectionis
3277 4349 3514 4405 temporc
3566 4335 3618 4388 in
3673 4335 3914 4403 seipsunt

2329 4457 2568 4502 recursu,
2599 4440 2775 4491 nullus
2799 4437 3040 4488 dissonat
3063 4435 3129 4486 ab
3157 4431 3344 4485 altero.
3375 4429 3446 4486 Dc
3479 4428 3708 4482 transitu
3761 4443 3916 4490 vero,

2324 4535 2373 4589 itl
2399 4546 2480 4589 cst
2505 4532 2957 4588 transntntationc
2977 4526 3219 4594 corporis
3245 4525 3295 4578 in
3321 4519 3678 4584 anitttam,\'cl
3703 4521 3917 4573 animae

2324 4627 2376 4680 in
2407 4641 2620 4687 causas,
2647 4621 2726 4675 vel
2755 4621 2994 4674 omnium
3026 4617 3078 4672 in
3109 4617 3298 4680 Deum,
3321 4613 3472 4667 valde
3495 4611 3776 4666 dissimi!is
3797 4627 3919 4664 son-

2325 4721 2490 4772 tentia
2521 4726 2624 4780 est,
2652 4715 2972 4781 variumque
3003 4708 3114 4763 fere
3139 4709 3190 4762 in
3219 4706 3468 4760 omnibus
3495 4704 3714 4772 dogma.
3766 4701 3914 4756 Multi

2325 4815 2472 4870 enim
2497 4815 2562 4867 de
2585 4806 2914 4866 solutione“
2927 4800 3261 4859 solummodo
3283 4799 3524 4868 corporis
3549 4797 3599 4849 in
3623 4795 3918 4870 eletut‘nta,

2327 4909 2501 4976 deque
2526 4903 2642 4973 ejus
2667 4902 2841 4955 reditu
2875 4893 3284 4952 resurrectionis
3332 4895 3605 4943 momento
3655 4869 3710 4938 iit
3762 4902 3918 4938 suum

2325 4974 2605 5066 proprium
2633 5001 2831 5045 statum
2857 4987 3154 5055 disputant,
3182 4990 3238 5034 et
3262 4995 3436 5048 neque
3458 4977 3577 5048 plus
3617 4974 3918 5029 ascendere

2327 5089 2601 5150 videntur,
2630 5079 2883 5152 quoniam
2916 5079 2966 5132 in
2999 5075 3259 5147 qualitate
3307 5084 3596 5140 corporum
3656 5077 3779 5136 post
3834 5080 3918 5120 re-

2326 5176 2721 5233 surrectionem
2755 5166 3135 5240 disputationis
3167 5177 3297 5219 suae
3324 5160 3487 5215 linem
3536 5157 3920 5218 constituunt;

1919 5337 2005 5392 VA
2015 5335 2174 5392 ΜΔΕ
2209 5332 2608 5391 LEC'l'lONES.

701 5460 719 5488 ¹
760 5457 822 5511 ἔνι
849 5459 1076 5520 capitulo
1099 5457 1300 5512 decimo
1327 5466 1504 5510 octauo
1536 5456 1598 5508 de
1627 5453 1856 5521 imagine
1883 5467 1995 5504 om.
2027 5447 2135 5502 CF.
2212 5450 2234 5479 ’
2273 5447 2365 5521 Sic
2389 5445 2506 5509 CF;
2534 5446 2586 5521 _A
2618 5445 2668 5498 in
2694 5435 3156 5521 inundati't‘tnezma
3183 5434 3459 5521 cpnfirmat
3489 5434 3695 5521 aurae:
3737 5432 3928 5521 ’πλεῖς

629 5529 712 5584 CF
1531 5501 2226 5598 {WA"liniue—naetnamraez‘
2391 5501 2505 5598 me
2529 5517 2809 5598 l'prtnatnc.
2887 5514 2904 5542 "
3053 5507 3243 5598 CF‘tn
3269 5501 3525 5598 tegare.“
3554 5501 3918 5598 “Al-Sic“?ng

1234 5599 1254 5629 τ’
1285 5571 1506 5662 Sicily;
1532 5571 1614 5649 ’Ᾰ-
1638 5571 1859 5663 inferius
1893 5592 2079 5646 vivere.
2183 5590 2228 5663 ‘7'
2262 5588 2354 5663 Sic
2385 5585 2469 5663 Ωιτ
2491 5605 2503 5648 ;
2537 5588 2582 5641 Α
2625 5595 2881 5663 censetur.
2979 5582 3232 5663 “ueni.
3271 5575 3379 5663 Ci”.
3453 5571 3926 5663 plumas.

1494 5644 1915 5732 hia-linteum
1949 5644 2275 5715 substantiae
2307 5644 2543 5714 interitu.
2647 5657 2690 5688 ¹⁸
2712 5657 2755 5710 Α
2785 5651 3210 5722 contentplatura
3250 5656 3344 5701 est.
3447 5644 3673 5723 "posse
3718 5659 3832 5700 om.
3859 5644 3900 5696 A

644 5741 682 5771 ”
711 5743 799 5794 Sic
829 5743 941 5805 CF;
975 5743 1014 5794 Α
1045 5743 1233 5794 dicere.
1318 5742 1360 5771 ’⁸
1388 5740 1472 5794 Sic
1504 5737 1618 5794 CF:
1647 5736 1690 5789 Α
1723 5733 2138 5789 dissolutionem.
