4226 6264
540 272 644 335 879

1937 275 2056 334 10A
2067 275 2237 333 NNlS‘
2258 271 2458 334 SCOTl

3714 263 3817 323 880
3865 216 3868 225 .

517 361 731 445 natura
760 388 830 444 ait
866 389 1135 456 subsistit,
1188 390 1333 463 quod
1376 388 1659 464 Spirituale
1695 398 1751 447 et
1798 374 2211 463 intelligihilelA
2236 388 2553 458 dei/icastris,
2580 398 2719 442 totus
2743 386 2954 459 quidem
2980 387 3135 445 homo
3154 360 3368 443 manens
3396 383 3683 465 secundum
3709 381 3821 433 aut"

537 495 645 537 non
672 480 762 537 sit.
800 480 936 538 Nam
960 493 1015 540 et
1039 478 1339 540 substantia
1375 482 1622 553 corporis
1651 480 1897 553 profecto
1933 478 2130 536 intelli-

526 570 716 642 gibilis
741 579 845 657 est,
871 585 1033 643 atque
1062 573 1187 630 ideo
1211 588 1319 629 non
1343 581 1425 631 est
1447 573 1910 639 incredibilegnec
1934 571 2128 628 rationi

538 664 815 731 resistens
846 663 887 730 ⁸,
957 664 1319 736 intelligibiles
1368 665 1706 732 substantiae
1748 663 1859 721 sibi
1896 664 2127 720 invicem
2166 672 2171 677 ·

535 751 762 807 adunari
789 752 833 820 ⁸,
865 761 924 808 ιιι
957 742 1031 808 et
1057 770 1224 829 unum
1255 755 1389 822 sint,
1422 764 1481 811 et
1514 770 1872 826 unaquaeque
1896 754 2133 825 proprie-

537 849 703 899 tatem
741 858 892 899 suam
931 852 988 900 et
1024 828 1432 902 subsistentiam
1474 847 1678 903 habere
1723 861 1835 902 non
1882 844 2126 912 desistat,
2175 869 2183 875 ·

536 931 611 987 ita
655 941 855 1000 tamen,
903 944 963 991 ut
1015 935 1271 993 interiora
1308 937 1678 1007 superioribus
1725 937 2148 993 contineantur.-

535 1020 652 1078 Non
679 1023 822 1080 enim
849 1038 977 1079 vera
1009 1026 1148 1081 ratio
1173 1027 1326 1093 sinit,
1355 1027 1635 1097 superiora
1660 1018 2008 1082 inferioribus
2046 1024 2132 1080 vel

539 1113 827 1180 contineri,
865 1115 950 1171 vel
973 1117 1197 1182 attrahi,
1229 1117 1312 1173 vel
1342 1118 1613 1173 consumi.
1650 1117 1914 1186 Interiora
1944 1113 2075 1172 vero
2099 1130 2133 1171 a

535 1203 902 1275 superioribus
934 1204 1252 1260 naturaliter
1278 1207 1651 1275 attrahuntur,
1672 1214 1728 1262 ct
1751 1192 2131 1271 absorbentur,

535 1294 642 1349 non
673 1303 732 1348 ut
760 1310 867 1350 non
891 1295 1019 1360 sint,
1051 1295 1145 1351 sed
1176 1305 1235 1348 ut
1260 1298 1312 1350 in
1342 1296 1422 1353 eis
1450 1299 1571 1367 plus
1597 1298 1902 1355 solventur.
1927 1307 1980 1352 et
2006 1298 2133 1352 sub-

522 1384 759 1458 sistant,
777 1393 833 1438 et
867 1399 1030 1439 unum
1060 1384 1187 1440 sint.
1224 1384 1363 1440 Nam
1407 1397 1583 1458 neque
1628 1402 1722 1442 aer
1762 1402 1917 1442 suam
1955 1384 2134 1458 perdit

535 1469 917 1544 Substautiam,
942 1493 1064 1534 cum
1097 1487 1243 1536 totus
1270 1480 1322 1534 in
1349 1479 1531 1536 solare
1557 1480 1737 1536 lumen
1769 1466 2131 1545 mnvertitur,

535 1566 588 1618 in
622 1572 853 1631 tantum,
896 1576 954 1621 ut
991 1566 1124 1622 nihil
1174 1556 1344 1624 ineo
1395 1580 1656 1641 appareat
1702 1564 1971 1637 nisi'lux,
2007 1587 2132 1626 cum

530 1656 675 1711 aliud
694 1659 769 1713 sit
797 1658 906 1723 lux,
931 1659 1076 1713 aliud
1108 1675 1231 1724 aer;
1264 1660 1355 1715 lux
1384 1668 1566 1717 tamen
1596 1660 1873 1730 praevalet
1898 1662 1952 1717 in
1978 1664 2132 1728 aere,

2234 498 2375 535 mam
2403 492 2449 535 et
2481 496 2670 549 corpus
2702 497 2794 552 per
2832 490 3103 546 naturam,
3132 491 3181 534 ct
3202 488 3342 534 totus
3372 481 3543 550 factus
3565 475 3705 531 Deus
3734 490 3819 531 sc-

2233 576 2463 631 cundum
2488 576 2721 629 animum
2746 584 2793 628 et
2821 590 3008 643 corpus
3032 589 3127 644 per
3163 573 3408 650 gratiam,
3435 582 3483 627 ct
3510 572 3793 626 conueniet)

2235 674 2335 720 tem
2356 666 2493 719 sibi"
2514 681 2607 737 per
2637 673 2802 719 totum
2830 661 3060 720 divinant
3084 663 3264 717 beatae
3280 654 3479 733 gloriae
3506 660 3821 725 claritatem,

2233 768 2346 828 post
2398 773 2553 829 quam
2613 756 2745 809 nihil
2788 765 2862 810 est
2908 744 2979 809 ad
3016 752 3414 824 intelligendum
3461 749 3690 805 lucidius
3728 759 3822 803 aut

2234 848 2511 903 excelsius.
2540 844 2679 912 Quid
2705 854 2777 901 est
2804 846 2828 879 ⁸
2854 844 3174 909 θιῶἑηωςάιι
3199 852 3276 899 est
3302 840 3634 913 deiﬁcatione
3651 838 3823 910 dignis

2235 939 2538 1003 amabilius,
2562 955 2655 1010 per
2681 954 2839 1009 quam
2866 939 3046 994 Θὲωσιν
3073 939 3095 971 ⁸
3113 936 3254 991 Deus
3276 934 3378 990 diis
3408 934 3563 1004 factis
3579 931 3625 964 ’°
3647 930 3829 986 unitas

2237 1031 2448 1085 omnino
2477 1029 2863 1084 universitatem
2898 1044 3053 1084 suam
3082 1028 3210 1097 facit
3230 1042 3323 1091 per
3349 1021 3676 1080 bonitatem?
3700 1022 3828 1077 Ani-

2239 1122 2537 1187 madverte,
2563 1113 2707 1191 quod
2747 1110 2844 1186 ait,
2875 1122 3021 1176 tatus
3061 1120 3225 1176 homo
3261 1131 3487 1173 manens
3524 1100 3823 1172 secundum

2237 1213 2477 1267 animam
2524 1220 2577 1266 ct
2632 1226 2833 1281 corpus
2870 1225 2967 1281 per
3022 1218 3306 1273 naturam,
3346 1215 3404 1275 et
3450 1218 3598 1262 totus
3648 1203 3827 1260 factus

2241 1307 2383 1360 Deus
2440 1305 2736 1377 secundum
2790 1304 3029 1359 animam
3082 1311 3151 1363 et
3183 1316 3379 1372 corpus
3427 1315 3530 1371 per,
3572 1298 3824 1372 gratiam.

2239 1394 2568 1449 Naturarnm
2605 1394 2646 1428 ¹¹
2672 1392 2838 1465 igitur
2882 1393 3128 1449 manebit
3170 1391 3496 1461 proprietas,
3539 1398 3597 1446 et
3635 1402 3827 1444 earum

2239 1483 2347 1539 erit
2381 1485 2582 1550 unitas,
2617 1497 2717 1539 nec
2758 1483 3066 1554 proprietas
3116 1480 3327 1537 auferet
3361 1488 3680 1538 naturarum
3733 1479 3830 1540 ad:

2220 1579 2581 1644 «nationem,
2628 1593 2730 1634 nec
2787 1565 3045 1633 adunatio
3068 1585 3387 1656 naturarum
3414 1555 3828 1646 proprietatem.

2250 1670 2393 1729 Disc.
2426 1668 2597 1725 istaec
2625 1669 2691 1732 ·¹,
2728 1682 2869 1738 quae
2897 1683 2927 1721 a
2956 1676 3009 1723 te
3034 1667 3176 1723 dicta
3201 1674 3346 1732 sunt,
3384 1665 3632 1738 quamvis
3666 1679 3830 1720 verae

535 1758 591 1802 ut
629 1749 739 1804 sola
785 1749 1031 1804 videatur
1063 1766 1203 1807 esse.
1246 1751 1474 1810 Ferrum
1518 1764 1613 1808 aut
1648 1753 1673 1786 ³
1720 1753 1866 1810 aliud
1908 1754 2133 1829 aliquod
2168 1747 2211 1806 Β
2239 1757 2435 1816 rationi
2489 1758 2780 1815 videantur
2828 1756 3048 1820 similia,
3078 1758 3260 1825 minus
3306 1765 3487 1829 tamen
3534 1755 3830 1826 capacibus

533 1837 834 1911 metallum,
878 1838 933 1892 in
964 1839 1089 1911 igne
1137 1841 1506 1911 liquefactum,
1557 1843 1612 1899 in
1660 1843 1858 1917 ignem.
1889 1845 2133 1907 Conveni

521 1930 765 2009 .videtur,
810 1939 869 1985 ut
908 1931 1045 2007 ignis
1066 1946 1247 2004 purus
1277 1930 1522 1991 videatur
1550 1950 1691 2004 esse,
1730 1937 1878 1999 salva
1925 1938 2133 1994 metalli

488 2089 495 2093 θ
532 2020 830 2077 substantia
862 2033 1231 2091 permanente.
1275 2024 1474 2081 Eadem
1502 2025 1712 2083 ratione
1734 2026 1988 2083 existimo
2007 2042 2132 2083 cor-

534 2111 774 2179 p0ralem
815 2114 1171 2173 substantiam
1214 2115 1269 2172 in
1319 2117 1553 2173 animam
1589 2134 1711 2175 esse
1755 2120 2128 2195 transiturum,

529 2215 637 2255 non
681 2216 738 2259 ut
783 2214 984 2274 pereat.
1022 2208 1163 2277 quod
1194 2209 1283 2274 sit,
1324 2211 1428 2285 sed
1456 2218 1515 2265 ut
1552 2212 1606 2266 in
1633 2210 1847 2275 meliori
1894 2212 2133 2269 essentia

528 2291 680 2349 salva
723 2296 811 2347 sit.
878 2294 1142 2353 Similiter
1187 2298 1255 2353 de
1301 2299 1415 2369 ipsa
1470 2300 1652 2355 anima
1700 2300 2129 2373 intelligendum,

528 2385 671 2453 quod
695 2387 770 2440 ita
801 2385 855 2440 in
887 2386 1215 2444 intellectum
1244 2391 1566 2458 movebitur,
1601 2400 1661 2447 ιιι
1685 2392 1737 2448 in
1768 2408 1834 2448 eo
1854 2392 2136 2465 pulchrior

529 2475 749 2546 Deoqne
776 2475 1005 2533 similior
1028 2490 1397 2536 conservetur.
1438 2479 1551 2538 Nec
1584 2481 1744 2540 aliter
1796 2484 2029 2539 dixerim
2066 2485 2134 2542 de

490 2623 494 2627 ,
530 2567 785 2634 lrausitu,
816 2578 877 2624 ut
914 2586 1020 2625 non
1051 2572 1229 2633 adhuc
1258 2572 1435 2629 dicam
1468 2576 1734 2641 ninnium,
1768 2575 1866 2633 sed
1895 2577 2151 2634 rationa«

530 2657 723 2712 hilium
750 2660 1177 2717 snbstantiarum
1204 2661 1259 2716 in
1290 2663 1483 2730 Deum,
1516 2663 1569 2719 in
1602 2678 1710 2736 quo
1741 2675 1936 2723 cuneta
1968 2666 2131 2724 tinem

513 2749 774 2829 positura
806 2761 951 2818 sunt,
984 2764 1039 2809 et
1086 2771 1251 2810 unum
1285 2767 1464 2814 erunt.
1507 2758 1613 2815 Sed
1639 2760 1783 2831 quod
1818 2758 1886 2818 de
1925 2761 2133 2819 aduna-

531 2842 679 2897 tione
706 2844 975 2907 humanae
1006 2855 1232 2903 naturae
1266 2850 1472 2921 absque
1514 2852 1851 2924 singularum
1876 2855 2050 2911 subst.
2074 2870 2136 2908 n-

534 2934 727 2988 tiarum
771 2938 1121 3006 proprietatis
1156 2936 1448 2998 abolitione
1488 2943 1744 3011 diximus,
1778 2945 1925 3005 beati
1965 2943 1986 2978 ⁸
2023 2945 2136 3002 Ma—

465 3071 475 3081 .
535 3027 665 3081 ximi
704 3030 967 3083 sententia
998 3045 1287 3097 possumus
1313 3036 1631 3104 approbare.
1674 3036 1966 3109 Exponens
1988 3052 2136 3095 nam-

2238 1864 2535 1919 rerumque
2577 1857 2830 1903 naturam
2872 1826 3730 1909 considerantibusuidebuntur,
3768 1854 3828 1899 ut

2182 1968 2198 1984 ο
2235 1941 2462 2014 Opinor,
2518 1939 2685 1997 veluti
2731 1940 3001 2010 quaedam
3052 1938 3447 2017 deliramenta,
3491 1951 3560 1992 ac.
3613 1935 3833 1992 sibimet

2237 2032 2684 2109 contradiccnlia.
2707 2030 2934 2100 Magnus
2953 2029 3221 2099 siquidem
3240 2026 3535 2100 Gregorius
3556 2024 3836 2098 Nyssaeus

2237 2122 2332 2184 ait,
2369 2121 2603 2186 utdicis,
2629 2120 2769 2193 quod
2807 2122 2986 2175 anima
3015 2134 3171 2175 suum
3212 2127 3377 2173 totum
3411 2132 3601 2189 corpus
3646 2115 3705 2172 in
3749 2131 3830 2170 se-

2233 2213 2403 2282 ipsam
2430 2216 2803 2284 consumptum
2823 2211 2911 2276 sit,
2942 2220 2991 2265 et
3011 2226 3131 2265 cum
3152 2209 3265 2279 ipso
3285 2202 3423 2264 unus
3443 2218 3492 2262 et
3514 2208 3758 2277 spiritus,
3780 2215 3830 2261 et

2236 2306 2465 2371 animus,
2499 2314 2548 2359 et
2591 2304 2730 2359 Deus
2766 2304 2969 2381 futura.
3001 2302 3099 2358 Cui
3140 2302 3306 2357 etiam
3350 2300 3497 2358 favet
3538 2295 3829 2366 Maximus,

2237 2401 2423 2456 dicens
2479 2417 2493 2455 :
2551 2397 2780 2455 Omnino
2829 2409 3059 2470 tempore
3098 2396 3491 2470 resurrectionis
3513 2380 3829 2452 "secundum

2236 2490 2362 2546 bene
2379 2489 2617 2562 futuram
2649 2489 3036 2545 conversionem
3061 2489 3116 2542 in
3137 2486 3344 2561 Spiritu
3372 2497 3556 2543 sancto
3581 2502 3675 2563 per
3707 2493 3833 2559 gra-é

2236 2581 2366 2635 tiam
2410 2582 2674 2637 incarnati
2717 2579 2816 2635 Dei
2865 2578 3232 2635 absorbebitur
3274 2594 3400 2634 caro
3444 2577 3510 2632 ab
3561 2577 3744 2648 anima
3775 2577 3830 2632 itt
3919 2574 3925 2580 ’

2234 2674 2446 2745 spiritu,
2472 2673 2655 2728 anima
2696 2689 2814 2728 vero
2844 2673 2899 2728 in
2928 2673 2971 2705 ¹³
2994 2670 3126 2728 Deo.
3157 2670 3423 2728 Addidisti
3449 2685 3665 2742 quoque
3683 2668 3830 2726 beati

2224 2758 2507 2839 'A‘mbrosii
2540 2758 2862 2821 sententiam
2900 2765 2966 2820 de
3007 2764 3333 2819 adunatione
3368 2763 3639 2819 humanae
3671 2769 3833 2824 natu-

2236 2855 2350 2923 rae,
2395 2847 2497 2913 hoc
2519 2864 2623 2915 est,
2660 2858 2725 2910 de
2754 2857 2931 2912 reditu
2961 2856 3014 2911 in
3052 2869 3239 2921 unum,
3267 2869 3334 2909 ne
3367 2852 3630 2921 videreris
3655 2852 3828 2909 Grae-

2237 2962 2427 3011 corum
2478 2946 2817 3003 solummodo
2867 2953 3149 3005 auctorum
3201 2943 3581 3000 auctoritatem
3636 2941 3834 3011 sequi,

2240 3040 2388 3096 nullo
2437 3038 2638 3094 auxilio
2686 3038 2944 3093 latialiter
2985 3037 3349 3107 loquentium,
3403 3035 3513 3090 imo
3558 3035 3724 3090 etiam
3767 3035 3844 3088 de

532 3133 638 3184 que
675 3133 927 3188 magnum
958 3121 1283 3195 Gregorium
1325 3125 1626 3198 Nyssaeum
1667 3130 1720 3187 in
1762 3108 2021 3187 sermone
2069 3133 2137 3189 de
2164 3108 2207 3170 δ
2241 3141 2436 3188 natura
2469 3146 2652 3187 rerum
2681 3130 3069 3203 disputantium
3107 3127 3531 3201 suﬂ'ultusalpse
3563 3126 3839 3197 siquidem

535 3209 827 3273 Grandine,
868 3211 955 3266 ubi
980 3212 1056 3265 ait
1085 3232 1103 3269 :
1137 3213 1201 3267 Et
1229 3231 1322 3271 nos
1345 3216 1554 3287 quidem
1577 3218 1671 3273 lucc
1691 3220 1973 3292 inc/rabilis
1996 3221 2137 3276 acci-

526 3298 672 3368 piet,
725 3308 770 3351 et
822 3311 1035 3355 sanctae
1080 3319 1145 3357 uc
1202 3304 1396 3376 regalis
1441 3305 1808 3379 contemplatio
1860 3307 2135 3365 Trinitatis

529 3386 883 3445 illuminuntis
932 3392 1149 3462 planius
1187 3407 1233 3449 ct
1271 3397 1478 3465 purius,
1521 3407 1569 3453 rt
1614 3399 1774 3454 totius
1812 3400 1907 3453 toti
1959 3400 2136 3455 aninto

531 3480 724 3535 mia-tae
752 3522 769 3548 ,
820 3501 978 3555 quam
1025 3488 1183 3544 etiam
1239 3492 1412 3545 solum
1473 3508 1691 3563 regnum
1740 3491 2004 3547 caelorum
2044 3508 2137 3564 ego

529 3580 684 3640 pono,
727 3587 1123 3647 consequenter
1156 3581 1421 3650 adiunxit,
1461 3583 1647 3639 dicens
1672 3601 1685 3638 :
1708 3582 1781 3640 In
1816 3584 1958 3639 omni
1996 3600 2139 3639 crea-

531 3673 653 3716 tura
708 3667 1013 3724 rationabili
1066 3672 1374 3744 angelorum
1435 3684 1482 3729 et
1535 3677 1809 3731 hominum
1841 3716 1857 3742 ,
1907 3676 2135 3747 quicun-

533 3770 632 3816 que
666 3754 867 3812 nullam
909 3762 1197 3816 secundum
1245 3774 1463 3829 motum,
1504 3767 1595 3836 qui
1632 3766 1703 3820 ad
1748 3756 1904 3837 ﬁnem
1936 3779 2011 3820 est
2045 3782 2139 3820 na-

537 3849 790 3907 turaliter
842 3866 1236 3926 compertorum
1282 3861 1357 3915 eis
1402 3860 1704 3916 dirinarum
1755 3863 2019 3917 rationum
2064 3859 2137 3915 ab

468 3956 473 3961 ·
532 3944 644 4011 ipso
680 3941 932 4002 Creatore
984 3964 1075 4018 per
1124 3950 1496 4021 negligentiam
1546 3963 1914 4024 corruperunt,
1966 3952 2136 4023 magis

535 4042 710 4086 autem
740 4037 938 4121 seipsos
981 4049 1333 4109 temperanter
1367 4043 1749 4117 saluarerant,‘
1776 4051 1911 4097 totos
1948 4043 2135 4097 incon-

533 4125 844 4181 uersibiliter
888 4135 1065 4197 utpote
1104 4130 1314 4185 divinae
1350 4147 1548 4202 organa
1583 4142 1807 4188 naturae
1830 4141 1878 4188 et
1928 4148 2059 4197 esse,
2087 4140 2137 4186 et

532 4214 745 4281 futuros
778 4235 888 4274 esse
916 4222 1155 4287 scientes,
1186 4239 1318 4295 quos
1346 4240 1440 4292 per
1466 4236 1632 4278 totum
1661 4236 1800 4280 totus
1829 4225 2138 4297 circumspi-

537 4323 661 4361 raus
687 4308 848 4375 Deus,
875 4310 930 4364 in
964 4311 1179 4367 modum
1215 4315 1427 4368 animae
1458 4313 1614 4369 veluti
1644 4313 1876 4369 membra
1901 4316 2137 4390 corporis
2171 4319 2173 4323 ⁴

536 4409 840 4469 compacta,
871 4401 1065 4479 optimo
1099 4403 1323 4459 Domino
1357 4406 1528 4474 {actos
1573 4405 1988 4465 aiuntuntatem
2023 4417 2139 4461 tra-

2240 3220 2397 3277 doeet
2442 3227 2555 3276 tres
2600 3221 2869 3275 humanae
2918 3227 3148 3275 naturae
3188 3216 3590 3282 subsistentias,
3635 3229 3838 3285 corpus

2237 3309 2511 3375 videlicet,
2562 3317 2619 3364 et
2664 3306 2926 3373 animam,
2975 3315 3032 3364 et
3082 3306 3450 3373 intellectum,
3506 3304 3672 3360 veluti
3726 3304 3835 3359 tria

2238 3400 2504 3471 quaedam
2535 3407 2651 3454 sata
2679 3398 2916 3462 farinae,
2951 3408 3012 3455 ut
3047 3414 3154 3455 non
3193 3398 3367 3454 dicam
3404 3397 3833 3460 confundendas,

2238 3491 2334 3548 sed
2356 3490 2526 3546 relati
2554 3490 2824 3545 fermento
2861 3491 3096 3559 quodam
3126 3489 3370 3546 caritatis
3390 3487 3614 3559 .vin‘culo
3653 3473 3839 3555 resera

2218 3581 2501 3636 .rectionis
2546 3591 2791 3651 tempore
2833 3582 3170 3649 adunandas,
3217 3592 3320 3636 non
3359 3587 3419 3636 ut
3452 3564 3634 3649 aliqua
3681 3593 3836 3634 com-

2239 3672 2438 3742 positio
2465 3687 2686 3728 neStrae
2717 3683 2968 3741 naturae,
3010 3673 3107 3730 sed
3145 3673 3367 3730 omnino
3408 3671 3731 3745 simplicitas
3782 3678 3840 3727 et

2239 3762 2618 3832 inseparabilis
2644 3763 2827 3817 unitas
2851 3760 3138 3817 elﬁciatur.
3167 3755 3293 3817 Non
3322 3756 3573 3825 enim,'nt
3602 3760 3718 3831 ipse
3737 3759 3841 3825 ait,

2238 3852 2399 3908 aliter
2422 3855 2491 3909 ad
2525 3854 2805 3926 imaginem
2837 3853 2933 3909 Dei
2965 3854 3370 3920 restaurabitur,
3401 3853 3577 3910 sinon
3604 3850 3840 3930 simplex

2239 3945 2481 4015 spiritus,
2529 3946 2775 4018 omnique
2806 3945 3184 4018 compositione
3220 3945 3388 4000 libera
3424 3941 3606 4015 futura
3640 3944 3730 3998 sit.
3769 3943 3839 3998 Et
3912 3962 3915 3965 δ

2239 4050 2388 4091 nunc
2427 4036 2621 4090 iterum
2667 4045 2787 4105 post
2828 4035 3234 4105 praedictorum
3274 4033 3494 4089 Patrum
3530 4034 3596 4089 de
3632 4032 3838 4103 simpli-

2241 4125 2460 4181 cissima
2534 4120 2805 4181 humanae
2858 4136 3086 4182 naturae
3143 4140 3248 4180 non
3300 4125 3474 4180 solum
3524 4124 3580 4178 in
3633 4124 3841 4195 seipsa,

2239 4234 2428 4272 rerum
2459 4217 2621 4271 etiam
2657 4218 2711 4271 in
2751 4218 2861 4272 Deo
2894 4216 3223 4272 adunatione
3250 4216 3564 4279 sententias.
3593 4215 3837 4283 ejusdem

2239 4308 2459 4365 Maximi
2510 4310 2669 4385 dicta.
2704 4308 3075 4372 iutrodnxisti,
3120 4321 3263 4378 quae
3307 4316 3434 4369 sunt
3478 4296 3785 4385 huiusmodi
3819 4319 3840 4360 τ

2242 4403 2405 4458 Tutus
2455 4404 2665 4476 quidem
2719 4403 3138 4457 homomanens
3178 4392 3467 4454 secundum
3508 4398 3743 4452 animant
3788 4404 3840 4451 et

534 4500 660 4553 ctat,
689 4498 737 4543 et
754 4476 967 4561 propria
993 4493 1170 4561 implet
1187 4472 1420 4565 gloriaet
1450 4496 1794 4562 beatitudine,
1820 4497 1976 4553 vitam
1996 4497 2131 4551 dans
2163 4472 2211 4531 D
2237 4510 2425 4563 corpus
2456 4472 2549 4566 per
2591 4506 2859 4556 naturam,
2902 4502 2951 4546 et
2992 4500 3131 4545 totus
3160 4489 3334 4560 factus
3366 4488 3508 4542 Deus
3546 4488 3835 4541 secundum

532 4588 580 4631 et
631 4578 838 4633 donans
893 4591 1162 4635 aeternam
1206 4593 1364 4653 atque
1407 4583 1748 4653 ine/fabilem,
1793 4594 1842 4639 et
1889 4584 2131 4639 erunibus

535 4669 706 4724 modis
735 4672 975 4727 universa
1001 4672 1223 4728 liberam
1250 4675 1543 4746 cognitione
1565 4676 1879 4730 constitutae
1898 4677 2133 4745 proprie-

534 4763 657 4816 tatis
679 4765 988 4832 praesentis,
1009 4775 1056 4820 et
1081 4782 1176 4837 per
1201 4768 1585 4847 corruptionem
1616 4767 1946 4822 consistentis
1978 4766 2131 4835 vitae,

534 4869 717 4921 quam,
747 4856 979 4911 videlicet
1023 4860 1180 4913 vitam
1221 4846 1519 4920 aeternam.
1569 4874 1675 4913 non
1710 4875 1804 4913 aer
1844 4846 2134 4930 inspirans.

537 4961 704 5015 neque.
722 4948 998 5016 sanguinis
1015 4949 1168 5004 rivali
1197 4951 1383 5021 hepate
1398 4949 1643 5022 ﬂuentis8
1673 4950 2018 5017 constituunt,
2044 4950 2137 5005 sed

537 5032 681 5087 licus
710 5045 850 5089 totus
874 5038 998 5090 totis
1023 5039 1395 5109 participatus,
1428 5051 1476 5093 et
1505 5025 1718 5094 animae
1741 5044 1795 5095 in
1828 5040 2041 5094 modum
2066 5039 2135 5105 ad

538 5138 725 5192 corpus
758 5126 965 5180 animae
992 5127 1033 5192 ⁸,
1066 5137 1118 5182 et
1159 5144 1254 5199 per
1294 5130 1525 5185 medium
1560 5133 1796 5185 animum
1835 5130 1905 5183 ad
1944 5145 2137 5201 corpus

540 5213 733 5281 fartus,
764 5216 897 5270 sicut
943 5221 1079 5274 norit
1116 5221 1244 5293 ipse,
1285 5232 1432 5277 utea
1476 5221 1688 5294 quidem
1719 5222 1899 5275 anima
1945 5224 2133 5275 incon-

536 5303 924 5361 rcrsibilitatem
952 5312 1197 5380 accipiat,
1226 5311 1362 5365 illud
1394 5328 1513 5364 vero
1541 5326 1732 5379 corpus
1760 5302 2134 5364 intmortalita-

536 5403 713 5457 te:n,et
733 5404 873 5453 (tuus
894 5400 1046 5454 homo
1059 5402 1329 5472 deiﬁcetur
1344 5419 1438 5473 per
1449 5400 1778 5456 inhumanati
1792 5398 1891 5453 Dei
1907 5401 2129 5469 gratiam

2238 4584 2471 4637 animam
2504 4592 2550 4635 et
2596 4598 2783 4650 corpus
2831 4597 2923 4651 per
2955 4580 3200 4649 gratiam.
3235 4577 3450 4645 Quibus
3484 4575 3666 4632 verbis
3705 4574 3837 4646 quid

2238 4674 2384 4732 aliud
2406 4677 2567 4731 datur
2586 4672 2834 4743 intelligi,
2853 4673 2954 4728 nisi
2977 4681 3225 4726 naturam
3247 4666 3564 4739 carpoream
3588 4669 3641 4723 in
3660 4669 3838 4737 seipsa

2238 4781 2453 4836 semper
2479 4780 2915 4835 permansurum,
2938 4772 2995 4818 et
3017 4762 3165 4817 nullo
3191 4762 3350 4816 modo
3375 4775 3477 4815 nec
3501 4760 3554 4814 in
3575 4758 3832 4823 animam,
3873 4804 3880 4811 .

2241 4872 2343 4912 nec
2358 4859 2410 4911 in
2428 4857 2689 4917 aninmm,
2709 4870 2808 4910 nec
2827 4855 2879 4909 in
2895 4855 3068 4924 ipsum
3088 4855 3255 4907 Deum
3270 4851 3640 4913 transiturum,
3658 4866 3840 4919 (lllattl-
3887 4858 3902 4871 ‘

2241 4947 2326 5000 vis
2366 4944 2780 5001 resurrectionis
2808 4943 2979 5016 gloria
3024 4943 3183 4997 beata
3213 4948 3270 4995 et
3309 4938 3733 5008 incorruptibilis
3763 4937 3836 4993 sit

2243 5038 2426 5094 futura
2468 5038 2682 5094 animae
2715 5046 2772 5093 et
2809 5036 2993 5091 animo
3038 5042 3095 5088 et
3138 5033 3250 5088 Deo
3291 5029 3620 5087 adunanda?
3655 5027 3833 5086 Simili

2241 5129 2404 5183 modo
2448 5129 2515 5182 de
2554 5128 2768 5183 animae
2801 5136 2994 5183 natura
3037 5123 3311 5191 animique
3343 5136 3450 5176 non
3486 5120 3646 5175 aliter
3672 5118 3830 5175 intel-

2238 5216 2441 5273 texisse
2461 5218 2676 5286 opinor,
2698 5232 2805 5270 non
2836 5214 3178 5278 transituras,
3202 5213 3296 5267 sed
3325 5210 3566 5282 singulas
3588 5224 3833 5282 quasque

2238 5310 2294 5365 in
2350 5309 2572 5381 propria
2628 5308 2934 5363 substantia
2990 5320 3389 5376 permansuros.
3443 5303 3629 5376 Neque
3677 5304 3826 5381 enim

2236 5416 2403 5472 parva
2442 5380 2744 5454 differentia
2768 5407 2851 5455 est
2885 5398 3028 5453 inter
3053 5397 3290 5451 animam
3321 5405 3377 5450 et
3404 5396 3666 5461 animum,
3696 5380 3829 5448 dum

820 5543 825 5547 .
1854 5490 2113 5547 VARIAE
2154 5491 2558 5548 LECTIONES.

617 5579 636 5611 ⁸
792 5581 979 5657 (Ἓςᾉ
1004 5586 1305 5641 subsistens.
1397 5595 1417 5623 ³
1447 5585 1535 5642 Sic
1565 5583 1678 5647 CF;
1706 5586 1749 5639 Α
1778 5585 1824 5641 si
1857 5585 2222 5657 intelligiliiles
2262 5599 2307 5637 s.
2330 5583 2481 5657 is.
2505 5581 2847 5657 titiunculum
2875 5577 2928 5657 Af
2961 5576 3172 5657 sic};
3214 5574 3558 5657 {iFob‘errum
3584 5584 3635 5657 ut
3654 5573 3823 5657 aliud.

542 5652 558 5680 δ
591 5651 865 5726 beatipm.
906 5655 967 5708 Α.
1058 5658 1078 5688 ⁵
1108 5658 1210 5713 (2F.
1245 5675 1400 5726 epare
1428 5662 1667 5721 ﬂuentes.

538 5737 621 5781 om
737 5716 774 5753 '°
813 5728 851 5777 A
879 5726 1073 5787 factus.
1156 5729 1193 5759 "
1222 5716 1310 5783 Sic
1343 5716 1455 5786 Cl";
1480 5728 1519 5781 A
1550 5735 1789 5780 naturae.

1770 5657 1790 5687 ⁸
1815 5655 2024 5709 anima?
2037 5655 2129 5709 inn
2140 5696 2153 5709 .
2184 5657 2227 5709 Δ
2239 5695 2251 5708 .

1875 5729 1912 5756 ¹²
1945 5727 2027 5781 ('i‘
2081 5726 2228 5779 istnc.

2328 5656 2346 5685 ⁷
2382 5654 2482 5705 sibi
2503 5666 2613 5705 orn.
2645 5652 2749 5706 CF.
2827 5650 2849 5681 ⁸
2873 5649 2962 5705 Sic
2992 5647 3121 5708 (1‘3:
3146 5649 3187 5700 Α
3212 5645 3350 5710 Quid
3373 5646 3534 5700 enim.
3608 5645 3828 5704 ’θέωσιρ

2311 5724 2356 5755 ¹³
2382 5723 2466 5778 CF
2496 5739 2525 5774 (ι
2554 5721 2686 5776 Deo.
