4226 6230
415 277 578 339 881λ

1269 285 1370 376 ‘DE
1405 281 1746 343 DlVlSlONE
1782 281 2132 343 NATURAE.
2168 319 2236 328 —-
2273 283 2473 345 LIBER
2511 285 2836 357 QUINTUS.
2913 334 2916 338 .

3577 273 3692 344 asa

413 393 507 450 ille
527 396 672 452 circa
715 397 894 455 divina
925 397 1281 468 solummodo,
1312 400 1400 456 illa
1429 415 1560 456 vero
1597 401 1743 456 circa
1785 410 1999 458 creatu-
2027 405 2079 465 Α
2108 403 2228 458 alant
2289 405 2622 460 adunatione
2659 404 2782 461 fons
2829 417 2969 460 unus
3019 412 3221 479 manat.
3265 401 3320 460 In
3369 403 3511 474 ipsa,
3538 402 3686 457 enim

419 506 509 547 ras
541 503 842 549 moveatur.
875 494 947 548 At
987 496 1031 552 si
1075 495 1289 552 istasic
1312 509 1370 552 se
1409 495 1643 552 habeam
1669 506 1713 562 ι,
1735 496 2004 566 quomodo

414 599 532 646 non
545 585 962 644 contradictoria
983 587 1306 644 videbuntur
1325 589 1350 642 ?

427 653 439 676 ⁸
485 675 537 731 9.
581 675 721 732 MAG.
767 675 878 734 Cur
913 687 968 734 te
1010 678 1132 735 talia
1178 686 1418 744 movent,
1467 673 2006 743 multuut'adiuiror,

414 781 540 820 cum
571 767 688 844 tibi,
709 777 872 839 prout
899 770 1070 840 potui,
1095 771 1378 832 suaserim,
1403 770 1820 844 intclligibilium
1851 781 2006 826 natu-

415 869 600 909 rarum
622 857 1004 915 adunationem
1041 853 1157 915 ﬁeri
1196 875 1356 930 posse
1397 861 1513 916 sine
1539 861 1755 916 cumulo
1775 872 1823 915 et
1857 876 2005 916 com-

415 946 706 1016 positione,
747 949 1168 1022 proprietatibus
1203 954 1510 1008 observatis
1547 963 1603 1009 et
1641 953 2002 1009 incommuta—

411 1035 598 1092 biliter
625 1041 988 1098 manentibus.
1025 1041 1152 1098 Tria
1177 1044 1380 1099 etenim
1417 1055 1560 1106 sunt,
1591 1033 1731 1115 quae
1771 1045 1822 1099 in
1855 1044 2003 1100 omni

413 1123 744 1195 substantia,
785 1128 900 1187 sive
942 1133 1262 1203 corporibus
1304 1125 1654 1199 adhaerente,
1705 1136 1820 1190 sive
1857 1135 2003 1190 otuni
2041 1163 2047 1174 ι

413 1231 644 1288 corpore
689 1222 960 1288 absoluta,
1015 1226 1060 1279 si
1113 1233 1291 1280 tamen
1346 1226 1522 1296 aliqua
1570 1227 1872 1282 substantia
1922 1237 2006 1282 est

411 1321 634 1381 praeter
679 1314 866 1382 Deum,
907 1330 1049 1387 quae
1083 1319 1196 1374 sive
1241 1319 1558 1390 intelligibili
1601 1321 1713 1374 sive
1761 1319 2002 1376 sensibili

413 1419 642 1477 corpore
687 1417 911 1474 careat,
955 1411 1416 1467 incommutabilia
1466 1422 1520 1468 et
1567 1412 2003 1470 inconversibilia

411 1509 757 1570 permanent,
788 1509 847 1556 ut
885 1503 936 1558 in
967 1503 1244 1574 prioribus
1285 1505 1438 1560 libris
1469 1504 1840 1574 multipliciter
1878 1520 2004 1576 per-

410 1591 698 1648 docuimus
735 1611 748 1647 :
789 1597 1046 1659 essentia,
1097 1596 1290 1659 virtus,
1334 1605 1390 1652 et
1438 1598 1698 1653 naturalis
1737 1595 2002 1667 operatio.

411 1675 664 1752 Nunquid
693 1683 830 1740 haec
863 1685 965 1740 tria
996 1701 1160 1760 unum
1189 1696 1335 1755 sunt,
1365 1697 1420 1742 et
1446 1703 1554 1742 non
1586 1703 1752 1745 unum
1783 1701 2002 1764 compo-

2103 495 2345 551 binarius
2374 505 2428 552 et
2459 497 2728 552 teruarius
2767 510 2932 551 unum
2961 505 3106 560 sunt,
3133 504 3189 550 et
3231 493 3480 566 proprias
3520 493 3694 550 ratio-

2106 599 2201 642 nes
2244 589 2584 653 custodiunt,
2613 579 2719 658 qua
2768 587 2790 618 ³
2837 587 2943 642 sibi
2988 587 3220 643 invicem
3262 587 3593 644 conveniunt
3627 586 3685 653 ⁵,

2103 677 2306 748 absque
2327 677 2432 732 ulla
2469 677 2610 732 mole
2633 692 2920 746 corporea,
2965 677 3171 746 absque
3196 677 3304 732 ulla
3327 677 3684 734 humanarum

2103 772 2488 842 cogitationum
2514 773 2795 848 phantasia
2823 787 2916 828 seu
2945 773 3346 842 phantasmate,
3380 787 3474 827 seu
3516 772 3692 841 pban-

2105 863 2274 918 [asine
2311 872 2366 916 et
2391 863 2782 932 pbantasntatis
2803 862 3168 932 copulatione,
3197 857 3289 916 sed
3314 862 3431 917 solo
3451 859 3686 933 simplici

2103 967 2159 1012 et
2205 955 2526 1028 ittlclligibili
2591 955 2866 1011 intellectu
2909 956 3255 1020 subsistunt,
3305 953 3452 1010 unde
3496 956 3550 1008 in
3599 967 3692 1008 res

2102 1061 2392 1118 corporeus
2415 1045 2529 1101 sive
2552 1045 2900 1116 ineorporeas
2939 1037 3244 1114 procedunt
3285 1050 3408 1099 actu
3445 1048 3500 1098 et
3523 1057 3693 1112 opere
3759 1101 3765 1108 ,

2103 1153 2198 1194 seu
2251 1137 2546 1202 naturae’,
2591 1139 2693 1192 lioc
2739 1146 2844 1200 est,
2887 1150 2980 1192 seu
3011 1134 3244 1190 naturali
3279 1149 3373 1192 seu
3415 1131 3694 1190 artiﬁciali

2103 1219 2418 1300 alienatione
2469 1228 2520 1293 ⁸,
2585 1244 2680 1283 seu
2735 1228 3135 1282 arithmeticae.
3185 1225 3302 1280 Non
3354 1225 3542 1290 aliter,
3595 1222 3698 1279 sed

2103 1321 2292 1378 eadem
2333 1319 2540 1374 ratione
2581 1319 2646 1374 de
2673 1318 2927 1373 omnibus
2971 1317 3216 1374 numeris
3240 1332 3270 1370 a
3292 1315 3536 1396 monadc
3564 1328 3696 1385 pro-

2102 1413 2496 1483 gredientibus,
2520 1421 2576 1466 et
2605 1411 2657 1466 in
2703 1411 2932 1468 eandem
2959 1409 3212 1466 resolutis
3249 1408 3684 1481 intelligendum.

2103 1501 2242 1570 Quid
2288 1503 2355 1558 de
2403 1510 2600 1572 puncto
2662 1501 2970 1566 dicendum,
3028 1515 3060 1554 a
3117 1515 3226 1570 quo
3269 1513 3460 1555 omnes
3517 1493 3694 1554 lineae

2102 1581 2476 1666 egrediuntur,
2519 1603 2576 1648 et
2604 1593 2658 1646 in
2684 1592 2827 1661 quod
2857 1591 3228 1657 resolvuntur,
3267 1597 3322 1646 et
3351 1589 3405 1644 in
3436 1605 3503 1646 eo
3525 1604 3692 1647 unum

2107 1696 2269 1756 sunt,
2290 1699 2465 1756 neque
2494 1683 2625 1740 illud
2656 1700 2822 1739 unum
2867 1682 3252 1754 compositum,
3298 1677 3394 1738 sed
3429 1697 3496 1738 ex
3522 1681 3692 1736 ratio-

337 1819 344 1826 .
409 1761 614 1843 situm,
651 1780 745 1834 sed
794 1758 1252 1853 simpliciSsimum
1303 1801 1468 1842 unum
1512 1794 1576 1840 ‘et
1625 1785 2002 1860 inseparabilis
2035 1751 2076 1812 Β
2106 1779 2264 1832 nibus
2287 1776 2520 1833 diVet'SiS
2540 1767 3227 1854 ἓάιιιιιιιυηιΤΝοθωιίυιιὶ
3253 1772 3499 1844 θωπιιῆ³
3525 1773 3694 1832 “iam

408 1865 638 1923 unitas?
663 1869 864 1926 ﬂerunt
897 1873 1042 1929 enim
1072 1874 1276 1930 nullum
1306 1876 1424 1932 sine
1452 1878 1625 1936 altero
1650 1896 1771 1936 esse
1801 1891 2000 1955 potest,

409 1959 665 2028 quoniam
719 1960 882 2020 unius
938 1961 1290 2036 ejusdemque
1347 1969 1683 2030 substantiae
1732 1983 1860 2028 sunt
1897 1989 1910 2028 :
1943 1983 2002 2030 et

409 2055 591 2104 tamen
625 2050 835 2110 ratione
871 2053 1114 2110 consulta
1157 2056 1412 2112 nonnulla
1452 2059 1756 2124 dill'erentia
1796 2062 2003 2118 discer-

409 2153 633 2202 nuntur.
685 2145 845 2204 Aliud
884 2157 969 2204 est
1011 2151 1157 2206 enim
1213 2167 1355 2217 esse,
1408 2154 1555 2214 aliud
1592 2171 1752 2229 posse
1797 2160 2001 2232 aliquid

407 2233 640 2302 ellieere,
686 2236 832 2292 aliud
879 2237 1000 2308 ipse.
1039 2238 1284 2298 eli‘cctus.
1317 2242 1478 2300 Aliud
1508 2255 1592 2302 est
1631 2248 1812 2310 arbori
1855 2265 2000 2317 esse,

408 2324 554 2379 aliud
597 2342 754 2395 posse
799 2344 1066 2410 crescere,
1116 2331 1260 2387 aliud
1288 2346 1554 2392 crescere.
1599 2337 1758 2394 Aliud
1795 2325 2001 2397 homini

407 2425 492 2470 est
530 2430 688 2481 esse,
722 2419 866 2475 aliud
910 2433 1070 2492 posse
1095 2443 1098 2446 ’
1123 2423 1456 2497 intelligere,
1503 2427 1650 2490 aliud
1683 2424 2002 2504 intelligere

407 2510 550 2578 quod
573 2521 750 2580 potest
781 2514 1100 2587 intelligere.
1138 2518 1208 2574 Et
1241 2519 1376 2576 haec
1409 2521 1509 2578 tria
1533 2504 1680 2580 ornui
1715 2537 2002 2586 creaturae

407 2599 606 2656 visibili
643 2611 696 2656 et
728 2603 981 2664 invisibili
1009 2608 1185 2664 inesse
1207 2610 1429 2666 dubium
1454 2629 1562 2669 non
1593 2625 1698 2671 est.
1773 2597 1781 2606 .

480 2691 568 2746 10.
608 2693 808 2763 Accipe
837 2695 980 2752 aliud
1009 2699 1320 2770 exemplum
1351 2703 1418 2758 de
1465 2705 1796 2763 adunatione
1843 2719 2000 2766 natu—

409 2785 593 2837 rarum
620 2783 738 2839 sine
756 2785 1092 2856 confusione,
1108 2791 1191 2855 vel
1217 2777 1570 2859 iiiixtura,‘vel
1587 2800 1996 2869 compositione,

408 2872 548 2934 Num
582 2876 635 2930 in
663 2893 769 2932 una
800 2879 978 2950 specie
1006 2881 1160 2937 multi
1190 2883 1403 2940 numeri
1441 2866 1827 2946 substantiales
1849 2866 1998 2961 sunt;

407 2977 457 3021 et
493 2967 546 3022 in
568 2983 676 3024 uno
703 2983 898 3041 genere
939 2973 1142 3030 multae
1185 2977 1414 3047 species,
1441 2987 1499 3034 et
1527 2980 1582 3034 in
1627 2997 1731 3036 una
1762 2971 2020 3041 essentia

408 3059 574 3115 multa
602 3051 825 3132 genera,
851 3073 907 3118 et
933 3065 1006 3120 ita
1039 3075 1190 3134 sunt,
1233 3077 1292 3123 ut
1329 3082 1458 3126 vera
1495 3071 1688 3129 edocet
1733 3075 1892 3141 ratio,
1939 3083 1996 3132 ut

408 3149 463 3203 in
497 3167 602 3208 una
630 3143 1228 3228 oacie'unumquodqne
1269 3174 1442 3230 genus
1467 3177 1600 3216 suas
1624 3165 1873 3236 preprias
1909 3181 1998 3222 ra-

412 3241 583 3298 tiones
618 3241 913 3313 possideat,
939 3246 1164 3304 alterius
1189 3251 1404 3322 generis
1436 3253 1742 3312 rationibus
1787 3256 1997 3314 discre-

411 3340 511 3397 tas,
545 3347 721 3402 neque
743 3332 1020 3401 confusas,
1064 3351 1242 3408 neque
1283 3335 1500 3407 mixtas,
1529 3358 1706 3418 neque
1727 3347 1999 3418 composi-

409 3428 513 3483 tas,
561 3423 828 3478 adunatas
861 3433 1068 3494 tamen,
1121 3438 1304 3498 atque,
1333 3436 1394 3484 ut
1459 3430 1534 3488 ita
1581 3433 1793 3498 (licam,
1830 3451 1996 3504 unum

405 3513 713 3584 quoddam‘
767 3515 1049 3593 multiplex
1067 3530 1133 3585 et
1158 3521 1424 3593 simplex?
1464 3522 1729 3583 Similiter
1757 3515 1853 3586 de‘
1873 3543 1998 3601 spe-

405 3606 590 3660 cicbus
623 3606 676 3660 in
719 3621 940 3678 genere,
985 3618 1043 3667 et
1088 3611 1156 3667 de
1209 3615 1452 3686 numeris
1499 3617 1903 3687 specialissituis
1939 3621 1994 3677 in

405 3697 588 3787 specie
633 3698 1038 3772 intelligendum
1089 3712 1195 3761 est.
1248 3706 1453 3770 ﬂorum
1499 3722 1734 3780 namque
1783 3710 1994 3783 singula
2035 3775 2038 3778 ,

405 3802 650 3860 quaeque
675 3799 728 3845 et
754 3793 1138 3864 proprietatem
1167 3810 1320 3851 suam
1346 3805 1401 3852 et
1423 3797 1815 3856 ‘adunationem
1863 3815 1992 3872 pos-

406 3876 601 3942 sident,
623 3883 770 3935 enini
811 3883 1198 3953 compositione
1228 3895 1455 3942 remota.
1496 3884 1654 3944 Aliud
1683 3887 1990 3961 exemplum

405 3969 620 4025 intuere
638 3986 706 4026 ex
734 3974 978 4028 numeris
1005 3977 1232 4040 materia
1257 3975 1540 4038 absolutis.
1577 3975 1769 4035 Nonne
1797 3993 1992 4036 omnes

404 4062 616 4117 numeri
647 4062 764 4117 sive
809 4063 948 4119 liniti
978 4065 1094 4122 sive
1137 4065 1356 4132 inﬁniti,
1401 4067 1504 4138 hoc
1531 4078 1640 4132 est,
1674 4067 1792 4125 sire
1823 4069 1994 4123 ratio-

405 4151 502 4208 nis.
530 4153 1078 4224 contemplationibus
1125 4167 1184 4214 et
1231 4158 1690 4216 nominatimiibus
1741 4176 1992 4232 compre-

403 4240 719 4310 bensibiles,
744 4244 859 4301 sive
891 4245 1161 4304 humanae
1185 4249 1364 4304 adhuc
1403 4249 1457 4303 in
1486 4249 1587 4306 bac
1607 4249 1718 4305 vita
1741 4261 1988 4308 contem-

403 4333 656 4404 plationis
691 4344 749 4392 et
790 4337 1222 4398 ratiocinationis
1253 4341 1504 4396 virtutem
1551 4351 1892 4412 superantes.
1931 4345 1986 4401 in

403 4424 638 4480 monade
666 4441 830 4482 unum
872 4429 1218 4486 subsistunt?
1241 4419 1310 4491 Et
1348 4433 1569 4502 quidem
1597 4435 1650 4488 in
1693 4434 1809 4506 ipsa
1837 4434 1986 4492 nulla
2019 4468 2066 4527 υ

401 4530 755 4574 numerorum
795 4521 1134 4592 compositio.
1172 4524 1258 4580 vel
1308 4525 1573 4588 confusio,
1625 4527 1708 4581 vel
1751 4529 1986 4584 mixtura

350 4651 351 4658 η
401 4621 752 4666 numerorum
773 4620 858 4666 est
882 4612 1114 4684 :singuli
1139 4623 1320 4672 autem
1345 4631 1474 4671 suas
1496 4615 1798 4688 singulares
1827 4619 1995 4676 ratio-

399 4709 500 4752 nes
531 4697 588 4752 in
644 4711 712 4754 ea
751 4699 803 4754 ri
849 4710 906 4756 et
961 4711 1230 4773 potestate
1273 4706 1608 4761 custodiunt.
1651 4707 1784 4776 Quis
1843 4711 1986 4766 enim

397 4795 550 4843 recte
592 4786 986 4858 disputantium
1017 4793 1238 4860 dixerit,
1277 4795 1550 4851 binarium
1593 4813 1878 4868 numerum
1904 4801 1992 4858 vel

401 4877 699 4935 ternarium
730 4879 786 4935 in
832 4883 1064 4938 monade
1089 4873 1421 4956 compositos
1447 4899 1590 4952 esse,
1633 4887 1708 4942 ita
1739 4897 1798 4943 ut
1838 4890 1990 4945 bina-

399 4966 516 5022 rius
563 4965 625 5026 in.
660 4982 728 5024 ea
773 4970 1158 5042 bis'siugulis,
1210 4982 1266 5029 et
1318 4977 1591 5032 ternarias
1638 4987 1721 5034 ter
1761 4982 1990 5053 singulis

397 5055 702 5122 subsistat?
731 5057 787 5114 Si
817 5063 962 5117 enim
989 5063 1094 5120 boc
1123 5064 1298 5131 ﬁeret,
1329 5081 1435 5122 non
1464 5054 1614 5124 esset
1649 5087 1855 5140 nionas,
1894 5075 1990 5130 sed

398 5145 694 5204 multarum
735 5149 1116 5210 diversitatum
1163 5163 1221 5211 et
1251 5157 1486 5229 partium
1531 5163 1894 5233 exaggeratio,
1933 5173 1992 5220 et

395 5239 828 5314 discrepantium,
861 5243 1242 5312 ‘nunteroru'm
1297 5252 1562 5308 cumulus.
1650 5253 1746 5308 Est
1809 5265 1988 5312 autem

399 5343 612 5406 montis,
653 5331 706 5388 in
741 5320 848 5404 qua
883 5337 1128 5393 omnium
1175 5355 1522 5396 numerorum
1573 5343 1808 5399 mirabili
1857 5361 1992 5416 qua-

2103 1869 2158 1924 in
2183 1869 2346 1926 rebus
2384 1867 2735 1926 sensibilibus
2761 1868 2980 1925 desunt.
3008 1865 3147 1921 Non
3191 1863 3440 1946 negabis,
3471 1871 3532 1921 ut
3571 1863 3692 1920 exi-

2103 1961 2286 2024 stimo,
2337 1958 2616 2015 oculorum
2670 1957 2851 2014 radios
2877 1997 2893 2023 ,
2933 1946 3361 2027 'caelestiumque
3403 1967 3694 2025 corporum

2100 2050 2358 2121 fulgores,
2389 2060 2804 2120 ceterorumque
2836 2047 3184 2107 lui‘ninarium
3216 2045 3502 2106 sensibiles
3527 2052 3692 2116 atque

2103 2157 2394 2214 corporeus
2420 2158 2562 2198 esse.
2601 2143 2745 2198 DISC.
2775 2137 3190 2210 Quisnegarit?
3217 2137 3274 2192 Si
3295 2137 3438 2192 enim
3465 2136 3696 2193 lumina-

2103 2237 2241 2292 riqu
2277 2233 2530 2305 splendor
2557 2249 2856 2304 corporeus
2897 2240 3004 2297 est,
3045 2246 3144 2286 cur
3176 2245 3282 2285 non
3312 2231 3476 2285 etiam
3509 2228 3696 2285 oculo-

2100 2327 2269 2384 rum?
2299 2327 2434 2382 Nam
2473 2327 2724 2381 fortassis
2756 2325 2874 2380 loca
2917 2341 3022 2380 non
3073 2321 3384 2394 implerent,
3430 2332 3484 2375 et
3511 2321 3696 2379 locali-

2102 2430 2186 2476 ter
2221 2435 2328 2474 non
2386 2419 2816 2490 porriget-eatur,
2869 2417 2913 2472 si
2965 2413 3272 2489 corporales
3328 2431 3434 2472 non
3485 2423 3689 2474 esseut.

2099 2512 2240 2570 ΜΑο.
2278 2512 2392 2585 Age
2427 2512 2540 2582 jam
2571 2511 2616 2576 ⁷,
2664 2511 2780 2566 sire
2825 2509 2915 2568 lux
2945 2508 3222 2568 oculorum
3253 2515 3305 2562 et
3345 2497 3693 2560 luniinariuiu

2099 2621 2360 2676 corporea
2405 2605 2495 2670 sit,
2530 2604 2616 2658 vel
2659 2620 2764 2660 tum
2806 2604 2908 2668 sit,
2951 2601 3262 2661 sensibilem
3308 2600 3330 2633 ⁸
3374 2613 3495 2656 esse
3533 2612 3695 2651 neinu

2099 2697 2398 2769 denegat-it.
2452 2695 2570 2752 Dic.
2625 2691 2832 2751 Nemo.
2890 2691 3000 2748 Sed
3055 2707 3226 2768 quare
3287 2689 3571 2756 haesitas,
3629 2703 3694 2751 ac

2097 2787 2265 2846 veluti
2321 2785 2762 2848 dubius_videris
2813 2781 3070 2856 deloco,
3112 2792 3296 2838 utrum
3349 2795 3546 2851 corpus
3587 2779 3730 2862 sit,’

2097 2897 2167 2937 an
2207 2880 2357 2936 non?
2392 2880 2572 2950 Atque
2616 2877 2739 2935 ideo
2776 2877 2940 2935 velim
2976 2888 3182 2962 certam
3218 2875 3344 2962 inde
3369 2873 3727 2946 sententiaur

2097 2971 2304 3029 audire.
2625 2983 2635 2992 '
2827 2993 2860 3006 ι·
3181 3000 3185 3005 .
3227 3021 3230 3024 ,
3298 2968 3301 2969 ⁷
3352 3008 3356 3012 λ

2175 3065 2262 3119 ll.
2303 3063 2444 3120 MAG.
2487 3061 2565 3119 De
2608 3060 2817 3118 ratione
2841 3059 2980 3116 lucis
3009 3073 3155 3124 utine
3192 3073 3301 3122 non
3343 3055 3564 3128 agitur:
3598 3057 3693 3112 sed

2103 3153 2231 3230 quid
2253 3153 2322 3226 de
2351 3153 2466 3222 ipsa
2496 3151 2687 3213 sentio,
2719 3150 2976 3222 quoniam
3021 3164 3053 3204 a
3099 3162 3186 3204 me
3211 3137 3408 3219 exigis,
3450 3145 3692 3202 breviter

2100 3237 2299 3301 dicam.
2335 3243 2396 3301 lu
2426 3249 2620 3300 natura
2661 3255 2842 3295 rerum
2878 3239 2983 3294 tria
3029 3235 3369 3316 rationabilis
3410 3233 3692 3308 inquisitio

2072 3335 2327 3416 invenit.
2377 3331 2743 3396 Omne’enim.
2775 3331 2919 3402 quad
2956 3340 3062 3396 est,
3097 3337 3192 3384 aut
3213 3325 3419 3399 corpus
3461 3335 3565 3392 est.
3595 3335 3692 3386 aut

2100 3428 2500 3498 incorporeum,
2527 3433 2624 3480 aut
2653 3423 2910 3488 medium,
2951 3421 3096 3492 quod
3134 3421 3421 3492 corporale
3444 3419 3681 3484 dicitur,

2099 3530 2158 3576 et
2195 3533 2369 3588 neque
2394 3505 2591 3587 corpus
2618 3521 2736 3580 est,
2761 3528 2936 3584 neque
2965 3513 3366 3584 incorporeum,
3394 3511 3452 3566 in
3491 3508 3691 3580 oorpo-

2100 3610 2250 3666 ribus
2278 3590 2454 3664 tamen
2477 3606 2732 3672 sentitur,
2760 3615 2817 3662 et
2838 3615 3128 3678 propterea
3159 3603 3445 3674 corporale
3467 3602 3687 3674 dicitur.

2100 3701 2180 3758 Et
2203 3709 2288 3756 est
2329 3699 2548 3770 quidem
2571 3697 2596 3730 ’
2625 3713 2823 3768 corpus
2851 3711 3035 3762 omne,
3058 3697 3202 3767 quod
3243 3693 3700 3766 longitudine,.et.

2100 3792 2410 3856 latitudine,
2457 3800 2516 3846 et
2558 3788 2843 3845 altitudine
2891 3788 3230 3853 extenditur,
3276 3783 3691 3852 sivenaturale

2100 3882 2190 3949 sit,
2221 3881 2338 3939 sive
2363 3867 2776 3954 geometricum.
2801 3877 3184 3950 [incorporeum
3211 3885 3294 3932 est
3313 3889 3500 3942 omne,
3521 3871 3691 3952 quod-

2097 3985 2313 4045 cunque
2353 3971 2650 4043 praedictis
2706 3971 2899 4042 spatiis
2959 3969 3184 4025 omnino
3249 3977 3422 4034 caret,
3485 3975 3558 4038 ut.
3605 3972 3690 4020 est

2096 4067 2231 4131 vita,
2261 4064 2408 4130 omni
2448 4065 2677 4122 materia
2731 4079 2944 4118 carens.
3001 4061 3294 4132 Corporale
3337 4053 3466 4116 rem
3493 4067 3599 4125 est,
3629 4065 3694 4130 ut

2097 4145 2268 4220 color,
2301 4165 2357 4212 et
2387 4154 2582 4217 forma.
2613 4164 2667 4210 et
2694 4151 3086 4222 similia,.quae
3115 4165 3290 4222 neque
3315 4164 3515 4220 corpus
3541 4157 3687 4211 sunt,

2095 4243 2222 4318 quia
2249 4245 2395 4302 circa
2422 4258 2652 4314 corpora
2695 4239 3091 4312 intelliguntur,
3141 4255 3320 4309 neque
3366 4239 3687 4308 incorporea

2095 4347 2244 4404 sunt,
2269 4337 2394 4406 quia
2437 4351 2652 4406 semper
2691 4327 3027 4406 corporibus
3069 4333 3396 4388 adhaerent.
3449 4329 3508 4389 Si
3557 4343 3692 4406 ergo

2095 4430 2187 4486 lux
2225 4431 2374 4485 color
2401 4437 2505 4493 est,
2535 4438 2590 4484 et
2621 4429 2824 4483 fortnas
2871 4443 3050 4482 rerum
3082 4427 3426 4484 sensibili.qu
3456 4424 3686 4496 detegit.

2094 4522 2224 4594 quid
2262 4519 2507 4591 impedit,
2544 4533 2614 4574 ne
2640 4518 2872 4587 dicatur,
2907 4533 3082 4588 neque
3108 4532 3309 4588 corpus
3340 4531 3480 4583 esse,
3511 4529 3690 4586 neque

2091 4615 2488 4684 incorpOreum,
2523 4612 2615 4668 sed
2645 4611 2877 4666 medium
2911 4614 3202 4682 quoddam,
3236 4611 3380 4680 quod
3405 4609 3691 4680 corporale

2093 4704 2294 4759 dicitur
2325 4714 2485 4774 atque
2507 4701 2805 4758 sensibile?
2837 4702 2981 4756 Disc.
3015 4700 3147 4755 Redi
3180 4703 3246 4754 ad
3301 4701 3640 4774 propositum
3667 4718 3683 4756 :

2094 4800 2270 4866 neque
2297 4793 2525 4865 enim“
2564 4794 2652 4848 llic
2701 4794 2904 4850 diutius
2946 4793 3364 4850 immorandum.
3411 4789 3690 4851 Facillime

2095 4885 2296 4958 quippe
2337 4883 2689 4950 crediderim,
2721 4883 2900 4938 lumen
2945 4881 3224 4938 oculorum
3254 4898 3347 4936 seu
3378 4890 3684 4938 ceterorum

2093 4982 2442 5038 luminat-ium
2470 4981 2704 5037 colorem
2731 4995 2870 5046 esse,
2891 4990 2940 5034 et
2968 4994 3140 5050 neque
3174 4995 3370 5050 corpus
3398 4994 3574 5050 nmine
3599 4979 3687 5035 in-

2095 5091 2437 5146 corporeum.
2457 5073 2562 5130 Sed
2591 5075 2767 5130 adbuc
2787 5089 2892 5128 non
2917 5076 3048 5128 satis
3071 5073 3230 5128 video
3249 5113 3263 5137 ,
3288 5083 3470 5127 utrum
3494 5071 3581 5128 ille
3605 5087 3690 5128 ra»

2095 5168 2241 5232 dius,
2267 5167 2418 5222 verbi
2441 5167 2640 5239 gratia,
2683 5165 2896 5230 solaris,
2923 5165 3008 5219 vel
3035 5165 3314 5220 oculorum
3347 5163 3686 5231 animalium,

2094 5275 2289 5330 corpus
2311 5240 2578 5328 quoddam
2602 5259 2690 5321 sit,
2718 5273 2784 5312 an
2803 5257 3109 5327 corporale,
3138 5273 3204 5312 ac
3233 5256 3572 5312 solummodo
3595 5269 3691 5309 eo-

2093 5350 2177 5406 lor
2189 5352 2334 5406 circa
2349 5364 2575 5422 corpora
2600 5349 2874 5406 sensibilis
2899 5367 2912 5403 :
2939 5350 3166 5421 ideoque
3181 5349 3409 5407 deﬁnias
3429 5352 3689 5420 optarim.

1695 5451 1950 5512 VARIAE
1983 5459 2396 5520 LECTIONES.

469 5563 486 5642 ξ
514 5555 605 5642 sic
629 5554 736 5642 CF“.
759 5575 773 5623 ;
798 5558 838 5611 Α
865 5559 1074 5642 habent.
1203 5561 1289 5617 (1F
1333 5562 1608 5642 quiddam.
1685 5563 1706 5596 ⁸
1734 5565 1828 5642 Sic
1850 5567 1938 5642 ςλιῖ
1955 5585 1974 5642 ς
1989 5568 2047 5642 Δ
2072 5570 2226 5642 quae.

396 5625 485 5684 CF
501 5643 518 5686 :
544 5627 590 5682 Α
617 5639 830 5685 natura.

396 5695 421 5731 ⁸³
447 5700 656 5770 quidem
682 5715 788 5756 om.
823 5701 888 5757 Α.
972 5703 1014 5734 ¹⁶
1040 5702 1180 5758 enim
1222 5718 1332 5760 om.
1365 5704 1430 5758 Α.

930 5629 1078 5713 “liae
1098 5641 1175 5712 est
1201 5649 1296 5688 seu
1311 5629 1548 5713 naturali
1587 5651 1678 5690 seu
1723 5629 1998 5709 artiﬁciali
2041 5629 2342 5713 operatione
2370 5629 2479 5698 om.
2528 5642 2634 5698 CF.

2329 5570 2350 5603 ‘
2379 5572 2498 5642 fons
2541 5589 2674 5644 unus
2703 5582 2859 5644 esb—
2879 5571 3184 5644 ronrcniuut
3231 5569 3432 5644 omaii.
3527 5569 3557 5602 ³
3584 5571 3686 5644 δίο

2736 5641 2756 5672 ⁶¹
2781 5639 2894 5710 jam
2939 5658 3050 5697 om.
3094 5643 3159 5698 Α.
3285 5647 3308 5674 ³
3334 5641 3376 5695 A
3421 5639 3692 5702 sensibile.
