4226 6244
506 18 509 19 ,
532 18 535 19 ,

1985 222 2268 286 JOANNIS
2310 219 2505 280 SCOTI

3764 209 3863 268 884

527 376 533 381 ‘
593 366 724 436 quid
754 361 824 419 sit
851 360 1059 417 radius.
1086 357 1226 415 Mtc.
1253 354 1461 412 Radius
1499 360 1600 415 est,
1631 358 1689 403 ut
1722 347 1931 417 opinor.
1965 344 2180 397 iant-um
2211 341 2259 401 Α
2291 349 2397 393 tem
2449 335 2755 392 resoluitur.
2801 331 2896 389 Bis
2945 331 3126 400 itaque
3155 341 3321 409 atque
3352 327 3656 397 huiusmodi
3690 343 3869 380 rerum
3914 389 3919 394 ‘

592 459 877 530 quiddam,
903 454 1153 526 simplex,
1189 450 1596 510 tenuissimum,
1621 458 1837 516 purum,
1866 440 2043 497 velox,
2072 450 2186 488 nio-

596 551 724 614 bile,
753 546 1051 610 lucil'luum,
1078 559 1146 600 ex
1184 558 1293 614 quo
1327 539 1582 611 splendor
1628 533 1925 607 praet-dens
1972 530 2086 582 loca
2130 532 2186 580 et

598 652 851 708 corpora,
896 649 1037 706 quae
1076 640 1350 703 penetrat,
1384 626 1656 682 illuminat
1707 634 1870 692 atque
1919 617 2181 673 declarat.

604 731 745 787 Disc.
764 728 914 783 Talis
937 724 1183 782 deﬁnitio
1208 720 1518 779 verisimilis
1544 717 1772 773 videtur.
1804 713 1911 768 Sed
1929 722 2183 782 quorsum

602 820 773 875 istaec
799 818 858 871 ‘2’

678 910 763 965 12.
805 907 945 962 Man.
988 906 1104 960 Non
1138 904 1418 976 aliorsum,
1476 899 1577 955 nisi
1621 905 1677 950 ut
1716 895 2010 961 intelligas,
2052 907 2188 971 quo-

605 991 766 1057 niodo
788 1002 810 1032 ¹
838 999 1132 1053 multorum
1177 1006 1230 1051 et
1263 990 1732 1051 innumerabilium
1760 985 2057 1049 hominum,
2091 998 2185 1037 seu

601 1107 911 1150 ett-crurum
957 1088 1309 1147 animalium,
1366 1084 1579 1137 videndi
1637 1095 1830 1134 sensus
1884 1074 2188 1146 rapacium,

606 1185 752 1239 visus
778 1186 922 1238 circa
949 1181 1168 1249 aliquod
1207 1176 1420 1230 visibile
1455 1191 1561 1227 uno
1596 1173 1891 1239 caduntque
1918 1175 2191 1222 momento

604 1275 864 1347 temporis
891 1256 1157 1329 volvatur.
1193 1267 1354 1324 Verbi
1382 1266 1578 1337 gratia,
1605 1278 1768 1316 aurea
1800 1257 2111 1330 sphaerula,
2135 1255 2189 1309 in

602 1367 918 1423 summitate
939 1363 1203 1419 altissima
1228 1359 1394 1414 turris
1423 1357 1621 1428 pnsiln,
1654 1354 1814 1408 simul
1849 1353 1916 1408 ab
1940 1348 2193 1405 omnibus

601 1460 838 1529 undique
854 1453 1336 1513 circumstantibus
1349 1460 1523 1520 potest
1544 1446 1737 1505 videri,
1753 1454 1807 1498 et
1822 1441 2194 1529 unusquisque

601 1551 751 1606 illam
778 1545 1152 1616 aspicientium
1173 1544 1398 1598 obtutus
1425 1539 1507 1594 sui
1531 1537 1711 1591 radios
1732 1536 1785 1589 in
1811 1550 1875 1589 ea
1895 1520 2122 1603 'i'titigit,
2140 1540 2197 1588 et

602 1641 783 1699 nullus
802 1641 892 1694 alii
923 1639 1077 1702 ιιίιτὶι,
1101 1635 1250 1693 Tolle
1282 1645 1433 1689 tuum
1458 1634 1649 1689 visum.
1684 1638 1735 1682 ut
1761 1638 1817 1684 et
1844 1643 1944 1698 ego
1984 1626 2194 1682 videam

2287 426 2704 497 intelligibilium
2724 437 2776 479 et
2803 422 3146 479 sensibilium
3173 421 3436 490 exemplis
3459 418 3715 473 facillime
3740 433 3873 486 pns-

2262 516 2474 575 ἐυιιιιιε
2504 529 2856 590 Cognoscere,
2908 513 3291 568 adunationrm
3338 512 3608 566 humanae
3643 520 3874 563 naturae

2289 611 2403 667 ﬁeri
2430 624 2610 682 posse,
2638 606 3062 679 proprietatibus
3091 603 3425 673 singularum
3442 602 3871 662 substantiarum

2287 699 2612 756 observatis.
2658 697 2768 752 Sed
2814 695 3077 767 quoniam
3117 693 3186 749 de
3216 693 3388 749 reditu
3422 708 3601 747 sermo
3638 701 3747 748 est.
3781 706 3876 745 ne-

2288 793 2583 850 cessarium
2626 806 2911 862 quaerere,
2935 789 3064 860 quid
3092 788 3338 858 corporis
3368 788 3423 842 in
3460 788 3701 842 animam
3724 788 3748 820 ⁸
3792 803 3879 840 re-

2288 898 2575 938 veisurum
2626 883 2744 945 sit,
2792 892 2850 934 ut
2891 881 2985 934 tiat
3026 895 3150 933 cum
3213 879 3354 948 ipsa,
3395 878 3535 933 sicut
3577 877 3877 946 Gregorius
3939 886 3951 898 '

2292 973 2600 1042 Theologus
2627 974 2722 1033 ait.
2748 988 2884 1026 unus
2912 985 2960 1025 et
3005 969 3222 1039 spiiitus
3249 968 3271 1001 ⁷
3301 979 3350 1022 et
3380 970 3588 1023 animus
3616 977 3663 1021 et
3706 968 3874 1030 Deus,

2282 1051 2374 1121 vel
2408 1078 2461 1119 ut
2498 1066 2839 1136 fermentatur
2864 1064 2918 1117 in
2963 1078 3126 1124 unum
3152 1061 3570 1129 incompositum,
3602 1068 3662 1113 ut
3688 1062 3878 1114 beatus

2290 1157 2613 1214 Ambrosius
2638 1157 2847 1219 Educet,
2876 1155 2922 1209 si
2961 1153 3262 1210 substantia
3301 1152 3493 1223 ipsius,
3527 1152 3768 1219 corporis
3795 1151 3882 1205 di-

2292 1262 2377 1312 co,
2410 1262 2626 1316 semper
2674 1244 3204 1301 iuconnnuta-biliter-
3223 1243 3430 1311 absque
3469 1241 3574 1296 ulla
3603 1253 3881 1295 transum-

2294 1334 2498 1393 tatione
2525 1339 2547 1370 ⁸
2571 1346 2932 1408 permansura
2957 1337 3050 1391 sit.
3091 1336 3235 1391 Idem
3285 1336 3467 1404 itaque
3503 1342 3725 1388 sanctus
3745 1331 3882 1388 Gre-

2294 1429 2481 1499 gorius
2540 1426 2820 1499 praefatus
2874 1427 3062 1497 paucis
3104 1426 3288 1481 verbis
3313 1426 3453 1480 hanc
3501 1425 3880 1493 quaestionum»

2294 1521 2474 1584 solvit,
2507 1522 2694 1578 dicens
2722 1539 2736 1574 :
2768 1521 3021 1590 Λίνδου-μισ
3047 1537 3078 1573 a
3115 1520 3223 1573 vim
3250 1528 3297 1572 et
3338 1517 3552 1572 mortali
3597 1528 3644 1570 et
3670 1519 3880 1586 ﬂuenti.

2298 1616 2373 1671 Ac
2400 1614 2444 1669 si
2472 1625 2658 1685 aperte
2685 1610 2888 1668 diceret
2919 1630 2932 1666 :
2967 1613 3100 1666 Dum
3136 1613 3453 1681 absorptmn
3497 1608 3663 1676 fuerit
3687 1626 3718 1661 ει
3746 1609 3879 1669 vita,

601 1735 746 1811 quod
794 1734 967 1793 vides,
1024 1730 1151 1799 quia
1199 1726 1361 1781 simul
1419 1739 1610 1780 ouines
1664 1728 1890 1792 possunt
1928 1718 2194 1791 aSpiCere.
2224 1700 2272 1762 Β
2299 1706 2561 1778 quicquid
2600 1705 2827 1761 mortale
2866 1713 2919 1760 et
2967 1702 3149 1758 ﬂzixile
3192 1709 3277 1759 est
3334 1703 3385 1755 in
3427 1712 3674 1769 corpore.
3728 1698 3883 1766 Quod

606 1809 667 1883 Si
729 1841 861 1896 ergo
891 1833 969 1878 tot
1011 1821 1145 1877 radii
1206 1820 1259 1873 in
1314 1834 1480 1872 mmm
1521 1814 1844 1880 .conlluunt,
1898 1821 1954 1867 et
2017 1809 2197 1865 nullus

534 1935 542 1943 ‘
605 1909 764 1976 alteri
814 1914 1188 1975 confunditur,
1238 1910 1317 1966 vel
1368 1909 1650 1973 miscetur,
1694 1905 1780 1961 vel
1825 1901 2193 1972 componitur,

604 2010 860 2083 quoniam
912 2004 1108 2079 singuli
1165 2002 1489 2069 intuentium
1539 1999 1740 2069 quique
1811 1994 2196 2068 propiietatetn

606 2119 757 2160 suam
774 2103 794 2133 ‘
822 2101 1086 2162 obtinent,
1105 2098 1232 2151 dum
1258 2094 1403 2151 circa
1424 2110 1584 2147 unam
1605 2091 1942 2159 eandemque
1961 2102 2073 2144 rem
2095 2086 2195 2140 itii-

608 2189 762 2250 rabili
790 2193 1017 2263 quarlam
1057 2188 1382 2263 adiuratione
1430 2196 1722 2242 versantur
1754 2200 1769 2241 :
1800 2182 1928 2255 quid
1976 2181 2194 2247 mirum,

608 2286 657 2343 si
688 2296 798 2341 tota
826 2286 1062 2339 lnnnana
1098 2293 1289 2337 natura
1320 2281 1371 2334 in
1421 2279 1683 2333 unitatem
1715 2276 1988 2347 quandam
2012 2271 2200 2328 iuell‘a-

610 2376 772 2433 bilem
807 2375 1101 2443 redigatur,
1152 2370 1577 2442 proprietatibus
1602 2379 1658 2423 et
1698 2367 1966 2438 corporis,
1995 2375 2048 2421 et
2074 2363 2197 2419 ani-

611 2484 756 2533 mae,
775 2477 830 2523 et
856 2467 1163 2522 intellectus
1195 2457 2198 2531 incummutabiliterpermanentibus?

610 2558 768 2613 Aliud
791 2556 1097 2627 exemplum
1127 2573 1193 2611 es
1222 2554 1566 2609 seusibilibus
1598 2552 1827 2613 intuere,
1857 2548 1998 2620 quod
2029 2543 2196 2602 etiam

611 2650 802 2703 beatus
834 2647 1117 2718 Dionysius
1144 2643 1469 2715 Areopagita
1499 2643 1566 2698 de
1590 2642 1788 2697 talibus
1809 2640 2091 2709 disputans
2115 2638 2199 2691 in-

613 2738 870 2797 troduxit.
903 2737 1172 2792 Ponamus
1206 2736 1366 2789 veluti
1399 2735 1452 2789 in
1480 2734 1711 2804 quadam
1740 2733 1971 2787 ecclesia
2001 2722 2199 2787 multas

614 2830 865 2883 lucernas
889 2828 1046 2882 simul
1078 2829 1354 2891 ardentes,
1393 2836 1447 2880 et
1474 2842 1539 2881 ex
1573 2826 1803 2881 diversis
1830 2825 2048 2880 sedibus
2070 2824 2199 2876 latn-

615 2921 810 2990 padum
842 2918 1106 2989 fulgentes
1136 2934 1152 2972 :
1185 2931 1362 2972 nonne
1415 2932 1582 2972 unum
1619 2915 1797 2970 lumen
1836 2907 2095 2980 etiitziunt,
2127 2914 2198 2969 ita

618 3020 676 3064 ut
700 3010 877 3065 n'ullus
918 3024 1210 3080 corpmeus
1238 3024 1428 3064 sensus
1465 3009 1555 3074 sit,
1586 3009 1675 3079 qui
1702 3009 2092 3079 proprietatem
2118 3006 2200 3062 lu—

617 3104 776 3157 minis
806 3103 1138 3173 singularum
1166 3102 1471 3172 lampadum
1511 3105 1579 3159 ab
1604 3103 1824 3159 alterius
1855 3102 2054 3158 lumine
2075 3117 2198 3172 pos-

615 3195 688 3251 sit
735 3196 1079 3252 tliSCPl‘llCl'C?
1115 3197 1192 3251 Eo
1229 3205 1408 3250 autem
1452 3204 1774 3268 argumento
1817 3195 2199 3251 incunctanter

617 3289 1016 3358 apertissimum
1057 3301 1158 3353 est,
1190 3289 1484 3344 multarum
1509 3271 1817 3358 lampadum
1846 3288 2050 3343 lmuina
2075 3286 2197 3340 nul-

616 3379 671 3433 lo
695 3381 853 3433 modo
876 3395 995 3434 esse
1024 3382 1268 3445 confusa,
1296 3379 1391 3436 sed
1414 3381 1753 3436 solummodo
1778 3380 2034 3454 adunata.
2062 3378 2196 3447 21am
2234 3404 2245 3415 -

615 3470 662 3525 si
695 3470 838 3540 quis,
868 3469 1015 3524 verbi
1046 3473 1242 3543 gratia,
1294 3470 1466 3526 lucem
1497 3471 1657 3527 unius
1685 3471 1948 3542 lampadis
1987 3487 2052 3525 ev
2084 3470 2199 3541 ipsa

620 3562 801 3626 domo,
836 3562 887 3616 in
906 3578 1011 3631 qua
1034 3562 1236 3626 lucent,
1260 3562 1608 3626 subtraxerit,
1626 3572 1682 3618 et
1707 3562 1960 3617 aliorsum
1985 3561 2203 3617 duxerit

618 3656 927 3719 ardentem,
972 3656 1038 3710 de
1064 3671 1163 3709 suo
1211 3654 1428 3725 proprio
1460 3654 1662 3709 lumine
1711 3653 1855 3708 inter
1891 3662 2199 3709 ceterarum

617 3740 925 3816 lampadmn
966 3745 1281 3816 Splcmlores
1314 3745 1444 3800 nihil
1477 3745 1767 3814 relinquet,
1796 3744 1931 3799 nihil
1969 3743 2199 3800 aliarum

618 3838 835 3892 lmntnis
856 3839 1154 3892 subtrahet.
1176 3837 1268 3890 Sit:
1296 3837 1362 3891 dc
1378 3837 1837 3892 ceterisomuiluts
1863 3836 2202 3906 lampadibus

613 3929 975 3983 sentiendum;
1023 3926 1154 3981 Nam
1181 3928 1302 3981 siet
1337 3928 1484 3997 ipsae
1524 3929 1836 3983 subtractae
1872 3926 2066 3980 lbet-int
2090 3968 2104 3988 ,
2129 3926 2201 3982 nil

613 4021 771 4075 alieni
792 4019 1200 4074 luminissecum
1224 4020 1564 4082 subtrahent,
1588 4020 1661 4073 nil
1684 4019 1885 4093 proprii
1908 4019 2200 4076 dimittent.

690 4109 777 4163 l5.
811 4108 944 4164 Num
984 4109 1154 4177 ,simili
1207 4112 1365 4163 modo
1403 4110 1483 4165 .de
1516 4110 1769 4164 humanis
1820 4110 2204 4182 organi‘cisque

619 4202 840 4257 vocibus
871 4200 1223 4271 intelligitur?
1254 4201 1477 4273 Singula
1526 4215 1776 4271 quaeque
1804 4218 1930 4266 vos,
1970 4201 2083 4257 sive
2105 4202 2204 4256 hu—

619 4280 802 4361 mana,
835 4292 949 4348 sive
996 4292 1275 4355 ﬁstulatis,
1325 4292 1408 4346 vel
1439 4292 1642 4364 lyrica,
1690 4293 2009 4363 qualitatem
2047 4308 2198 4348 suam

619 4384 820 4439 habere
859 4399 965 4438 non
989 4382 1225 4447 desistit,
1248 4384 1375 4438 dum
1412 4399 1573 4437 unam
1606 4384 1942 4438 harmoniam
1969 4383 2110 4439 inter
2142 4398 2201 4439 se

620 4474 806 4541 plures
845 4474 1052 4529 unitate
1074 4490 1313 4545 congrua
1339 4475 1586 4545 analogia
1617 4475 1876 4529 (ιιιίιοέιιιιι.
1912 4475 2009 4532 Ubi
2037 4459 2201 4544 etiam

621 4577 866 4633 apertum
894 4575 1273 4637 argumentum
1299 4568 1367 4620 de
1395 4568 1541 4621 sonis
1568 4569 1748 4631 datur,
1777 4568 1919 4638 quod
1951 4569 2002 4623 in
2028 4585 2087 4624 se
2117 4568 2203 4624 in-

625 4662 793 4713 vicem
843 4675 949 4713 non
997 4658 1423 4719 coufnmlnntur,
1465 4661 1560 4715 sed
1590 4661 1928 4716 solummodo
1961 4664 2206 4717 adunau-

625 4762 731 4804 tur.
755 4750 889 4822 Nam
920 4752 965 4805 si
994 4750 1172 4819 aliqua
1202 4766 1302 4804 vox
1336 4767 1403 4805 ex
1437 4752 1567 4821 ipsis
1598 4753 1827 4815 siluerit,
1860 4753 1973 4808 Sola
2004 4753 2205 4817 silebit,

626 4857 723 4899 nec
751 4842 815 4894 de
863 4839 1091 4895 melodia
1120 4840 1330 4895 silentis
1376 4842 1520 4895 inter
1547 4841 1725 4897 adhuc
1766 4851 2021 4898 sonantes
2055 4843 2208 4913 quic-

623 4951 785 5001 quam
815 4932 1059 4989 resultat.
1087 4933 1161 4987 Ex
1193 4928 1301 5004 quo
1330 4934 1678 4990 manifestum
1708 4945 1808 4991 est.
1841 4937 2004 5003 quod,
2037 4954 2207 5007 quan-
2232 4971 2243 4984 -

623 5031 693 5080 tto
725 5025 862 5079 inter
900 5034 1110 5079 ceteras
1154 5025 1357 5085 sonuit,
1387 5025 1772 5095 proprietatem
1812 5044 1944 5081 suae
1973 5027 2209 5096 qualita-

624 5128 697 5171 tis
751 5115 1078 5193 observavit.
1111 5115 1245 5169 Nam
1304 5115 1348 5169 si
1396 5114 1517 5168 aliis
1573 5115 1594 5145 ⁵
1633 5115 2205 5181 eom'underetur,non

630 5214 809 5266 noswt
842 5213 1009 5261 lotam
1038 5221 1101 5284 se.
1120 5206 1328 5259 silendo
1359 5206 1881 5272 subtI‘alict'e..QnOtl
1911 5206 2055 5261 enim
2079 5223 2211 5262 con-

628 5297 872 5357 inliditur
905 5295 987 5351 vel
1018 5298 1297 5360 miscetur,
1322 5311 1428 5350 non
1461 5296 1619 5351 lacilc
1646 5297 1876 5351 insuam
1906 5298 2210 5366 proprieta-

2296 1796 2460 1854 etiam
2498 1797 2790 1873 Apostolus
2837 1794 3281 1853 manifestissime
3315 1793 3492 1847 docet.
3535 1791 3626 1846 Ait
3672 1789 3829 1846 enim
3864 1810 3877 1843 ι

2298 1889 2606 1947 Semiuatur
2650 1906 2840 1962 corpus
2875 1887 3126 1952 animale,
3155 1893 3328 1956 surget
3360 1900 3548 1954 corpus
3582 1877 3881 1952 spirituule.

2296 1982 2428 2039 item
2464 2000 2478 2037 :
2514 1981 2650 2036 Dum
2677 1978 3012 2050 conantibus
3031 1978 3128 2032 hoc
3154 1975 3381 2031 induerit
3408 1972 3883 2043 incorruptionem,

2297 2086 2344 2131 et
2379 2075 2601 2129 mortale
2631 2075 2729 2128 hoc
2754 2071 2983 2126 induerit
3020 2066 3485 2125 immortalitatem.
3511 2063 3678 2119 Moles
3699 2063 3887 2131 itaque

2300 2175 2552 2229 terrena,
2573 2165 2843 2225 mortalis,
2876 2161 3099 2227 l'luxilis,
3129 2175 3271 2232 quae
3300 2173 3365 2212 ex
3400 2156 3629 2212 diversis
3653 2154 3888 2227 qualita-

2299 2262 2444 2317 tibus
2463 2260 2799 2317 sensibilium
2831 2258 3223 2315 elementorum
3256 2264 3308 2309 et
3339 2265 3612 2323 assumpta
3644 2260 3700 2306 ct
3723 2266 3882 2306 com-

2298 2354 2472 2425 posita
2496 2362 2602 2415 est,
2646 2354 2748 2409 sub
2780 2352 2952 2406 forma
2992 2350 3118 2412 bac,
3146 2362 3286 2418 quae
3326 2345 3578 2401 sensibus
3605 2341 3889 2412 corporeis

2300 2438 2667 2514 succumbit’,
2699 2439 2844 2493 sicut
2871 2438 2922 2492 in
2966 2431 3595 2506 praecedentibuslibris
3631 2430 3886 2486 tractavi-

2301 2541 2470 2597 mus,
2530 2530 2784 2600 quoniam
2846 2528 3044 2583 merito
3101 2527 3306 2599 peccati
3364 2523 3596 2579 naturali
3641 2519 3887 2590 corporis

2301 2622 2756 2690 substantialique
2785 2620 3131 2689 superaddita
3172 2626 3277 2681 est,
3303 2616 3563 2679 solvetur,
3594 2623 3649 2669 et
3679 2613 3731 2667 in
3768 2628 3885 2666 nie-

2301 2713 2405 2768 lius
2439 2712 2866 2785 mutabitur,ju
2916 2708 3168 2782 spiritum
3223 2707 3584 2776 stabilemque
3636 2701 3883 2759 substan-

2302 2805 2454 2868 tiam,
2507 2819 2647 2873 quae
2694 2802 2864 2858 nescit
2917 2804 3084 2856 liuere
3122 2800 3207 2873 vel
3250 2798 3413 2863 mori,
3471 2796 3888 2851 resurrectionis

2307 2908 2547 2967 tempore
2597 2910 2903 2949 reversum.
2940 2892 3238 2948 Sanissima
3275 2904 3506 2959 namque
3535 2896 3589 2943 et
3617 2886 3886 2942 catholica

2306 2987 2410 3043 ﬁde
2437 2986 2733 3048 credimus,
2768 2984 3074 3038 divinorum
3111 2982 3376 3045 virorum,
3406 2977 3665 3047 Theologi
3703 2975 3890 3031 videli-

2227 3064 2274 3127 (δ
2308 3088 2395 3137 cet
2422 3078 2668 3149 Gregorii
2697 3086 2752 3131 et
2804 3074 3045 3138 Maximi,
3079 3073 3144 3129 de
3179 3072 3376 3128 talibus
3406 3069 3756 3129 inconcussas
3786 3080 3888 3119 ‘ra-

2309 3173 2483 3242 tiones
2526 3168 2866 3224 reddentium
2913 3167 3163 3237 dogmate
3212 3162 3428 3228 imbuti,
3451 3160 3594 3233 quod
3638 3155 3890 3213 conditor

2305 3262 2578 3323 humanae
2609 3268 2837 3313 naturae
2869 3266 3035 3311 totam
3077 3252 3238 3309 simul
3258 3267 3379 3306 eam
3401 3251 3627 3315 creavit,
3653 3262 3754 3302 nec
3774 3249 3889 3300 aui—

2307 3369 2452 3407 niam
2475 3361 2601 3405 ante
2627 3364 2847 3418 corpus,
2874 3363 2971 3402 nec.
3001 3362 3194 3416 corpus
3216 3352 3342 3399 ante
3363 3343 3600 3398 animam
3626 3338 3891 3396 condidit.

2307 3441 2539 3511 Ideoque
2575 3455 2682 3494 non
2708 3434 3156 3493 irrationabiliter
3186 3441 3454 3497 tenemus,
3485 3430 3540 3486 in
3568 3430 3681 3502 ipsa
3713 3429 3888 3499 prima

2308 3534 2616 3591 conditione
2641 3531 2876 3586 animam
2905 3530 3064 3585 simul
3093 3538 3146 3603 et
3174 3541 3372 3598 corpus
3402 3525 3605 3593 absque
3629 3522 3741 3577 ulla
3768 3537 3882 3576 cor-

2310 3610 2677 3696 ruptibilitatis
2704 3632 2759 3678 et
2813 3624 3003 3701 mortis
3046 3621 3346 3693 capacitate
3383 3616 3715 3674 substitisse.
3770 3615 3887 3670 Non

2307 3719 2453 3775 enim
2483 3726 2665 3774 rectae
2690 3702 2884 3771 rationi
2912 3714 3167 3771 convenit
3199 3712 3398 3783 putari,
3428 3710 3892 3783 conditoremna-

2312 3820 2465 3864 turae
2516 3806 2674 3863 simul
2730 3806 2907 3861 laetae
2932 3812 3140 3877 partem
3168 3782 3285 3872 eius
3328 3799 3690 3857 immortalem
3719 3782 3789 3851 et.
3812 3797 3891 3850 iii--

2308 3899 2742 3972 eorruptibilem,
2785 3898 3023 3954 animam
3060 3895 3205 3959 dico,
3255 3904 3467 3967 partem
3519 3890 3806 3950 mortalem
3835 3899 3890 3941 υι

2309 3991 2745 4063 corruptibilem,
2801 4003 3001 4060 corpus
3045 3986 3332 4051 videlicet,
3380 3998 3621 4040 creasse.
3657 3981 3891 4052 Ideoque

2313 4098 2478 4143 totam
2510 4093 2760 4140 naturam
2790 4080 3045 4143 hominis,
3070 4080 3308 4134 animam
3336 4084 3393 4133 et
3427 4090 3647 4148 corpus,
3670 4074 3893 4128 immor-

2311 4178 2474 4235 talem
2506 4187 2559 4230 ιιι
2591 4172 3055 4244 incorruptibilem
3088 4169 3329 4226 creatam
3354 4167 3536 4231 fuisse,
3563 4182 3669 4226 non
3698 4164 3891 4221 incon-
3974 4223 3988 4232 ,

2310 4285 2463 4342 grue,
2495 4277 2551 4322 ut
2579 4268 2849 4330 arbitror,
2896 4264 3269 4319 aestimamus.
3309 4259 3445 4314 Nam
3477 4266 3532 4313 et
3558 4256 3782 4327 angelos
3812 4266 3894 4310 ta-

2312 4364 2389 4417 les
2418 4370 2637 4417 creatus
2668 4360 2833 4412 fuisse
2864 4357 3138 4425 sapientes
3188 4354 3428 4407 tradunt.
3472 4351 3578 4405 Eos
3622 4347 3891 4419 siquidem

2282 4446 2534 4525 letit'iltts
2588 4450 2938 4517 incorporeas
2987 4454 3041 4500 et
3107 4442 3414 4513 spiritualia
3464 4454 3695 4511 corpora
3741 4437 3893 4491 onmi

2311 4543 2661 4613 corruptione
2691 4539 2936 4594 carentia
2965 4538 3291 4593 constitutos
3316 4548 3437 4590 esse
3466 4547 3571 4592 non
3597 4528 3849 4586 dubitant
3876 4545 3890 4579 :

2314 4637 2628 4694 hominibus
2660 4648 2788 4688 vero
2833 4640 2890 4687 ct
2938 4627 3441 4700 praevaricantibus
3477 4623 3687 4695 angelis
3718 4637 3895 4694 poena

2311 4734 2517 4806 peccati
2539 4743 2752 4787 terrena
2769 4739 2825 4784 et
2854 4726 3224 4797 corruptibilia
3255 4739 3482 4795 corpora
3515 4735 3783 4789 aereaque
3807 4733 3895 4774 su-

2309 4824 2589 4897 peraddita
2613 4837 2752 4885 esse,
2773 4829 2984 4875 terrena
3009 4818 3224 4888 quidem
3243 4815 3572 4871 hominibus.
3592 4826 3750 4867 aerea
3767 4825 3897 4864 vero

2315 4916 2540 4989 angelis.
2559 4913 2664 4969 Sed
2678 4911 2818 4983 quod
2841 4910 2993 4966 nobis
3015 4906 3420 4978 superadditum
3434 4913 3537 4967 est,
3557 4903 3812 4973 quoniam
3829 4889 3914 4955 exi

2316 5010 2679 5076 ltedemptore
2702 5012 2888 5058 nostro
2910 5007 3271 5070 assumptum,
3309 4997 3402 5069 qui
3431 4996 3669 5066 seipsutn
3707 4993 3894 5048 exina-

2316 5100 2472 5163 nivit,
2511 5097 2744 5151 formam
2792 5093 2932 5150 servi
2993 5090 3284 5161 accipiens,
3316 5088 3621 5144 movebitur
3651 5086 3704 5140 in
3736 5100 3894 5153 spiri-

2317 5214 2452 5268 tum,
2480 5201 2614 5257 etin
2640 5199 2815 5269 ipsam
2863 5194 3228 5249 substantiam
3261 5192 3512 5262 primitus
3537 5204 3567 5244 a
3610 5189 3721 5243 Deo
3746 5201 3898 5241 στι-τιν

2315 5304 2449 5359 tam,
2470 5292 2682 5364 quando
2706 5287 3067 5345 absorbrbitur
3091 5302 3232 5340 mors
3264 5284 3317 5338 iu
3342 5283 3635 5346 victoriam,
3657 5287 3713 5334 et
3752 5286 3898 5334 totus

1915 5385 2173 5442 vitam;
2202 5381 2609 5454 LECTIONES.

698 5505 712 5536 ¹
748 5502 835 5558 CI"
864 5508 1017 5553 “tur.

1130 5502 1149 5532 ³
1177 5500 1437 5569 quomodo
1466 5517 1576 5556 om.
1604 5501 1708 5554 (ΣΥ.
1804 5500 1825 5531 ³
1860 5499 1943 5556 CF
1978 5502 2028 5555 in
2058 5518 2192 5555 enm.

2268 5500 2291 5533 ⁸
2315 5518 2464 5556 suam
2490 5514 2599 5555 om.
2632 5496 2739 5553 CF.

2818 5497 2840 5530 ⁸
2890 5495 2981 5550 Sic
3027 5492 3143 5549 CF:
3194 5492 3232 5549 Α
3276 5501 3396 5547 cunt
3434 5488 3574 5544 aliis.
3649 5485 3672 5519 ⁸
3700 5483 3796 5542 Sic
3818 5484 3895 5550 Γ,

639 5575 673 5625 Α
702 5580 907 5639 anima;
941 5569 984 5628 Ο
1012 5571 1137 5644 quid
1167 5556 1411 5642 corporis
1432 5573 1648 5627 [mutaui
1681 5586 2021 5626 reversurmu
2047 5574 2138 5629 sit.
2215 5573 2234 5602 ⁷
2267 5582 2313 5626 et
2342 5571 2554 5643 spitims
2577 5585 2685 5623 oni.
2721 5566 2805 5626 Cl"
2849 5569 2872 5600 θ
2895 5567 2985 5627 Sit:
3006 5565 3112 5629 Cl“;
3137 5563 3185 5623 Α
3209 5562 3633 5622 counnututionc.
3668 5556 3748 5616 Ἀ
3780 5572 3898 5615 sue-

621 5646 891 5703 (titubant.
