4226 6230
491 257 600 328 885
1085 269 1088 272 ’
1347 255 1442 314 DE
1479 253 1825 312 DiVlSlO'NE
1863 250 2160 310 NATURN

2144 249 2220 310 ε.
2259 280 2332 293 -
2369 251 2572 310 unus
2611 249 2938 326 animus.
3471 305 3476 308 .
3681 207 3813 317 ηδ’

493 361 678 438 homo,
702 369 944 436 exterior
973 367 1224 428 videlicet
1249 379 1301 424 et
1327 369 1578 434 interior,
1617 368 1894 430 sensibilis
1923 375 1981 426 et
2006 366 2086 422 in-
2110 365 2162 428 Δ
2191 369 2422 444 ϐάματι,
2453 369 2558 426 hoc
2612 381 2701 431 est
2739 370 3082 438 accidentia,
3131 379 3274 447 quae
3313 369 3712 427 rationabiliter
3747 385 3788 432 δ
3823 385 3832 408 δ

497 464 810 533 telligibiiis,
839 463 890 521 in
923 475 1088 514 unum
1121 460 1466 515 adiutabitur.
1499 457 1554 514 Si
1585 459 1673 516 cui
1699 471 1884 514 autem
1909 459 2083 513 incre-
2189 459 2524 528 sapientibus
2549 459 2831 531 passiones
2852 461 3030 516 solent
3053 460 3335 533 appellari,
3367 459 3436 516 ab
3457 459 3537 516 eis
3559 463 3792 534 progre-

494 539 660 628 dibile
687 557 1136 624 videtur,.corpus
1155 551 1377 624 quidem
1407 561 1684 608 terrenum
1708 549 1906 626 mutari
1925 565 2088 620 posse
2188 549 2410 608 diantur
2441 549 2794 606 materialiter
2819 551 2884 604 ad
2911 551 3058 608 hunc
3086 537 3344 610 ntnndum
3371 551 3639 610 visibilem
3657 567 3786 626 pro-

495 642 552 698 in
597 643 844 716 spiritmn
873 683 890 706 ,
940 641 1146 706 videat,
1191 641 1472 716 quomodo
1519 639 1854 719 sensibilium
1904 655 2090 694 rerum
2171 641 2510 708 creandum,
2537 650 2598 696 ut
2623 655 2689 696 eo
2711 642 2912 700 iterum
2945 643 3121 700 soluto
3159 644 3246 699 illa
3297 643 3600 710 solvantur,
3626 653 3685 700 et
3727 644 3788 701 in

495 740 788 812 qualitates
849 738 902 792 in
957 735 1280 811 semetipsos
1336 735 1770 794 transmutaritur
1789 772 1820 812 ,ο
1865 749 2092 794 maneu-
2183 735 2684 806 suassubsmntias
2735 747 3108 802 revertantur,
3145 749 3202 795 n-t
3249 739 3303 792 in
3353 737 3438 794 eis
3478 734 3785 810 quiescant,

497 834 642 888 tibus
673 830 1020 894 substantiis,
1059 845 1290 900 quarum
1331 829 1628 898 qualitates
1665 837 1790 884 sunt
1825 845 1839 884 :
1879 827 2084 890 videat,
2189 831 2590 902 terminumqne
2618 843 2752 884 suae
2807 831 3186 886 mutabilitatis
3239 831 3592 898 constituant,
3619 829 3784 886 omni

496 923 768 994 quomodo
793 919 1052 991 aquatilis
1073 913 1326 990 qualitas
1343 919 1397 972 in
1425 920 1638 990 igneam
1659 917 2088 996 vet-titnrquali-
2187 923 2334 977 iittxu
2365 926 2730 993 generationis
2759 933 2814 980 et
2839 923 3204 993 corruptionis
3227 938 3323 992 per
3365 923 3702 978 incrementa
3729 929 3788 976 et

496 1024 660 1074 tatem
695 1033 709 1070 :
754 1017 954 1080 videat,
976 1014 1250 1083 quomodo
1281 1013 1453 1068 nubes
1481 1013 1552 1068 de
1581 1027 1708 1075 aere
1729 1011 2088 1082 conglobatae
2187 1013 2530 1075 decrementa
2559 1017 2612 1076 in
2643 1016 2794 1080 locis,
2821 1014 3173 1084 temporibus,
3199 1012 3386 1076 libera,
3407 1013 3632 1082 suisque
3654 1010 3784 1066 sub-

493 1107 704 1172 inaera
735 1105 1086 1178 purissimum
1117 1105 1484 1169 resolvuntur,
1521 1105 1592 1169 ita
1620 1117 1681 1165 ut
1707 1105 1841 1170 nihil
1865 1107 1933 1162 de
1963 1107 2089 1160 den-
2183 1104 2344 1176 jertis
2381 1107 2708 1168 substantiis
2737 1108 2885 1166 unita
2909 1149 2926 1171 ,
2953 1115 3008 1160 ut
3055 1105 3408 1166 aeternaiiter
3445 1122 3626 1160 unum.
3661 1119 3788 1160 cum

493 1197 654 1252 sitate
677 1213 866 1252 earum
899 1205 1176 1252 remaneat
1205 1195 1445 1259 :.videat,
1471 1197 1742 1266 quomodo
1773 1205 1830 1262 et
1845 1197 1956 1268 ipse
1971 1211 2086 1261 aer.
2191 1199 2342 1270 ipsis,
2366 1199 2751 1270 inseparabile,
2802 1211 2857 1254 et
2909 1198 3348 1256 incommutabile
3387 1197 3642 1254 ineil'a-b‘iii
3689 1197 3791 1251 ati-

491 1295 552 1344 ut
581 1303 744 1358 saepe
773 1289 1028 1352 diximus,
1060 1276 1224 1342 solari
1283 1287 1540 1344 claritate
1591 1288 1972 1348 consumitur:
2010 1289 2090 1343 vi-
2189 1291 2448 1348 unatione
2473 1291 2794 1359 eﬂieiantnr.
2833 1289 2968 1346 Man.
2997 1289 3172 1344 Nimis
3211 1291 3311 1345 ista
3354 1289 3630 1360 inquisitio
3652 1288 3788 1352 alia.

493 1381 637 1440 deat.
669 1383 938 1452 quomodo
969 1381 1148 1437 fumus
1177 1383 1230 1436 in
1261 1379 1534 1452 ﬂammam
1581 1382 1816 1436 vertitur
1843 1399 1858 1436 :
1886 1381 2085 1446 videat,
2190 1399 2256 1438 ac
2285 1384 2520 1438 nomium
2551 1383 2610 1438 in
2645 1382 2858 1439 civilem
2892 1382 3056 1437 animi
3097 1377 3506 1452 conceptionem
3543 1376 3788 1458 promul-

493 1471 846 1529 l'ortissimam
878 1473 1309 1528 ratiocinationis
1343 1473 1620 1528 virtutem.
1659 1469 1716 1526 Si
1761 1471 1910 1534 enim
1952 1485 2088 1541 qua.
2189 1481 2336 1543 gata.
2379 1473 2484 1528 Sed
2525 1475 2660 1544 quia
2687 1473 2782 1527 abs
2801 1482 2860 1526 te
2900 1471 3216 1529 cautissime
3238 1481 3296 1526 et
3319 1471 3570 1526 ordinate
3591 1465 3790 1542 pro§6~

491 1563 674 1620 litates
698 1579 876 1620 rerum
901 1563 1190 1620 visibilium
1223 1564 1594 1634 incorporaies
1629 1571 1776 1628 sunt,
1801 1563 1944 1618 unde
1969 1561 2090 1618 uul-
2188 1565 2304 1620 sita.
2331 1573 2435 1628 est,
2466 1581 2570 1620 non
2605 1565 2773 1618 multa
2801 1575 2858 1620 et
2883 1563 3148 1620 laboriosa
3177 1563 3519 1634 reseratione
3543 1561 3788 1638 indiget;

477 1654 577 1708 'lus
598 1663 745 1707 recte
768 1651 1159 1721 disputantium
1197 1653 1434 1718 dubitat,
1462 1660 1516 1707 et
1555 1651 1600 1708 si
1635 1652 1818 1714 omnia
1864 1660 2082 1708 terrena
2115 1719 2158 1727 _
2193 1655 2306 1712 i'ere
2343 1671 2577 1726 namque
2614 1671 2644 1710 a
2693 1665 2746 1711 te
2809 1655 2925 1727 ipso
2979 1654 3156 1710 soluta
3201 1661 3308 1710 est.
3357 1653 3560 1710 Causas
3607 1652 3786 1724 itaque

493 1758 724 1820 corpora
753 1757 818 1798 ex
853 1745 1090 1813 ipsarum
1121 1743 1441 1814 qualitatum
1490 1741 1912 1814 exaggeratione
1959 1758 2090 1797 con-
2115 1719 2166 1784 Β
2191 1743 2434 1808 omnium
2461 1765 2640 1806 rerum
2689 1750 2742 1804 in
2789 1749 3056 1819 sapientia
3101 1757 3316 1806 creatas
3357 1756 3413 1803 et
3459 1747 3786 1804 substitutus

490 1827 782 1904 globantur
807 1851 822 1886 :
849 1833 980 1904 quid
1001 1834 1198 1888 mirum
1220 1835 1300 1888 vel
1325 1834 1642 1890 incredibile
1673 1841 1756 1890 est
1783 1835 1824 1902 ί,
1845 1833 1989 1905 quod
2022 1849 2090 1890 ex
2190 1839 2248 1908 in
2277 1841 2390 1910 ipsa
2413 1827 3394 1898 aeternaiiteret'iucommulabiiitor
3415 1853 3520 1893 non
3551 1837 3788 1900 dubitas,

493 1923 930 1994 incorporalibus
951 1925 1304 1996 qualitatibus
1341 1927 1644 1992 coniicitur,
1699 1926 1751 1980 in
1793 1927 1816 1960 ³
1865 1941 1954 1984 res
2001 1925 2087 1980 in-
2191 1939 2252 1989 ut
2284 1931 2496 2000 opinor,
2529 1943 2870 2000 permanere,
2887 1937 2944 1984 et
2968 1930 3040 1984 ab
3076 1929 3193 2000 ipsa
3217 1944 3484 1998 nusquam
3506 1942 3783 1998 nunquam

494 2017 804 2087 corporales
835 2033 994 2092 posse
1023 2017 1241 2074 redire?
1275 2017 1420 2098 Dise.
1449 2015 1612 2072 Plane
1643 2017 1978 2072 intuentibus
2007 2031 2091 2072 re-
2193 2024 2468 2086 recedere,
2492 2021 2578 2078 vel
2605 2021 2806 2092 fluxum
2839 2017 3074 2095 aliquem
3133 2021 3250 2092 pati
3297 2023 3364 2078 ad
3411 2037 3476 2078 ea
3521 2036 3661 2092 quae
3697 2021 3782 2078 ius

495 2123 618 2170 rum
655 2111 996 2166 ‘substautias
1022 2119 1077 2165 et
1109 2093 1419 2182 qualitates,
1459 2108 1854 2166 transiusiones
1873 2105 2089 2180 quoque
2190 2113 2392 2178 leniora
2427 2123 2572 2172 sunt.
2605 2114 2721 2174 Non
2749 2115 2892 2176 enim
2925 2093 3020 2185 per
3042 2130 3100 2170 se
3124 2111 3499 2178 subsisterent,
3523 2112 3788 2184 si-aiiquo

495 2213 551 2262 et
587 2205 1027 2282 compositiones,
1047 2221 1146 2262 nec
1168 2219 1274 2262 non
1301 2213 1355 2258 et
1377 2203 1735 2260 adunationcs
1761 2212 1816 2258 et
1843 2217 2090 2286 progres-
2191 2203 2354 2262 modo
2381 2205 2450 2262 ab
2479 2205 2592 2276 ipsa
2622 2206 2956 2261 recederent.
3009 2205 3157 2260 Dtsc.
3201 2205 3278 2260 De
3325 2220 3612 2260 causarum
3645 2219 3786 2258 -οπμ

411 2365 427 2382 ⁸
499 2295 673 2352 tiones
702 2311 768 2350 ex
805 2295 1250 2366 primordiaiibus
1293 2295 1493 2361 causis,
1529 2295 1690 2366 inque
1738 2297 1958 2350 easdem
2003 2309 2089 2352 re-
2193 2299 2342 2354 nium
2405 2295 2832 2354 incommutabili
2877 2296 3282 2366 perseverantia
3335 2293 3390 2350 in
3437 2295 3552 2364 ipsa
3602 2293 3788 2350 divina

495 2389 940 2454 ditus,'fortassis
969 2389 1288 2444 nec'mirum
1313 2389 1752 2446 neciucredibiie
1795 2389 2086 2446 videbitur.
2192 2391 2480 2462 sapientia,
2511 2394 2762 2460 quodest
2807 2387 3042 2444 Verbum
3091 2387 3184 2442 Dei
3231 2385 3434 2451 Patris,
3477 2387 3530 2440 in
3578 2399 3688 2456 quo
3727 2394 3788 2440 et

496 2479 625 2538 Mihi
693 2491 876 2536 auietn
923 2479 1121 2538 nullius
1177 2481 1504 2536 sententiam
1559 2481 1971 2551 praesrribenti,
2007 2481 2090 2537 vel
2192 2498 2290 2552 per
2316 2483 2460 2552 quod
2495 2491 2552 2536 et
2597 2478 2742 2536 farta
2787 2489 2913 2536 sunt
2937 2485 3012 2533 'et
3055 2477 3382 2542 subsistunt,
3424 2475 3571 2532 nullo
3601 2475 3790 2534 modo

495 2569 728 2640 litigiose
753 2569 1041 2636 refclicuti,
1065 2571 1165 2626 etsi
1189 2570 1256 2626 de
1283 2571 1478 2624 talibus
1504 2569 1660 2624 aliter
1685 2571 1936 2637 senserit,
1957 2573 2089 2628 satis
2193 2573 2509 2630 dubitarim.
2539 2571 2676 2628 illud
2725 2571 2993 2641 siquidem
3034 2581 3091 2624 et
3139 2569 3322 2624 divina
3375 2567 3678 2638 Scriptura,
3732 2577 3790 2621 et

499 2669 704 2716 aetum.
735 2651 1022 2722 Νυιιέιιίηι
1047 2659 1169 2732 plus
1199 2675 1403 2730 quaero
1433 2659 1596 2718 certis
1623 2661 1922 2716 rationibus
1966 2675 2090 2716 sua-
2193 2677 2505 2722 sanctorum
2557 2664 2778 2726 Patrum
2857 2664 3079 2720 traditio
3125 2661 3506 2730 incunctanter
3565 2660 3784 2715 asserit.

497 2752 610 2808 deri
647 2752 1074 2810 substantiarum
1101 2751 1483 2808 adunationcm
1515 2753 1721 2823 absque
1751 2753 1872 2808 uilis
1903 2751 2092 2810 confu-
2194 2756 2338 2820 lito.
2373 2757 2512 2824 Quid
2541 2757 2635 2812 tibi
2665 2757 2875 2812 videtur
2921 2755 2986 2810 de
3030 2753 3350 2812 substantiis
3393 2767 3596 2818 rerum,
3645 2763 3788 2819 quae

499 2843 735 2908 sianum,
765 2845 846 2900 vel
881 2845 1265 2908 mixturarum,
1310 2844 1832 2914 compositionumve
1875 2855 2092 2915 pertur-

2195 2851 2248 2908 in
2271 2852 2560 2922 praedictis
2587 2850 2770 2906 causis
2797 2849 2819 2880 ⁸
2863 2858 2916 2904 et
2957 2847 3132 2903 iactae
3157 2856 3214 2903 et
3247 2847 3574 2902 substitutae
3616 2842 3781 2910 sunt?

497 2935 804 2992 batiouibus
847 2951 945 2991 seu
1001 2933 1562 3000 transmutationibus,
1597 2923 1916 3008 qualitatum
1958 2951 2092 3012 quo-

2193 2943 2332 3004 Num
2359 2943 2672 3006 verisimile,
2695 2943 2804 3004 imo
2831 2941 3194 3006 verissimum,
3212 2949 3272 2994 ut
3287 2939 3595 3002 credamus,
3619 2937 3783 2991 etiam

501 3043 625 3098 quo.
643 3043 708 3082 ex
741 3029 936 3100 quibus
964 3029 1098 3086 haec
1123 3029 1304 3084 omnia
1327 3029 1606 3085 seusibiiia
1643 3044 1872 3100 corpora
1896 3029 1916 3062 ³
1939 3044 2088 3084 com-
2122 3090 2164 3106 η
2195 3039 2361 3106 ipsas,
2390 3033 2720 3090 substantias
2745 3035 2887 3094 dico,
2914 3031 2966 3086 in
2999 3032 3112 3087 suis
3136 3031 3314 3086 causis
3342 3044 3558 3101 semper
3599 3039 3656 3085 et
3704 3027 3788 3082 in.

497 3131 654 3196 pacta
680 3133 826 3190 sunt,
859 3125 1088 3180 reditum
1116 3133 1170 3180 et
1219 3123 1544 3182 solutionem
1575 3126 1630 3180 in
1663 3125 1810 3194 ipsas
1834 3125 2090 3184 substan-
2117 3120 2166 3158 υ
2195 3123 2652 3184 commutabiiiter
2675 3139 3024 3194 permanere,
3053 3133 3108 3178 et
3132 3120 3202 3177 ab
3227 3121 3312 3177 eis
3341 3133 3618 3191 nunquam
3655 3133 3788 3174 nus-

497 3216 622 3278 tias,
647 3217 766 3272 sine
791 3219 987 3289 quibus
1008 3217 1305 3290 subsistere
1335 3233 1440 3274 non
1474 3203 1720 3290 possunt.
1757 3216 1914 3276 Nulla
1945 3217 2088 3274 enim
2193 3231 2358 3288 quam
2389 3213 2537 3269 nullo
2565 3215 2724 3269 modo
2749 3213 3038 3268 recedere?
3082 3212 3152 3268 Ut
3197 3213 3342 3267 enim
3397 3211 3546 3281 ipsae
3591 3225 3790 3265 causae

499 3309 757 3378 qualitas,
793 3325 888 3366 seu
923 3312 1222 3382 quantitas,
1252 3327 1348 3366 seu
1380 3311 1744 3380 quodcunque
1772 3309 1916 3366 aliud
1947 3307 2092 3366 acci-
2195 3308 2572 3384 primordiaies
2601 3323 2708 3361 non
2735 3307 2984 3360 deserunt
3015 3303 3362 3374 sapientiam,
3385 3303 3464 3357 sic
3495 3304 3642 3373 ipsae
3662 3299 3790 3356 sui»

497 3398 631 3454 dens
657 3415 752 3470 per
771 3415 832 3456 se
861 3401 999 3456 valet
1033 3401 1348 3457 subsistere.
1380 3401 1459 3456 Ar.
1485 3415 1582 3470 per
1607 3401 1712 3456 hoc
1733 3415 1839 3460 non
1866 3407 2091 3464 temere,
2193 3397 2430 3454 stautiae
2459 3413 2563 3451 non
2590 3397 2848 3452 deserunt
2872 3411 3084 3458 causas,
3113 3395 3204 3450 sed
3229 3394 3286 3448 in
3311 3395 3391 3450 eis
3412 3409 3626 3465 semper
3657 3393 3790 3446 sui--

499 3501 560 3548 ut
604 3489 866 3560 arbitror,
891 3495 1141 3560 dixerim,
1160 3494 1348 3564 ipsum
1389 3494 1618 3552 reditum
1640 3535 1654 3560 ,
1689 3495 1756 3552 de
1793 3511 1904 3567 quo
1952 3511 2095 3554 nunc
2193 3489 2409 3546 sistunt.
2431 3487 2497 3544 Et
2520 3487 2970 3558 quemadmodum
2994 3501 3192 3540 causae
3219 3495 3375 3540 extra
3401 3483 3736 3538 substantias
3769 3481 3792 3528 ἓ

454 3591 816 3650 "tractamus,
845 3602 954 3644 non
989 3587 1444 3653 substantiarum,
1491 3601 1632 3655 quae
1683 3575 2098 3648 itnmutabiliter
2195 3582 2443 3652 nesciunt
2475 3595 2616 3643 esse,
2649 3579 2720 3632 ita
2749 3579 3087 3632 substmuiae
3114 3585 3272 3632 extra
3299 3589 3494 3632 causas
3525 3589 3629 3628 non
3671 3588 3792 3644 pos~

497 3685 556 3732 et
591 3677 950 3734 insolubiliter
978 3679 1032 3736 in
1065 3694 1126 3734 se
1151 3687 1494 3750 permanent.
1519 3661 1626 3734 sed
1663 3677 1984 3747 qualitatum
2039 3687 2094 3733 et
2193 3683 2323 3736 sunt
2365 3674 2550 3727 liuere.
2585 3669 2730 3726 Dtsc.
2765 3669 2845 3724 Nil
2876 3669 3254 3730 verisimilius,
3279 3675 3335 3722 et
3369 3667 3438 3721 ad
3487 3665 3786 3735 intelligen-
3871 3719 3877 3724 ,

499 3767 864 3837 quantitatum
910 3767 1247 3837 aliorumque
1303 3764 1687 3830 accidentium,
1713 3782 1854 3836 quae
1891 3781 1988 3836 per
2031 3755 2116 3822 se
2195 3767 2321 3822 dum
2355 3765 2586 3830 facilius,
2615 3771 2670 3817 et
2693 3761 2906 3817 veritati
2937 3761 3310 3832 propinquius,
3341 3774 3504 3830 quam
3545 3765 3606 3812 ut
3634 3755 3704 3810 ita
3732 3764 3792 3812 et

497 3865 554 3912 et
591 3857 866 3914 mutabilia
917 3867 1044 3922 sunt.
1091 3866 1146 3919 et
1187 3857 1518 3923 transitoria,
1565 3859 1696 3914 locis
1737 3859 2091 3930 temporibus-
2196 3860 2501 3922 credamus,
2555 3867 2612 3912 et
2667 3857 2988 3910 inconcusse
3045 3863 3348 3906 teneamus.
3403 3849 3544 3905 MAG.
3599 3847 3790 3902 Restat

497 3962 603 4018 que
633 3949 898 4017 subjecta,
929 3949 1370 4018 generationibus
1414 3961 1469 4008 et
1509 3953 1951 4022 corruptionibus
1990 3951 2091 4011 ob-
2196 3954 2408 4024 itaquc,
2439 3951 2506 4006 de
2545 3949 2896 4020 qualitatibus
2931 3945 3360 4004 substantiarum
3393 3971 3463 3982 —-
3499 3939 3792 4013 qualitates

499 4041 682 4104 noxia,
713 4041 950 4096 futurum
973 4057 1112 4098 esse.
1137 4041 1203 4097 Et
1229 4041 1273 4098 si
1303 4041 1375 4102 ita
1406 4053 1506 4104 est,
1531 4053 1588 4098 ut
1625 4059 1758 4098 vera
1795 4045 1932 4102 ratio
1965 4059 2091 4101 sna-
2195 4052 2377 4098 autem
2399 4041 2540 4102 diro,
2567 4039 2724 4095 sicuti
2753 4037 2926 4092 solent
2949 4037 3220 4106 sapientes
3245 4033 3450 4096 omnia,
3484 4046 3626 4102 quae
3661 4029 3788 4086 subo

501 4129 612 4196 det,
661 4147 768 4185 non
819 4133 1170 4196 transeunda,
1227 4132 1322 4188 sed
1367 4132 1610 4200 diligenti
1662 4135 2094 4192 consideratione
2195 4131 2410 4188 stantiis
2471 4129 2750 4191 accidunt,
2800 4127 3090 4196 appellare,
3137 4126 3264 4194 quia
3309 4121 3596 4178 mutabiles
3637 4129 3793 4184 sunt,

501 4219 874 4292 investiganda
907 4223 1156 4292 sequitur
1203 4223 1468 4294 quaestio.
1517 4223 1656 4278 Illac.
1702 4225 1818 4290 Dic,
1865 4239 2090 4294 quaeso,
2195 4232 2251 4282 et
2273 4223 2414 4280 circa
2443 4221 2778 4275 substantias
2804 4233 2932 4274 suas
2958 4215 3246 4270 volvuntur
3267 4245 3330 4256 --
3353 4213 3498 4268 hunc
3527 4210 3782 4271 mundum

500 4327 640 4383 quae
668 4323 722 4367 et
751 4313 928 4382 qualis
957 4314 1028 4369 sit
1053 4313 1162 4378 ilia,
1195 4325 1348 4369 acuta
1383 4315 1731 4383 inquisitione
1754 4313 2092 4373 inventione-
2196 4311 2518 4370 fabricatum
2551 4317 3000 4380 compactumqne
3023 4307 3209 4370 fuisse,
3237 4301 3298 4360 et'
3331 4305 3386 4360 in
3437 4303 3658 4360 easdem
3703 4317 3792 4356 re-

499 4419 605 4478 ‘1lle
631 4405 812 4475 digna.
2127 4453 2172 4478 η
2197 4404 2511 4460 solvendum
2541 4401 2675 4456 fore.
2710 4399 2882 4456 Omne
2911 4399 3077 4470 enim,
3105 4395 3248 4466 quod
3279 4393 3648 4466 tctnporaliter
3690 4407 3788 4461 per

580 4453 604 4459 ν
633 4453 812 4475 --ο--η
2198 4453 2510 4460 ---π----ηπ
2642 4453 2671 4455 ρ
2720 4453 2789 4456 -η
2818 4453 2844 4456 κ.
3031 4453 3076 4470 ,,
3121 4453 3140 4466 ι
3393 4453 3406 4466 ,
3691 4453 3703 4461 .

570 4493 656 4550 Η.
694 4495 836 4549 Dtsc.
867 4493 1056 4550 Utrum
1089 4510 1270 4549 rerum
1299 4494 1634 4550 conditarum
1663 4494 2014 4560 substantiae,
2038 4504 2094 4558 et
2125 4453 2172 4518 ο
2200 4497 2602 4570 generationem
2631 4493 2818 4563 incipit
2837 4507 2976 4555 esse,
3005 4505 3222 4545 necesse
3253 4499 3335 4544 est
3361 4485 3578 4547 essendi
3622 4484 3786 4540 liuent

499 4587 802 4652 essentiae,
823 4594 881 4642 et
907 4587 1148 4650 rationes
1175 4601 1242 4640 ex
1280 4586 1718 4656 primordialibus
1767 4589 1946 4642 causis
1995 4603 2092 4658 per
2199 4591 2420 4647 habere.
2451 4587 2560 4643 Nec
2581 4588 2658 4642 sic
2681 4595 2857 4642 tamen
2885 4583 3186 4654 praedictas
3209 4579 3632 4638 substantiarum
3655 4591 3790 4643 qua-

497 4679 902 4749 gencrationem
941 4677 994 4732 in
1038 4678 1172 4736 locis
1221 4679 1692 4748 tatnporilmsque,
1725 4678 2094 4736 diversorum—
2199 4683 2530 4740 litatcs‘suas
2554 4675 3064 4740 stilistantias,circa
3089 4689 3222 4744 quas
3241 4670 3798 4736 voivuntur,oinuino

497 4785 600 4838 que
630 4770 990 4826 accidentium
1045 4773 1400 4840 capacitatem
1449 4771 1745 4840 procedunt
1788 4753 1954 4840 atque
2000 4771 2094 4828 dc-
2195 4775 2476 4838 deserere,
2509 4781 2564 4828 et
2591 4771 2642 4825 in
2675 4769 2954 4824 materiem
2983 4765 3254 4821 sensibilis
3287 4762 3472 4824 mundi
3499 4761 3796 4819 convenire

497 4863 860 4930 scendunt,ut
881 4863 1074 4918 itermn
1101 4863 1268 4920 [initis
1293 4863 1762 4934 temporiims,boc
1781 4873 1866 4918 est
1891 4865 2090 4926 mundo
2199 4867 2566 4928 arbitramur;
2609 4861 2704 4918 sed
2755 4858 3070 4916 mirabiiiet
3097 4853 3352 4910 ineiTabiii
3377 4853 3559 4916 modo,
3583 4851 3684 4906 soli
3713 4853 3790 4904 Ιειο

495 4953 736 5009 sensibili
785 4955 1096 5020 terminato,
1139 4953 1192 5014 in
1237 4955 1456 5016 easdem
1510 4941 1724 5022 causas,
1779 4971 1842 5012 ex
1895 4959 2090 5026 quibus
2199 4957 2456 5018 bricatori
2479 4955 2621 5010 illius
2643 4950 3112 5025 cognito,etcirca
3137 4963 3266 5002 suas
3297 4944 3798 5012 substantias,qtti~

497 5047 873 5116 proﬂuxerunt,
904 5049 1122 5104 redeant
1154 5066 1168 5103 :
1200 5064 1270 5104 an
1299 5065 1516 5120 semper
1539 5051 1590 5104 in
1615 5049 1728 5106 suis
1749 5051 1928 5106 causis
1951 5050 2092 5106 ultra
2201 5049 2300 5107 bus
2330 5045 2763 5117 inseparabiliter
2807 5043 3106 5102 adimerent
3127 5080 3142 5105 ,
3187 5051 3403 5110 semper
3441 5049 3798 5112 permanent.

497 5155 715 5196 omnem
763 5143 1163 5214 generationem
1213 5153 1270 5200 et
1321 5143 1676 5208 solutionem,
1727 5143 1867 5198 ultra
1908 5144 2094 5200 otnnia
2199 5151 2254 5198 et
2289 5141 2431 5196 lnmc
2460 5137 2716 5192 mundum
2754 5135 2916 5190 modo
2949 5133 2972 5167 ⁶
3011 5132 3246 5204 quodam
3287 5127 3608 5200 intelligibiu'
3630 5143 3792 5180 coms

497 5229 614 5288 1°C.!
645 5241 701 5288 ei.
741 5243 1006 5304 tempora,
1029 5243 1104 5298 ei,
1129 5243 1184 5289 ul
1219 5236 1458 5290 breviter
1485 5236 1660 5292 dicam
1685 5277 1700 5301 ,
1733 5235 1873 5290 ultra
1910 5235 2092 5292 omnia
2196 5231 2553 5306 positionibus
2588 5227 2702 5286 suis
2739 5225 3025 5299 perﬁciunt.
3047 5235 3210 5295 atque
3253 5227 3604 5290 componunt.
3651 5219 3787 5272 Nam

501 5325 798 5380 accidentia
831 5327 1346 5384 incommutabiiiter
1385 5337 1726 5400 permanent,
1754 5329 1826 5384 ita
1863 5339 1922 5388 ut
1947 5331 2092 5400 ipsa-
2195 5339 2362 5394 supra
2389 5321 2798 5377 universitatem
2839 5317 3102 5373 visibilem
3135 5329 3330 5372 causas
3353 5321 3407 5368 et
3451 5311 3694 5366 subsunt
3723 5323 3790 5364 as

502 5429 619 5468 rum
649 5415 760 5470 sola
787 5415 950 5473 insita
978 5417 1059 5474 eis
1094 5417 1418 5474 naturaliter
1457 5429 1514 5474 et
1561 5419 1905 5490 superaddita
1953 5442 2092 5492 συμ-
2194 5415 2436 5471 omnium
2473 5427 2762 5484 corporum
2792 5409 2906 5465 sive
2935 5407 3324 5466 catholicorum
3355 5405 3468 5460 sive
3495 5400 3786 5474 particulas

1790 5511 2043 5572 VAliIAE
2077 5507 2482 5570 LECTIONES.

567 5595 694 5680 fert
733 5619 842 5664 om.
883 5605 988 5680 CF.
1065 5609 1086 5640 ³
1125 5608 1181 5664 in
1217 5625 1328 5668 om.
1369 5603 1432 5666 λ.
1513 5609 1534 5642 ³
1561 5625 1778 5680 corpora
1819 5625 1930 5664 om.
1961 5609 2024 5662 Χ.
2104 5607 2128 5640 ⁸
2155 5607 2330 5663 causis
2355 5621 2463 5660 orn.
2493 5603 2556 5657 Α.
2651 5599 2672 5634 ⁵
2717 5597 2804 5654 Sic
2833 5597 2954 5663 CF;
3007 5598 3051 5654 A
3099 5593 3464 5654 substantiam.
3561 5586 3780 5652 ‘SicA,

503 5667 586 5726 CF
608 5687 750 5731 motu
777 5679 1031 5748 quodam.
1232 5667 1235 5668 ⁷
1260 5667 1279 5668 η
1650 5667 1661 5680 ’
1705 5683 1720 5694 ‘
