4226 6254
386 254 387 257 γ
480 294 483 297 ·
527 282 639 369 887,

522 402 688 473 rium,
716 409 913 495 quibus
941 416 1310 486 constituitur,
1330 439 1435 481 non
1467 426 1919 500 irrationabiliter
1942 438 2123 496 credi—

523 508 645 552 mus
666 492 807 556 esse.
838 503 911 560 Ex
939 506 1370 580 incorporalibus
1401 492 1621 578 enimet
1650 522 1759 581 inte
1781 525 2074 600 ligibitibus
2098 534 2116 565 ¹

526 591 823 661 corporalia
855 604 912 650 et
936 600 1211 666 sensibilis
1244 607 1511 682 originem
1543 614 1765 675 ducunt.
1823 591 1835 635 τ

594 677 682 736 15.
723 683 868 743 Dtsc.
911 688 1149 766 Restat:
1189 712 1289 753 nec
1336 677 1475 758 alius
1519 706 1697 761 exitus
1745 711 1817 765 de
1849 718 2115 781 praesenti

517 772 844 831 nuaestione
870 779 1084 838 videtur
1113 800 1274 857 posse
1310 789 1563 849 inveniri.
1593 798 1784 856 Adhuc
1815 812 1996 860 tuine»
2023 823 2115 862 ve-

451 935 454 938 .
521 856 615 912 lim
646 860 887 922 breviter
916 869 1166 936 deﬁnias.
1199 879 1377 946 qualis
1402 880 1546 945 inter
1571 900 1764 944 causas
1786 901 1841 945 et
1865 894 2117 952 substano

521 948 628 1004 tias
651 949 958 1029 .diﬂierentia
998 962 1086 1017 sit.
1138 961 1424 1039 Utraeque‘
1458 986 1690 1045 namque
1744 964 2116 1057 incorporales

517 1052 574 1149 et
605 1045 972 1146 intelligibiles
1008 1069 1163 1117 sunt.
1187 1060 1335 1121 MAG.
1373 1063 1578 1123 Causas
1619 1050 1849 1130 dicimus
1891 1045 2117 1149 genera-

518 1130 755 1193 lissimas
783 1145 1023 1201 omnium
1062 1165 1243 1206 rerum
1273 1154 1434 1211 simul
1464 1160 1703 1218 rationes
1732 1164 1783 1219 in
1807 1165 1984 1225 Verbo
2020 1170 2117 1228 Dei

514 1227 857 1290 constitutas.
912 1236 1257 1303 Substantias
1286 1260 1416 1302 vero
1441 1250 1685 1323 singulas
1730 1257 1751 1288 ¹
1808 1268 1863 1313 et
1908 1264 2115 1332 specia-

514 1316 755 1379 lissimas
788 1327 1125 1400 singularum
1152 1346 1207 1392 et
1233 1342 1752 1421 specialissimarnm
1779 1338 1965 1409 rerum
1988 1373 2117 1427 pro-

513 1412 775 1478 prietates
809 1427 865 1473 et
899 1423 1169 1493 rationes,
1223 1431 1275 1484 in
1314 1432 1445 1505 ipsis
1493 1440 1675 1494 causis
1705 1412 2023 1503 distributas
2059 1459 2115 1505 et

515 1505 868 1566 constitutas.
895 1513 1047 1572 Dtsc.
1074 1518 1278 1591 Aperte
1316 1541 1379 1581 ae
1418 1529 1654 1587 breviter
1679 1544 1765 1591 est
1791 1522 2108 1595 discretum.

512 1593 595 1649 Ex
632 1596 768 1669 ipsis
798 1603 989 1675 itaque
1028 1612 1211 1668 causis
1251 1624 1308 1671 et
1351 1618 1671 1681 substantiis
1706 1629 1939 1687 mundus
1987 1632 2108 1698 iste,

414 1678 417 1682 ’
512 1691 813 1762 coagulatis
836 1697 1082 1758 videlicet
1106 1704 1319 1763 illarum
1344 1713 1719 1784 qualitatibus,
1745 1736 2107 1792 processerat,

1918 317 2204 382 JOANNIS
2244 327 2443 423 ερσπ

3716 352 3823 412 888
3885 332 3895 343 ’

2224 635 2456 703 ratione,
2485 640 2742 709 quoniam
2768 645 2984 714 proprie
3010 657 3297 707 creaturae
3319 654 3584 711 Vocabula
3610 657 3824 731 signiti-

2220 734 2437 791 eantnr,
2462 742 2605 799 quae
2628 740 2727 801 per
2751 735 3161 808 generationem
3188 751 3336 795 metu
3361 745 3591 811 quodam
3615 746 3823 819 tempo-

2222 814 2319 869 rali
2349 815 2402 883 in
2442 818 2652 888 species
2679 823 2926 892 proprias
2963 825 3079 882 sive
3112 828 3349 887 visibiles
3376 833 3491 891 sive
3517 835 3821 897 invisibiles

2220 904 2511 973 proﬂuunt.
2539 909 2691 976 Quod
2723 922 2908 971 autem
2941 926 3068 974 ante
3106 923 3287 977 omnia
3328 933 3574 997 tempora
3596 935 3666 1008 'ct
3695 929 3819 987 iam

2218 997 2569 1079 substitutum
2595 1010 2697 1068 est,
2731 1006 2985 1072 quoniam
3020 1007 3159 1065 ultra
3198 1017 3439 1083 tempora
3468 1027 3523 1069 et
3546 999 3669 1075 loca
3707 1028 3814 1086 est,

2217 1097 2461 1141 creatura
2490 1074 2706 1159 proprie
2732 1107 2848 1148 non
2869 1090 3085 1163 dicitur,
3106 1100 3356 1169 quamvis
3392 1106 3550 1163 modo
3579 1108 3816 1180 quodam

2217 1173 2467 1246 loquendi
2498 1181 2883 1255 συνεκδοχικῶς
2908 1189 3463 1265 universalitas,quae
3490 1173 3613 1271 post
3640 1200 3820 1259 Deum

2216 1276 2316 1331 est,
2358 1269 2429 1324 ab
2474 1271 2588 1340 ipso
2630 1277 2845 1332 condita
2896 1278 3157 1339 creatura
3186 1286 3485 1345 vocitetur.

2287 1358 2376 1415 17.
2417 1360 2524 1418 Sed
2573 1381 2787 1425 rursum
2837 1373 3146 1440 quaeritur,
3193 1385 3375 1432 utrum
3421 1396 3618 1451 omne,
3665 1387 3812 1457 quod

2219 1455 2590 1522 temporaliter
2616 1470 2883 1528 movetur,
2914 1462 3162 1523 localiter
3190 1470 3357 1525 etiam
3387 1476 3591 1531 moveri
3623 1494 3811 1537 neces-

2213 1545 2415 1599 sarium
2455 1547 2544 1603 sit.
2580 1549 2639 1604 In
2668 1567 2777 1623 qua
2816 1557 3134 1624 quaestione
3173 1560 3466 1620 multorum
3497 1582 3605 1623 non
3630 1569 3811 1628 solum

2215 1639 2502 1705 catbolice,
2538 1658 2727 1700 verum
2763 1648 2927 1703 etiam
2953 1651 3276 1709 seculariter
3303 1657 3371 1713 de
3397 1662 3599 1718 mundo
3633 1663 3811 1736 dispu-

2216 1733 2445 1789 tantiqu
2468 1728 2753 1793 sententia
2798 1742 3058 1799 variatur.
3101 1745 3239 1803 Sunt
3266 1749 3447 1817 enim,
3472 1754 3566 1825 qui
3595 1756 3808 1819 dicunt,

1364 1780 1371 1781 ί
1708 1780 1715 1784 ⁷
1745 1780 1759 1791 ’
2006 1780 2011 1781 ⁷
2052 1780 2057 1782 ’
2095 1780 2107 1792 ⁷
2219 1780 2445 1789 ’”“⁷“’““”“’
2487 1780 2753 1793 “”¹“”“⁶’ν⁸⁶’¹“
2809 1780 3058 1799 ¹⁸¹¹⁵¹³ι¹¹¹⁶
3101 1780 3239 1803 υυηι
3266 1780 3411 1805 ΈΙΙΙΙΙΙ
3431 1792 3447 1817 θ
3472 1780 3566 1825 ιιιιι
3595 1780 3808 1819 υιυυιη,

510 1789 568 1835 ει
614 1780 666 1836 in
709 1786 929 1842 amem
957 1789 979 1822 ³
1038 1792 1234 1852 nam“
1286 1815 1419 1858 9"“
1471 1806 1817 1877 νεεοιυιίοηὶδ
1870 1823 2113 1886 tempore
2143 1813 2188 1873 Β
2220 1824 2349 1879 haec
2376 1827 2502 1890 duo,
2531 1827 2710 1885 locum
2744 1832 2866 1888 dico
2896 1843 2951 1890 et
2981 1845 3210 1909 tempus,
3246 1841 3393 1899 circa
3421 1853 3477 1899 et
3503 1844 3660 1903 extra
3687 1863 3810 1904 cor-

511 1879 829 1909 νρυρνάίηοηρ
869 1887 917 1909 ΔΙ
955 1884 1277 1909 n-....,.:.-.__--
1318 1905 1333 1909 -
1374 1892 1410 1909 ο-
1468 1894 1517 1909 ιι
1642 1897 1722 1909 -...
1855 1904 1867 1909 -
2066 1908 2071 1909 ,

510 1879 832 1932 reversurus
869 1887 924 1934 et
954 1884 1281 1945 transiturus
1309 1892 1432 1948 erit.
1468 1894 1608 1953 Μλο.
1641 1897 1725 1953 Nil
1755 1904 1937 1960 verius
1965 1908 2106 1962 veri-

512 1962 723 2033 latique
751 1970 1105 2042 propinquius
1135 1979 1467 2039 credendum
1496 1997 1578 2042 est
1604 1998 1658 2044 et
1682 1983 2108 2066 intelligendum.

514 2053 635 2122 Ipsa
681 2056 948 2129 siquidem
980 2066 1196 2127 Veritas
1231 2074 1309 2129 ait
1350 2094 1364 2130 :
1406 2076 1624 2136 Caelum
1658 2095 1705 2138 et
1752 2053 1893 2143 teri;
1931 2099 2107 2145 trans-

506 2147 679 2215 ibunt,
714 2151 864 2207 verba
894 2166 1069 2220 autem
1110 2177 1227 2219 mea
1272 2182 1375 2222 non
1405 2173 1699 2230 transibunt
1732 2179 1773 2232 ⁸.
1808 2178 1913 2236 Sed
1942 2199 2110 2252 quor-

506 2252 627 2294 sum
658 2242 864 2299 caelutn
913 2259 969 2304 et
1009 2257 1152 2308 terra
1203 2260 1548 2318 transibunt?
1577 2256 1830 2339 Nunquid
1875 2271 1928 2327 in
1961 2242 2110 2329 inibi-

506 2330 660 2424 lum?
689 2335 835 2424 Drse.
868 2339 1047 2399 Absit.
1088 2345 1206 2404 Non
1247 2351 1392 2408 enim
1432 2354 1561 2414 illud
1592 2360 1699 2415 ullo
1720 2330 1888 2420 modo
1916 2366 2106 2424 dicen-

507 2420 658 2476 dum.
688 2422 926 2486 Niltilum
958 2442 1139 2490 autem
1182 2453 1324 2499 nunc
1352 2444 1475 2499 dico
1509 2447 1813 2508 absentiam
1844 2463 1899 2509 et
1928 2458 2109 2527 priva-

507 2513 709 2571 tionem
751 2525 1021 2590 omnium,
1066 2542 1209 2598 quae
1253 2543 1397 2599 sunt,
1427 2545 1487 2592 et
1525 2554 1665 2611 quae
1712 2560 1817 2600 non
1864 2557 2011 2614 sunt,
2051 2550 2104 2605 in

502 2607 649 2672 qum]
682 2607 707 2644 ³
736 2612 879 2669 nulla
927 2627 1181 2675 creatura
1210 2632 1264 2679 et
1287 2625 1514 2686 visibilis
1540 2607 1597 2688 et
1632 2632 1920 2695 invisibilis
1948 2656 2107 2698 oeca-

504 2710 631 2755 sura
661 2700 752 2756 sit.
1152 2778 1155 2779 7
1513 2738 1526 2755 ε
2062 2786 2086 2811 η

583 2791 648 2811 .,.
894 2797 930 2811 Α
1192 2807 1259 2811 μ

579 2791 666 2845 16.
710 2794 849 2851 Mtc.
890 2797 1159 2865 Quorsum
1192 2807 1358 2880 igitur
1398 2815 1610 2874 caelum
1646 2830 1702 2876 et
1745 2830 1945 2880 terram
1979 2791 2103 2884 cum

502 2882 783 2977 omnibus,
813 2903 955 2958 quae
1003 2893 1056 2950 in
1105 2896 1188 2953 eis
1225 2913 1369 2967 sunt,
1401 2908 1731 2979 transitura?
1759 2912 1914 2982 Quod
1958 2919 2105 2974 enim

504 2957 708 3033 veritas
734 2981 1003 3051 promisit,
1036 2984 1428 3053 inevitabiliter
1450 2976 1576 3055 erit.
1621 2957 1803 3061 Diae."c
1804 3006 1917 3063 Non
1946 3011 2105 3067 alior-

496 3541 641 3598 quae
668 3544 940 3608 nunquam
983 3540 1315 3609 transibunt,
1353 3563 1514 3605 nosse
1555 3552 1735 3608 velim.
1785 3556 1900 3613 Non
1942 3561 2097 3617 enim

496 3614 609 3680 illa.
648 3634 789 3695 quae
826 3622 931 3679 ictu
971 3629 1115 3683 aeris
1163 3631 1536 3705 proferuntur,
1566 3643 1765 3715 quibus
1809 3647 1923 3718 ipsa
1958 3652 2099 3708 veri-

496 3712 598 3789 tas,
630 3709 756 3769 dum
784 3727 1040 3790 praesens
1067 3721 1117 3775 in
1145 3737 1312 3782 carne
1336 3726 1537 3799 fuerat,
1568 3735 1883 3805 hominibus
1916 3743 2095 3800 locuta

472 3807 598 3867 est,
626 3801 953 3862 crediderim
989 3826 1129 3869 esse.
1164 3814 1502 3879 Trausiteria
1528 3841 1762 3898 namque
1784 3843 1962 3901 erant,
1989 3837 2096 3894 sic-

489 3897 551 3943 ut
599 3898 656 3946 et
694 3904 1002 3956 ceterorum
1050 3904 1332 3965 hominum
1380 3916 1568 3971 verba.
1617 3897 1762 3977 MAG.
1815 3923 1933 3984 Non
1984 3928 2093 3987 alia

492 3987 725 4050 dixerim
752 3994 917 4051 verba
947 4000 1214 4069 veritatis,
1238 4005 1340 4071 vel,
1367 4016 1427 4064 ut
1456 4010 1530 4065 ita
1550 4012 1748 4081 dicam,
1774 4019 1936 4075 verba
1963 4021 2092 4079 Ver-

491 4079 567 4145 Li,
596 4082 725 4162 quia
748 4086 953 4145 veritas
985 4089 1221 4161 verbum
1251 4103 1357 4163 est,
1385 4100 1489 4157 nisi
1518 4119 1713 4162 causas
1741 4109 2010 4179 praefatas
2035 4123 2092 4171 et

486 4173 853 4257 substantias,
882 4179 983 4237 hoc
1010 4176 1094 4238 est
1136 4184 1258 4241 ineo
1284 4193 1606 4250 inmutabiles
1633 4212 1815 4255 rerum
1845 4204 2088 4261 rationes
2115 4223 2125 4232 '

484 4261 545 4317 iu
566 4264 835 4334 sapientia
870 4270 972 4330 Dei
1016 4270 1220 4340 factas,
1254 4283 1549 4338 secundum
1589 4302 1723 4356 quas
1752 4291 1984 4349 visibilia
2030 4306 2087 4353 et

484 4355 778 4416 imisibilia
807 4364 1025 4418 condita
1051 4379 1218 4432 sunt,
1248 4378 1305 4424 et
1342 4371 1394 4427 in
1440 4388 1578 4444 quas
1614 4379 1822 4438 caelum
1852 4392 1908 4438 et
1940 4393 2085 4442 terra

482 4447 813 4506 transibunt.
845 4451 966 4522 ipsa
996 4456 1017 4488 ⁸
1061 4468 1242 4514 autem
1294 4460 1571 4535 nunquam
1602 4485 1870 4543 nusquam
1903 4485 2081 4535 trans-

478 4536 638 4594 ibunt
660 4539 707 4606 ',
729 4543 988 4613 quoniam
1021 4546 1076 4605 in
1101 4542 1283 4619 Verbo
1305 4554 1397 4610 Dei
1422 4557 1702 4629 unigenito
1723 4536 1888 4621 veluti
1914 4584 2079 4639 quae-

478 4630 604 4685 dam
624 4633 790 4709 verba
811 4634 1100 4697 iueﬂ‘abilia
1124 4650 1179 4697 et
1205 4643 1665 4708 iucommutabilia
1690 4630 2080 4726 perpetualiter

482 4729 721 4779 inanem.
764 4723 914 4794 Quae
941 4729 1129 4797 verba,
1161 4743 1240 4789 ut.
1267 4736 1483 4807 opinor,
1520 4723 1727 4801 audivit
1762 4723 2075 4820 Apostolus,

478 4806 779 4883 quando'in
806 4820 1119 4890 paradisum
1145 4806 1333 4896 raptus
1374 4841 1478 4886 est.
1513 4832 1647 4902 Quis
1681 4806 1827 4896 enini
1854 4846 2071 4916 angelo-

471 4919 594 4959 rum
618 4905 704 4960 vel
733 4907 1010 4966 hominum
1044 4912 1145 4970 fari
1186 4919 1367 4976 verbis
1404 4923 1488 4980 vel
1526 4938 1710 4986 mente
1748 4947 2076 5005 cognoscere

470 4993 665 5063 possit,
697 5011 852 5080 quas,
880 5008 935 5055 et
957 5002 1167 5073 quales,
1198 5017 1252 5062 et
1279 5022 1510 5080 quantas
1538 5018 1782 5078 rationes
1808 5040 1989 5081 rerum
2019 5028 2069 5084 in

469 5075 758 5157 principio,
822 5088 995 5147 Verbo
1040 5075 1313 5155 videlicet-
1339 5117 1461 5171 suo,
1509 5108 1673 5165 Pater
1720 5123 1845 5170 ante
1888 5119 2069 5176 omnia

470 5189 714 5253 tempora
745 5191 799 5239 et
827 5193 953 5243 ante
972 5203 1188 5271 omnem
1214 5205 1518 5257 creaturam
1546 5193 1762 5262 fecerit.
1780 5194 1925 5265 Dtsc.
1952 5211 2066 5268 Non

467 5285 653 5355 itaque
698 5290 893 5335 causas
941 5288 1000 5335 et
1033 5281 1369 5343 substantias
1408 5306 1612 5359 rerum,
1656 5297 1711 5352 in
1749 5297 1928 5358 Verbo
1969 5303 2065 5359 Dei

471 5363 791 5428 substitutus
816 5409 831 5437 ,
860 5371 915 5428 in
953 5390 1182 5434 numero
1220 5391 1504 5452 computus
1527 5395 1937 5449 creaturarum?
1972 5397 2063 5453 Di-

2213 1934 2433 1989 poream
2462 1936 2766 1979 creaturam
2796 1941 2937 1994 esse,
2985 1939 3042 1986 et
3074 1932 3142 1988 ab
3177 1935 3259 1989 eis
3305 1937 3571 1995 contineri
3608 1949 3665 1998 et
3707 1941 3810 1997 cir-

2211 2015 2527 2070 curusrribi.
2567 2016 2635 2072 Et
2677 2020 2802 2089 quia
2846 2023 3077 2080 naturali
3119 2027 3331 2085 ratione
3368 2031 3490 2102 plus
3540 2043 3627 2091 est
3662 2036 3809 2106 quod

2168 2140 2177 2149 .
2212 2106 2474 2168 cmitinet,
2526 2123 2689 2177 quam
2728 2111 2872 2180 quod
2914 2115 3241 2185 continetur,
3279 2135 3400 2176 non-
3434 2121 3579 2179 intra
3622 2137 3811 2196 partes

2209 2198 2428 2265 mundi,
2461 2200 2553 2254 sed
2594 2210 2749 2258 extra
2795 2203 2966 2275 ipsius
3000 2207 3411 2269 universitatem
3442 2214 3561 2272 loca
3588 2225 3644 2272 et
3672 2226 3810 2274 ten.-

2208 2303 2342 2357 pora
2382 2293 2745 2361 computanda
2790 2294 3153 2355 existimant:
3185 2306 3506 2372 praesertim
3549 2307 3675 2362 dum
3724 2308 3813 2363 iu-

2208 2382 2512 2452 corporalia
2542 2395 2702 2451 sunt,
2734 2387 2787 2441 in
2818 2402 3049 2446 nurnero
3085 2394 3454 2464 corporalium
3498 2412 3606 2452 non
3648 2384 3808 2469 recte

2209 2474 2652 2531 cnunumeranda
2679 2490 2802 2533 esse
2832 2475 3100 2547 iudicant.
3140 2481 3248 2538 Alii
3278 2500 3410 2543 vero
3442 2486 3561 2545 loca
3587 2498 3640 2545 et
3668 2498 3803 2545 tem—

2207 2578 2340 2634 pora
2380 2564 2523 2620 intra
2569 2567 2898 2625 mundanam
2938 2573 3401 2633 universalitatem
3451 2581 3801 2638 concludant.

2204 2653 2416 2710 Aiunt'
2441 2657 2608 2723 enim,
2658 2659 2826 2715 simul
2851 2677 2974 2717 cum
3014 2664 3229 2733 ceteris,
3262 2662 3417 2739 quae
3467 2671 3610 2727 intra
3647 2689 3805 2730 mun-

2207 2747 2336 2803 dum
2367 2748 2741 2815 continentur,
2776 2755 3066 2826 cengenita
3098 2765 3154 2812 et
3196 2770 3487 2817 eonereata
3523 2761 3714 2832 fuisse,
3745 2774 3804 2822 et

2206 2839 2659 2910 quemadmodum
2691 2852 2885 2900 cuncta
2937 2860 3004 2903 ex
3035 2848 3213 2905 causis
3257 2851 3372 2906 suis
3419 2853 3626 2922 prolata
3653 2867 3799 2922 sunt,

2206 2929 2284 2987 ita
2311 2939 2367 2987 et
2396 2931 2505 2988 illa.
2548 2932 2811 2992 Rationes
2844 2932 3113 3010 siquidem
3141 2942 3161 2974 '
3198 2940 3440 2999 locorum
3487 2954 3544 3000 et
3584 2957 3800 3018 tempo-

2207 3038 2350 3089 rum,
2374 3024 2689 3095 priusquam
2719 3025 2773 3081 in
2797 3027 3001 3083 mundo
3021 3039 3359 3098 crearentur,
3388 3031 3445 3088 in
3470 3031 3650 3091 Verbo
3680 3035 3799 3103 Dei,

2208 3113 2262 3168 in
2311 3128 2418 3184 quo
2464 3110 2613 3171 facta
2663 3125 2791 3170 sunt
2839 3117 3053 3179 omnia,
3098 3134 3532 3189 praecesserunt.
3581 3124 3802 3182 Addunt

2206 3205 2372 3261 etiam
2429 3206 2903 3265 ratiocinationem
2957 3227 2989 3287 ε¹
3018 3210 3065 3266 si
3104 3212 3221 3268 loca
3266 3220 3323 3269 et
3375 3224 3616 3287 tempora
3670 3226 3805 3276 ante

2204 3296 2466 3353 mundum
2495 3294 2671 3364 fuere,
2700 3298 2946 3370 profecto
2974 3278 3192 3357 aeterna
3223 3312 3381 3371 sunt;
3420 3315 3476 3361 et
3500 3307 3547 3363 si
3571 3317 3804 3366 aeterna

2202 3372 2352 3453 sunt,
2377 3397 2474 3443 aut
2498 3389 2644 3447 Deus
2673 3399 2824 3457 sunt,
2851 3402 2946 3448 aut
2974 3394 3302 3467 principales
3329 3398 3573 3455 omnium
3597 3416 3808 3458 causae-

2202 3476 2258 3532 in
2303 3480 2566 3549 sapientia
2605 3480 2788 3536 divina
2839 3483 3205 3541 substitutae:
3243 3489 3386 3559 quod
3413 3490 3793 3549 stultissimum

2199 3579 2284 3625 est
2309 3571 2606 3628 aestimari.
2640 3571 2759 3630 Duo
2787 3575 2931 3630 enim
2962 3578 3184 3633 maximi
3212 3594 3430 3638 errores
3456 3593 3585 3640 sunt
3612 3585 3789 3641 bomi-
3834 3643 3838 3648 ,

2197 3678 2327 3718 num
2346 3704 2360 3729 ,
2384 3650 2452 3718 ut
2477 3663 2916 3740 altiugustiuus
2942 3687 2960 3724 :
2991 3670 3108 3726 loca
3134 3688 3295 3743 supra
3324 3666 3560 3744 caelum,
3591 3686 3640 3731 et
3662 3687 3793 3734 teni-

2189 3768 2327 3823 pora
2356 3762 2479 3809 ante
2507 3755 2766 3811 mundum
2785 3766 2993 3829 putare.
3017 3759 3094 3815 Ac
3114 3776 3214 3831 per
3239 3762 3342 3819 hoc
3362 3765 3704 3822 concluditur
3725 3769 3788 3849 ηε

2199 3849 2445 3914 tempora
2471 3844 2742 3902 secularia
2783 3848 2949 3903 simul
2985 3864 3109 3906 cum
3138 3853 3344 3909 mundo
3369 3865 3487 3910 orta
3518 3864 3571 3912 et
3600 3844 3789 3913 coorta

2194 3942 2423 4008 esse,.et
2449 3932 2599 3991 nullo
2640 3938 2805 3994 modo
2842 3938 3020 4011 ipsum
3046 3943 3428 4010 praecessisse.
3464 3943 3524 3999 1n
3560 3962 3803 4004 numero

2192 4004 2380 4095 itaque
2404 4038 2625 4091 eorum,
2652 4010 2798 4097 quae
2827 4004 2969 4085 intra
3006 4031 3267 4088 mundum
3305 4035 3670 4103 continentur,
3708 4038 3789 4095 lo-

2191 4129 2316 4171 cum
2345 4123 2402 4173 et
2432 4126 2643 4192 tempus
2670 4122 3173 4178 connumerandum
3199 4138 3330 4196 vera
3355 4127 3688 4199 ratiocogit,
3720 4145 3793 4187 ao

2188 4220 2286 4276 per
2334 4206 2461 4273 hoc,
2510 4223 2618 4264 non
2670 4202 2846 4266 solum
2893 4211 2949 4292 in
3004 4213 3155 4284 ipsis,
3212 4217 3469 4287 quiequid
3496 4219 3575 4274 in
3621 4237 3782 4285 mun-

2190 4291 2317 4353 dum
2346 4288 2514 4366 venit,
2538 4302 2788 4373 generari
2816 4334 2887 4345 ——
2914 4288 3160 4362 lucorum
3190 4322 3426 4381 namque
3450 4319 3785 4381 temporum-

2187 4404 2295 4460 que
2320 4392 2563 4448 numeris
2590 4402 2645 4449 et
2670 4395 2915 4451 nascitur
2957 4406 3012 4452 et
3046 4408 3295 4455 movetur
3315 4431 3382 4441 —-
3406 4416 3593 4457 verum
3613 4403 3786 4463 etiam

2186 4481 2457 4549 omnibus,
2503 4499 2644 4556 quae
2690 4486 2745 4542 in
2785 4486 2867 4541 eis
2903 4496 3253 4558 generantur,
3301 4493 3679 4575 congenerari,
3726 4504 3784 4551 et
3870 4494 3875 4495 ⁷

2185 4560 2254 4629 ex
2301 4574 2647 4642 generalibus
2691 4578 2894 4645 causis,
2940 4594 3081 4650 quae
3124 4581 3384 4637 mundum
3423 4586 3775 4654 praecedunt,

2182 4668 2423 4737 prodire.
2469 4668 2621 4736 Quod
2675 4680 2860 4727 autem
2911 4675 3310 4751 proposuimus,
3359 4687 3541 4732 utrum
3590 4692 3782 4759 omine,

2182 4758 2327 4827 quod
2358 4770 2605 4818 movetur
2631 4764 3038 4835 temporaliter,
3066 4782 3290 4824 necesse
3334 4771 3406 4828 sit
3434 4770 3600 4826 etiam
3630 4772 3783 4828 loca-

2181 4845 2309 4903 liter
2329 4850 2554 4916 moveri,
2592 4854 2783 4911 eodem
2813 4855 2974 4912 modo
3011 4856 3400 4922 catholicorum
3421 4871 3706 4919 auctorum
3732 4864 3776 4897 υ

2182 4938 2406 4998 traditio
2452 4943 2792 5002 dissimiliter
2838 4947 3024 5003 sentit.
3067 4948 3311 5006 Primum
3340 4953 3560 5023 quidem
3602 4956 3771 5013 Deum

2180 5031 2355 5088 solum
2406 5050 2501 5105 per
2546 5038 2783 5110 seipsum
2830 5040 2951 5096 sine
2987 5040 3107 5098 loco
3148 5051 3204 5097 et
3253 5052 3493 5115 tempore
3541 5047 3771 5114 moveri,

2174 5123 2381 5195 absque
2402 5125 2508 5180 ulla
2535 5127 2899 5201 discrepantia
2935 5132 3323 5205 dogmatirant.
3357 5134 3433 5191 De
3459 5147 3610 5194 ructu
3640 5136 3772 5197 vero

2173 5214 2481 5289 Spiritualis'
2537 5232 2848 5291 creaturae,
2888 5226 3067 5280 prunis
3118 5228 3379 5285 materiae
3430 5229 3771 5301 corpulentia

2172 5309 2393 5376 liberae,
2428 5312 2701 5370 nonnullis
2721 5314 3004 5372 dissonant
3028 5317 3272 5373 tbeoriis.
3299 5317 3531 5385 Quidam
3561 5323 3766 5378 etenim

2118 5378 2123 5384 ’
2172 5400 2348 5473 ipsum
2396 5403 2511 5459 solo
2560 5413 2822 5479 tempore,
2873 5407 2992 5464 sine
3032 5408 3175 5476 loco,
3218 5408 3422 5493 moveri
3470 5410 3767 5478 allirmant,

1772 5507 1859 5563 VA
1868 5510 2028 5569 RIAE
2066 5514 2467 5575 LECTIONES.

546 5575 559 5605 ³
598 5572 637 5625 Α
669 5574 1195 5648 intelliqibilibusque.
1276 5588 1296 5618 ²
1325 5586 1370 5643 Α
1396 5589 1634 5661 singulas
1668 5611 1788 5650 vero
1813 5601 2156 5659 substantias.
2233 5606 2254 5636 ³
2285 5609 2326 5660 Λ
2355 5609 2559 5664 eadem.

546 5646 560 5694 l
596 5643 766 5709 Ipsae.
841 5651 863 5683 ⁷
892 5650 978 5706 Cl"
1015 5655 1288 5713 transient.
1366 5659 1391 5697 ⁸
1426 5660 1516 5719 Sic
1548 5662 1633 5720 CF
1662 5685 1676 5731 ;
1708 5668 1747 5721 Α
1783 5668 1995 5727 Dicunt.
2078 5675 2099 5705 ⁹
2129 5679 2175 5731 Λ
2205 5677 2437 5731 quidem.
2518 5680 2559 5712 ¹⁰

2129 5694 2175 5731 Λ
2205 5694 2437 5749 qamem.

474 5641 560 5695 θΑ
596 5643 766 5709 Ipsae.
840 5641 863 5683 λ’
892 5650 978 5706 Cl"
1015 5641 1288 5713 transient.

468 5713 764 5770 doctarum.

1366 5659 1391 5697 ⁸
1426 5659 1516 5719 Sic
1548 5662 1633 5720 CF
1662 5685 1676 5732 ;
1708 5668 1747 5721 Α
1783 5668 1995 5727 Dicunt.

2636 5573 2767 5668 δάιε*
2799 5616 3077 5685 transient.
3151 5612 3170 5645 '
3212 5615 3303 5673 Sic
3330 5614 3451 5682 CI";
3487 5620 3526 5674 Α
3559 5617 3608 5672 in
3634 5637 3734 5685 quo

2518 5680 2563 5712 ¹⁰
2594 5681 2686 5740 Sic
2717 5685 2787 5737 Α·
2829 5683 2915 5741 CF
2957 5686 3265 5741 includitur.
3348 5680 3509 5746 “Sic
3564 5680 3679 5759 Cl":
3712 5692 3751 5748 Α
