4226 6226
415 271 522 333 889
560 271 564 275 “

1266 249 1355 309 DE
1393 245 1728 308 DlVlSlONE
1766 238 2116 298 NKTURAE.
2156 270 2223 280 -—
2262 238 2463 315 LIBER
2501 240 2826 311 QUINTUS.

3579 232 3687 290 890

417 402 633 447 omnem
676 398 802 437 vero
825 375 1158 451 corporalem
1194 384 1500 429 creaturam
1535 381 1638 424 non
1663 354 1833 420 solum
1858 370 1996 414 tem-
2024 359 2075 418 Α
2099 369 2249 412 mere
2266 356 2494 415 dixerim
2519 358 2571 413 in
2592 357 2670 415 eis
2692 356 3026 428 praevalere,
3053 355 3311 429 quamdiu
3340 361 3512 411 totum
3528 348 3682 423 illud,

421 472 696 554 poraliter,
728 489 914 529 verum
948 470 1113 525 etiam
1140 465 1385 522 localiter
1415 457 1722 517 mutabilem
1746 467 1866 509 esse
1892 463 1999 505 non

424 546 717 637 incongrue
754 564 1110 619 arbitrantur.
1155 555 1266 613 Nec
1298 548 1339 587 αι’
1369 553 1443 609 ibi
1479 564 1668 606 omnes
1704 546 1999 620 dissonum.

425 635 665 731 Quorum
695 651 992 710 sententiae
1014 649 1203 705 beatus
1231 646 1397 701 etiam
1424 646 1445 673 ³
1463 636 1795 712 Augustinus
1824 635 1999 699 t‘avet,

426 726 491 808 de
521 735 629 804 Deo
658 748 917 816 loquens:
951 739 1146 804 Morel,
1178 737 1370 806 inquit,
1419 733 1647 802 seipsum
1673 729 1786 796 sine
1814 726 1933 813 loco
1955 731 2003 777 et

423 854 670 912 tempore,
720 815 884 891 utovet
923 824 1188 888 conditum
1232 828 1474 898 spiritum
1522 836 1616 893 per
1658 829 1857 889 tempus
1893 815 2006 870 sine

427 908 561 999 loco,
587 943 750 988 more!
777 942 967 999 corpus
1005 941 1095 997 per
1123 933 1321 992 tempus
1348 931 1394 973 et
1422 917 1611 971 locum.
1634 911 1738 969 Alii
1763 924 1895 963 vero
1923 908 2003 961 lii-

407 1041 551 1079 cum
582 1034 637 1076 et
663 1032 898 1092 tempus,
946 1006 1084 1071 teSte
1119 1012 1350 1067 Maximo
1387 1009 1438 1063 in
1462 1001 1762 1073 Ambiguis,
1802 999 2008 1067 (ἔνθεος

431 1116 568 1170 rium
595 1089 928 1182 Theologum
953 1108 1239 1176 sechntes
1271 1100 1313 1167 ³,
1368 1092 1747 1182 ittsepat'abilin
1774 1103 1895 1146 esse
1927 1089 2010 1142 in-

430 1211 747 1262 cunctanter
776 1178 1044 1262 nstruont,
1091 1194 1147 1249 in
1189 1180 1423 1254 tantum,
1461 1196 1516 1242 ut
1541 1201 1693 1240 omne
1729 1178 2009 1251 temporale

432 1296 599 1352 locale
637 1293 726 1356 sit,
769 1299 817 1345 et
868 1286 1151 1345 conueniat
1201 1296 1351 1339 omne
1394 1275 1561 1333 locale
1607 1273 1909 1356 temperate,
1961 1277 2010 1323 et

432 1385 578 1441 milia
606 1352 759 1437 modo
796 1380 851 1434 in
891 1387 1081 1432 natura
1111 1383 1283 1427 rerum
1313 1367 1554 1433 inveniri,
1584 1352 1729 1436 quod
1750 1361 1862 1417 solo
1883 1372 2015 1413 tem—

431 1494 556 1550 pore
590 1475 700 1530 sine
732 1471 866 1534 loco,
893 1464 975 1524 vel
1009 1465 1122 1523 solo
1155 1464 1269 1518 loco
1305 1461 1420 1515 sine
1450 1463 1678 1525 tempore
1715 1453 1874 1525 possit
1901 1466 2013 1503 meo

434 1541 558 1625 neri.
597 1565 703 1623 Sed
732 1563 861 1639 quid
904 1560 1099 1617 horum
1139 1550 1547 1612 convenientius
1579 1544 1865 1601 tenendum
1918 1541 2008 1606 sit,

432 1675 539 1716 non
566 1667 649 1712 est
671 1633 915 1712 nostrum
939 1648 1234 1721 dijudicare
1260 1647 1313 1708 δ;
1344 1638 1710 1710 unusquisque
1731 1635 1796 1689 de
1818 1633 2013 1687 talibus

2102 446 2254 517 cujus
2281 459 2463 518 partes
2490 461 2643 515 sunt,
2685 448 3063 518 permanserit.
3092 444 3174 504 Eo
3210 460 3341 503 vero
3370 453 3688 501 transeunte

2101 540 2261 596 simul
2295 549 2351 597 et
2388 542 2533 598 illius
2576 541 2820 598 vocabuli
2855 542 3027 598 uirtus
3068 539 3422 599 evacuabitur
3459 537 3507 592 '.
3550 534 3691 596 Cum

2101 631 2384 701 enimnon
2427 630 2611 699 fuerit,
2656 633 2799 701 quod
2832 629 2997 685 locari
3027 641 3084 709 et
3127 628 3501 686 circumscribi
3549 626 3696 683 indi.-

2105 731 2247 791 geat,
2277 723 2547 793 quomodo
2583 722 2688 778 erit
2721 723 2905 777 locus?
2947 720 3004 778 Si
3050 721 3193 777 enim
3233 721 3255 753 ⁸
3288 721 3423 777 nihil
3448 720 3694 775 locave-

2108 813 2199 879 rit,
2248 814 2397 868 locus
2446 830 2554 870 non
2598 815 2722 870 erit.
2761 814 2838 869 Eo
2884 814 3151 884 siquidem
3198 803 3478 883 pere‘unte,
3540 811 3685 882 quod

2109 903 2400 958 collocatur
2432 903 2497 972 ιο,
2527 919 2633 974 qua
2681 904 2890 959 ratione
2923 903 3074 960 locus
3100 902 3239 958 erit?
3271 902 3446 959 Locus
3492 903 3692 974 quippe

2109 994 2330 1049 omnino
2354 1011 2457 1050 non
2488 1006 2592 1060 est,
2620 998 2764 1067 quod
2792 995 2921 1066 quid
2965 1009 3073 1050 non
3107 994 3355 1050 collocat.
3388 993 3508 1052 Non
3534 993 3692 1050 aliter

2111 1086 2177 1142 de
2201 1095 2456 1157 tempore.
2505 1085 2730 1154 Quando
2772 1087 2913 1141 enim
2947 1087 3123 1142 nullus
3161 1095 3338 1142 motus
3374 1084 3496 1150 erit,
3529 1099 3691 1156 quem

2112 1189 2361 1230 mensura
2392 1176 2650 1247 temporis
2672 1193 2776 1231 non
2800 1163 3001 1233 dividet
3021 1185 3076 1232 et
3095 1175 3538 1246 comprehendet,
3560 1189 3694 1244 quo-

2113 1267 2273 1320 modo
2304 1277 2510 1337 tempus
2551 1267 2690 1323 erit?
2726 1268 2824 1322 Est
2868 1266 3012 1322 enim
3060 1274 3272 1336 tempus
3304 1266 3577 1323 morarum
3607 1263 3732 1319 vcl-

2094 1366 2355 1412 -motuum
2400 1367 2549 1414 certa
2587 1368 2642 1415 et
2669 1357 2933 1414 naturalis
2973 1357 3262 1414 dimensio.
3303 1354 3571 1412 Pereunte
3596 1354 3697 1425 igi-

2119 1460 2224 1515 tur,
2258 1451 2399 1521 quod
2446 1460 2814 1533 mensuratnr,
2865 1460 2919 1507 et
2948 1445 3103 1516 illud,
3139 1450 3280 1520 quod
3321 1450 3564 1522 metitur,
3595 1464 3687 1505 ne-

2117 1542 2354 1598 cessario
2397 1542 2612 1612 peribit.
2651 1541 2710 1598 In
2754 1556 2862 1614 quo
2907 1542 3051 1598 enim
3088 1540 3415 1611 intelligetur
3462 1550 3695 1612 tempus,

2119 1633 2542 1709 quandotnullus
2586 1635 2850 1690 sentietur
2891 1633 3107 1689 uictus?
3135 1632 3206 1689 Ut
3252 1628 3399 1690 enim
3440 1636 3618 1689 motus
3644 1628 3697 1688 in

433 1714 825 1822 diSputautium
854 1714 1007 1800 intra
1029 1740 1275 1811 seipsum
1317 1734 1595 1796 deliberet,
1634 1728 1761 1799 quid
1790 1724 1893 1782 sibi
1934 1739 2011 1778 ra.
2041 1714 2087 1773 B
2116 1724 2346 1795 quodam
2373 1732 2521 1781 moto
2555 1724 2881 1788 continetur,
2926 1724 3001 1778 ita
3035 1732 3244 1795 tempus
3269 1722 3324 1777 in
3364 1722 3701 1792 quodam-di-

435 1814 744 1900 tioiiabilius
772 1832 1107 1907 sequendum
1148 1829 1253 1885 sit:
1286 1841 1384 1881 nos
1411 1833 1592 1879 autem
1639 1820 1920 1875 redeamus
1941 1814 2014 1907 ad

435 1914 790 2007 propositum.
827 1894 974 1984 Iliso.
1012 1923 1180 1980 Caute
1224 1934 1289 1975 ac
1349 1915 1652 1989 vigilanter.
1695 1909 1812 1966 Non
1868 1894 2017 1963 enim

437 2003 695 2089 debemus
730 2027 798 2083 de
828 2018 1109 2081 sententiis
1164 2029 1476 2086 magnorum
1527 2021 1582 2066 et
1628 2003 2015 2064 venerabilium

440 2126 674 2178 virorum
718 2112 1219 2185 temere‘judicare.
1266 2104 1402 2160 Nam
1452 2103 1498 2159 si
1528 2115 1693 2156 unutn
1725 2094 2019 2183 dixerimus

441 2213 645 2273 rectius
668 2206 921 2268 sensisse,
950 2178 1271 2258 rvidebimnr
1310 2196 1539 2250 alterum
1567 2188 1813 2246 refellere
1836 2202 1851 2250 :
1878 2178 2020 2257 quae

440 2284 677 2359 maxima
711 2307 769 2354 et
804 2290 1211 2369 promptissima
1249 2302 1414 2344 causa
1450 2281 1695 2353 litigandi,
1718 2277 1857 2336 solet
1894 2289 2021 2333 eve-

440 2395 577 2450 nire.
770 2400 771 2407 ‘
1007 2394 1013 2404 ‘
1112 2440 1125 2451 κ
1475 2394 1487 2405 ⁸
1958 2400 1959 2409 η

468 2494 473 2495 ’
513 2482 599 2538 t8.
623 2479 764 2535 Meo.
804 2473 997 2531 Nullus
1032 2471 1318 2543 pie-atque
1349 2462 1617 2525 catholico
1638 2457 2021 2534 philosophan-

444 2576 597 2637 tium,
623 2572 942 2638 divinaeque
957 2563 1276 2633 Seriptnrae
1296 2558 1550 2614 virtutem
1562 2549 2021 2610 considerantium

442 2663 660 2728 dixerit,
705 2668 766 2716 ut
807 2658 1023 2730 opinor,
1063 2653 1180 2709 loca
1212 2660 1269 2708 et
1305 2659 1546 2721 tempora
1593 2654 1720 2702 ante
1764 2643 2021 2698 mundum

446 2754 629 2809 fuisse.
672 2751 816 2807 DISC.
865 2749 1040 2805 istaec
1079 2740 1470 2800 'credentibus
1504 2749 1560 2794 et
1601 2732 2028 2807 intelligentibus

446 2860 552 2900 non
581 2827 1022 2898 conttradixerim.
1062 2832 1360 2891 Sanissime
1385 2827 1548 2885 enim
1570 2827 1818 2889 credunt,
1840 2832 1898 2880 et
1925 2838 2024 2893 pu-

425 2934 660 2989 rissime
688 2929 1011 2999 intelligunt.
1035 2921 1338 2995 Quidnam'
1370 2917 1720 2991 praecederet
1743 2912 2021 2977 niuiidum,

447 3007 549 3081 nisi
577 3023 689 3081 sola
727 3019 1050 3084 aeternitas,
1090 2999 1409 3087 praesertim
1457 3024 1580 3066 cum
1606 3006 1863 3078 scriptum
1906 3004 2018 3060 sit:

447 3065 549 3081 ...ω
577 3065 689 3081 σν...
727 3065 1050 3084 ...,.......-_-,
1090 3065 1350 3087 ,__-____,
1401 3065 1404 3066 ν
1473 3065 1478 3066 ,
1716 3065 1733 3078 _

445 3106 641 3172 omnia
669 3115 725 3169 in
750 3119 1005 3168 momento
1032 3106 1171 3163 oculi
1209 3104 1353 3175 facta
1390 3101 1558 3156 sunt?
1593 3100 1735 3155 Loca
1767 3105 1946 3153 autem
1972 3086 2025 3149 et
2052 3065 2097 3129 ε

351 3267 361 3278 ,
420 3260 425 3265 ,
452 3214 694 3278 tempora
720 3202 1025 3278 innumero
1050 3194 1459 3251 omnium-sunt.
1487 3189 1619 3244 item
1654 3205 1669 3244 :
1696 3185 1800 3254 Qui
1829 3187 1948 3241 vivit
1971 3186 2029 3239 in

450 3276 739 3357 aeternum,
779 3276 973 3345 creavit
1014 3286 1190 3342 omnia
1239 3281 1415 3339 simul.
1448 3278 1591 3337 MAG.
1620 3277 1759 3347 Quid
1786 3291 1917 3349 ergo
1950 3276 2031 3331 di-

450 3396 655 3443 cemus,
685 3379 731 3433 si
754 3377 874 3433 loca
897 3387 953 3432 et
991 3385 1234 3446 tempora
1281 3380 1408 3427 ante
1447 3368 1703 3425 mundum
1726 3381 1833 3420 non
1856 3364 2027 3430 fuere,

449 3474 546 3526 sed
572 3470 685 3527 suta
714 3470 1012 3525 aeternitas
1046 3468 1220 3538 ipsum
1248 3457 1869 3535 praecessit?‘Nnnquid
1890 3457 2032 3512 veri-

453 3562 629 3618 simile
655 3568 760 3625 est,
782 3567 844 3613 ut
864 3559 1053 3614 eodem
1079 3556 1240 3611 modo
1268 3554 1573 3617 credamus,
1609 3564 1710 3605 nec
1733 3559 1855 3621 post
1880 3564 2034 3604 mun-

454 3653 582 3705 dum
607 3647 954 3707 remansura?
976 3646 1034 3703 Si
1063 3627 1206 3701 enim
1239 3644 1291 3698 in
1335 3642 1684 3698 universitate
1711 3640 1890 3694 mundi
1915 3640 2034 3695 loca

457 3751 509 3798 et
541 3754 780 3814 tempora
804 3745 1201 3809 computantur,
1226 3750 1334 3805 qua
1360 3735 1589 3800 ratione,
1614 3733 1789 3789 soluto
1812 3732 2029 3796 mundo,

428 3831 894 3904 permanebunt?
937 3829 1134 3884 Totum
1183 3827 1446 3897 siquidem
1493 3834 1585 3879 aut
1656 3824 2034 3881 universaliter

460 3933 661 3989 manet,
704 3930 796 3976 aut
831 3917 1207 3975 universziliter
1246 3917 1424 3987 perit;
1458 3924 1517 3972 ut
1550 3924 1730 3971 autem
1773 3930 1841 3994 es
1879 3912 2036 3986 parte

460 4022 702 4079 maneat,
726 4026 795 4066 ex
818 4011 844 4043 ‘
875 4019 1029 4083 parte
1058 4015 1268 4078 pereat,
1303 4005 1637 4077 impossibile
1666 4016 1768 4060 est.
1802 4004 1861 4059 Si
1890 3995 2034 4060 enim

457 4119 562 4160 una
584 4117 715 4174 pars
740 4102 812 4159 ex
856 4109 969 4156 toto
999 4100 1240 4171 perierit,
1286 4106 1455 4154 totum
1504 4097 1708 4154 interit.
1743 4094 1857 4151 Una
1883 4112 2038 4151 nam-

463 4212 564 4264 que
592 4195 831 4265 dempta,
866 4198 1039 4247 totum
1079 4206 1185 4245 non
1228 4199 1332 4246 est.
1360 4187 1621 4243 Similiter
1666 4186 1710 4242 si
1768 4200 1876 4242 una
1912 4200 2040 4256 pars

463 4288 607 4342 salva
630 4284 817 4349 fuerit,
856 4291 914 4338 et
958 4292 1173 4338 ceterae
1219 4279 1547 4342 interierint,
1607 4287 1777 4332 totum
1830 4278 2034 4333 interit.

448 4375 632 4434 .Totus
655 4378 838 4445 itaque
880 4381 1114 4429 mundus
1149 4381 1243 4427 aut
1286 4381 1431 4427 totus
1471 4371 1733 4436 interibit,
1772 4380 1871 4425 aut
1898 4381 2040 4425 totus

463 4456 678 4538 semper
717 4466 845 4519 erit;
894 4462 1101 4519 Peribit
1147 4470 1348 4516 autem.
1387 4458 1557 4518 Totus
1584 4452 1768 4531 igitur
1821 4460 2057 4528 peribit,

460 4576 639 4631 neque
674 4558 779 4613 ulla
820 4571 948 4627 pars
972 4554 1055 4612 sui
1081 4563 1202 4626 post
1232 4567 1386 4608 suum
1424 4553 1700 4606 interitum
1746 4553 2046 4606 remanebit

465 4657 585 4711 sine
617 4651 857 4709 interitu.
890 4649 1028 4704 Sunt
1072 4656 1250 4704 autem
1290 4656 1471 4718 partes
1499 4647 1617 4717 ejus
1659 4646 1807 4703 locus
1831 4654 1886 4701 et
1913 4655 2046 4701 tem-

466 4764 587 4819 pus.
632 4746 694 4799 ‘ln
752 4744 868 4814 ipso
920 4741 1083 4813 igitur
1109 4748 1308 4796 etcum
1355 4740 1472 4808 ipso
1510 4739 1766 4809 peribunt
1795 4738 1947 4794 locus
1992 4750 2048 4795 et

470 4852 678 4909 tempus
721 4835 923 4890 Locum
949 4848 1091 4888 nunc
1115 4831 1236 4889 dico
1286 4846 1392 4885 non
1435 4845 1615 4885 rerum
1654 4829 2043 4898 deﬁnitionem,

469 4944 605 5000 quae
649 4941 865 4998 semper
909 4931 1093 4992 manet
1139 4922 1192 4977 in
1247 4925 1448 4988 animo,
1503 4922 1595 4977 sed
1639 4924 1892 4994 spatium,
1940 4940 2047 4994 quo

470 5035 754 5092 corporum
809 5016 1084 5089 quantitas
1127 5015 1455 5070 extenditur.
1486 5013 1617 5069 Nam
1665 5017 1804 5085 quod
1857 5015 2049 5072 Graeci

400 5172 401 5175 η
471 5112 603 5167 duas
656 5111 777 5166 illas
820 5107 1001 5163 mundi
1050 5114 1266 5176 partes,
1326 5106 1498 5159 locum
1543 5107 1663 5160 dico
1716 5116 1769 5161 et
1821 5117 2050 5179 tempus,

473 5204 538 5260 ὧν
566 5202 707 5269 ἄνευ,
741 5204 840 5257 boc
862 5211 964 5260 est,
996 5200 1113 5255 sine
1139 5200 1336 5270 quibus
1360 5207 1576 5254 ceterae
1602 5210 1782 5267 partes
1804 5216 1923 5254 esse
1944 5215 2049 5253 non

476 5305 716 5364 possunt,
757 5292 1044 5364 appellant,
1092 5291 1292 5346 tamdiu
1315 5290 1442 5345 illud
1487 5290 1801 5346 vocabulum
1844 5306 1947 5345 non
1975 5303 2054 5346 te-

2116 1831 2306 1872 menso
2343 1826 2510 1871 motu.
2554 1814 2709 1871 Sicut
2751 1831 2880 1888 ergo
2940 1823 3116 1871 motus
3152 1828 3261 1869 non
3309 1812 3438 1881 erit,
3486 1815 3702 1883 quando
3760 1821 3773 1825 ‘

2114 1910 2259 1967 nulla
2302 1925 2433 1981 pars
2480 1909 2664 1964 mundi
2719 1909 3040 1972 movebitur,
3078 1907 3156 1965 ita
3206 1916 3438 1977 tempus,
3486 1905 3701 1975 quando

2115 1994 2295 2056 nullus
2321 2000 2727 2056 mensurabitur
2752 2009 2951 2053 motus.
2990 1998 3067 2053 De
3096 1999 3314 2054 interitu
3345 2008 3523 2053 autem
3551 2012 3703 2052 inun-

2111 2091 2171 2151 .di
2192 2106 2258 2145 ac
2286 2093 2353 2145 de
2387 2089 2492 2145 tine
2520 2087 2696 2144 nullus
2719 2086 3107 2144 catholicorum
3137 2078 3379 2159 ambigit.
3411 2086 3527 2142 Non
3556 2087 3700 2142 enim

2117 2179 2400 2235 sola’ratio
2434 2187 2494 2234 et
2546 2178 2809 2234 naturalis
2856 2177 3173 2241 necessitas,
3210 2176 3351 2246 quod
3384 2174 3703 2231 interiturus

2119 2272 2209 2337 sit,
2231 2286 2419 2327 verum
2445 2271 2608 2326 etiam
2649 2269 2953 2325 divinarum
2984 2268 3262 2324 literarum
3292 2267 3585 2323 verissima
3606 2282 3706 2321 au-

2119 2364 2348 2419 ctoritas
2384 2361 2722 2432 comprobat.
2762 2358 2979 2418 Maximi
3019 2373 3255 2430 namque
3293 2358 3364 2414 ob
3412 2359 3513 2413 hoc
3539 2358 3579 2390 “
3611 2372 3700 2412 sa—

2120 2456 2331 2529 pientes
2360 2453 2541 2510 mundi
2584 2468 2694 2508 non
2737 2450 2854 2507 ausi
2880 2460 3005 2507 sunt
3043 2449 3241 2507 docere
3269 2448 3351 2504 vel
3381 2448 3701 2513 concedere,

2119 2548 2267 2604 hunc
2286 2547 2544 2603 mundum
2574 2542 2853 2616 temporali
2881 2541 3148 2613 principio
3178 2556 3275 2613 per
3299 2540 3702 2613 generationem
3752 2569 3768 2580 η

2122 2641 2431 2706 inchoasse,
2457 2652 2525 2693 ne
2563 2645 2888 2709 cogerentur
2913 2634 3096 2699 fateri,
3127 2627 3286 2689 {intem
3330 2630 3589 2706 temporis
3611 2646 3709 2701 per

2123 2747 2373 2789 occasum
2402 2730 2713 2786 habiturum
2748 2742 2887 2784 esse.
2915 2726 3050 2802 Nam
3072 2728 3117 2783 si
3142 2725 3400 2783 mundum
3425 2723 3709 2795 temporali

2123 2822 2387 2895 principio
2410 2819 2665 2877 inchoare
2706 2817 3085 2881 concederent,
3113 2817 3220 2872 line
3245 2830 3461 2887 quoque
3502 2824 3713 2884 tempo-

2125 2916 2202 2971 ris
2225 2911 2504 2970 terminari
2549 2924 2747 2983 negare
2791 2924 2900 2965 non
2943 2915 3181 2979 possent.
3229 2904 3463 2976 ideoque
3493 2903 3709 2960 illorum

2124 3005 2342 3076 quidam
2384 3001 2643 3060 mundum
2672 3010 2866 3066 totum,
2914 2999 3020 3073 hoc
3044 3006 3130 3054 est
3178 2996 3460 3052 materiem
3497 2992 3614 3064 eius
3657 3003 3714 3047 et

2127 3094 2382 3160 formam,
2404 3101 2755 3155 coaeternum
2802 3090 2914 3159 Deo
2950 3087 3135 3153 fuisse,
3175 3086 3391 3158 quidam
3416 3084 3592 3141 solam
3630 3085 3715 3138 in-

2130 3186 2359 3244 formem
2392 3185 2674 3241 rnateriem
2712 3191 2962 3240 astruere
2986 3181 3176 3237 conati
3204 3187 3351 3238 sunt.
3375 3176 3605 3234 formam
3631 3191 3715 3232 50-

2129 3274 2237 3332 lam
2257 3282 2314 3331 et
2342 3272 2722 3331 formationem
2768 3271 2952 3345 mundi
2997 3270 3107 3327 Deo
3132 3268 3511 3332 attribuentes,
3548 3278 3719 3324 mate-

2130 3366 2275 3425 riem'
2322 3380 2453 3422 vero
2496 3364 2612 3437 ejus
2659 3374 2949 3442 aeternam
2983 3373 3039 3419 et
3085 3372 3434 3420 coaeternam
3473 3359 3584 3414 Dee
3620 3373 3719 3429 per

2131 3460 2364 3529 seipsam
2385 3456 2711 3520 substitisse,
2742 3454 2838 3510 Dei
2860 3462 3039 3509 tamen
3064 3451 3715 3524 formatoris‘iudiguisse,

2130 3558 2184 3605 et
2213 3562 2273 3604 se
2300 3548 2475 3620 ipsam
2499 3545 2736 3603 formare
2761 3559 2868 3601 non
2894 3545 3146 3601 valuisse.

2204 3638 2291 3695 19.
2307 3636 2735 3694 Sanaautemet
2758 3634 3121 3692 ecclesiastica
3144 3634 3388 3690 doctrina
3412 3632 3719 3688 ﬁrmissime

2132 3729 2323 3790 credit.
2339 3738 2395 3786 et
2407 3727 2831 3805 luculentissime
2842 3726 3121 3799 perspicit,
3137 3742 3300 3781 unum
3318 3734 3372 3781 et
3386 3725 3738 3799 omnipoten-_

2134 3831 2243 3880 tem
2261 3822 2450 3890 Deum,
2467 3821 2788 3893 principium
2802 3834 3127 3890 causamque
3140 3821 3402 3885 omnium,
3420 3833 3560 3888 quae
3573 3829 3691 3873 sunt
3704 3858 3721 3882 ,

2133 3926 2187 3974 et
2208 3931 2349 3988 quae
2365 3931 2471 3972 non
2488 3920 2634 3979 sunt,
2663 3913 2943 3969 materiem
2962 3911 3174 3968 dedisse
3188 3910 3387 3967 mundo
3401 3920 3452 3966 et
3469 3909 3721 3972 formant,

2135 4008 2351 4080 quando
2388 3998 2577 4073 voluit,
2611 4004 2879 4080 litieraque
2908 4005 3159 4060 daturum
3195 4018 3334 4072 esse,
3368 4004 3585 4076 quando
3609 4013 3723 4057 ειε-

2140 4102 2279 4159 tuit:
2311 4101 2407 4174 qui
2449 4098 2577 4157 fecit
2604 4099 2785 4156 omnia
2826 4100 2879 4154 in
2916 4097 3282 4157 aeternalibus
3306 4097 3507 4162 causis,
3539 4105 3721 4174 prius-

2136 4210 2298 4265 quam
2330 4194 2522 4249 lierent
2557 4190 2941 4261 temporalibus
2973 4189 3261 4245 momentis
3300 4204 3314 4242 :
3346 4186 3437 4259 qui
3483 4196 3567 4242 est
3601 4185 3727 4243 linis

2137 4286 2397 4349 omnium,
2439 4283 2567 4357 quia
2602 4283 2659 4338 in
2683 4270 2877 4353 ipsum
2916 4288 3269 4343 revertentur,
3313 4293 3456 4350 quae
3496 4277 3564 4334 ab
3609 4277 3727 4349 ipso

2142 4376 2382 4447 profecta
2405 4383 2551 4436 sunt,
2574 4381 2629 4428 et
2651 4373 2704 4426 in
2727 4372 2843 4441 ipso
2872 4368 3154 4426 moventur
3178 4380 3232 4424 et
3255 4375 3418 4425 stant.
3433 4365 3727 4427 ‘Dominus

2148 4470 2261 4541 ipse
2293 4467 2360 4524 de
2384 4468 2613 4522 transitu
2644 4464 2847 4531 mundi;
2875 4473 2936 4518 ut
2958 4463 3117 4535 paulo
3141 4464 3389 4534 superius
3426 4462 3728 4523 introduxi-

2151 4575 2293 4626 mus,
2322 4559 2396 4613 ait
2426 4573 2440 4613 :
2469 4556 2685 4614 Caelum
2720 4566 2767 4618 et
2808 4566 2947 4610 terra
2994 4555 3309 4621 transibunt,
3356 4553 3726 4611 rerbalautem

2149 4667 2265 4705 mea
2294 4665 2397 4706 non
2423 4648 2736 4704 transibunt.
2774 4646 2842 4702 Et
2873 4661 2940 4700 ne
2975 4646 3095 4714 quis
3132 4648 3413 4701 transitum
3438 4630 3622 4700 mundi
3663 4643 3735 4698 de

2152 4742 2272 4798 loco
2301 4744 2354 4796 in
2386 4742 2584 4805 locum,
2627 4739 2710 4795 vel
2756 4740 2822 4794 de
2868 4748 3106 4809 tempore
3153 4739 3206 4791 in
3249 4745 3481 4815 tempus,
3531 4734 3614 4790 vel
3665 4735 3735 4791 de

2152 4839 2325 4890 forma
2370 4832 2568 4888 visibili
2599 4831 2653 4887 in
2686 4832 2913 4886 fortnam
2944 4830 3206 4885 visibilem
3227 4871 3240 4893 ,
3271 4828 3355 4883 vel
3380 4829 3447 4883 de
3476 4826 3736 4898 qualitate

2154 4931 2208 4985 iu
2243 4929 2581 5000 qualitatem,
2619 4924 2705 4980 vel
2755 4923 2821 4980 de
2857 4924 3155 4993 quantitate
3192 4923 3247 4976 in
3285 4921 3636 4990 quantitatem
3679 4918 3736 4974 in

2155 5018 2438 5097 bisver‘nis
2461 5016 2753 5071 arbitretur
2776 5014 2819 5046 "
2847 5028 3004 5084 posse
3026 5012 3271 5081 intelligi,
3295 5012 3476 5066 audiat
3501 5009 3739 5078 Prophe-

2156 5125 2266 5173 tam
2322 5112 2635 5167 fabricatori
2683 5110 2865 5163 mundi
2916 5107 3228 5162 dicentem:
3271 5103 3440 5175 Opera
3487 5119 3739 5157 manuum

2154 5217 2365 5259 tuarum
2391 5212 2507 5256 sunt
2535 5199 2697 5266 caeli;
2727 5200 2823 5269 ipsi
2853 5197 3112 5269 peribunt,
3150 5207 3206 5250 tu
3242 5205 3413 5251 autent
3448 5207 3739 5265 permeans.

2156 5295 2248 5350 llle
2274 5303 2453 5348 autem
2491 5301 2678 5364 aperte
2720 5290 2877 5355 dixit,
2908 5287 3169 5362 peribunt,
3203 5296 3263 5342 ut
3295 5286 3582 5360 intelligas,
3611 5286 3740 5355 quid

1753 5404 2007 5463 VARIAE
2045 5406 2451 5467 LECTIONES.

552 5532 568 5562 ⁸
597 5531 691 5602 8ἱο
717 5528 846 5602 CF;
874 5530 921 5587 Α
949 5532 1091 5597 Νοηο
1116 5534 1319 5602 2etiam
1350 5548 1459 5588 om.
1494 5537 1558 5590 Α.
1593 5533 1614 5566 ⁸
1647 5531 1739 5588 Sic
1770 5535 1813 5589 Δ
1839 5552 1854 5599 ;
1887 5529 1973 5602 (ἒξ
2000 5511 2218 5602 εεᾳιιέυς
2251 5536 2366 5602 (pro
2393 5543 2658 5602 sequente.
2690 5548 2766 5587 sc.
2793 5530 3071 5602 Maximo).
3132 5531 3155 5563 ⁸
3180 5532 3222 5584 Α
3252 5528 3558 5595 dijudimri.
3642 5535 3663 5566 ⁸
3693 5534 3733 5587 (Ζ

487 5599 618 5666 Isto,
658 5601 716 5657 Ρ.
744 5601 904 5657 Iezac.
982 5607 1003 5635 ⁸
1029 5599 1220 5668 διοΔξ
1266 5608 1306 5658 Α
1347 5607 1670 5670 Quid'emm.

485 5688 591 5777 om.
623 5672 732 5732 CF.
803 5673 847 5708 ¹⁰
884 5675 975 5732 Sic
1005 5675 1135 5746 CF;
1178 5678 1224 5733 Δ
1255 5679 1481 5732 locatur.
1512 5676 1549 5731 ’.

1776 5604 1794 5635 ⁷
1819 5607 1909 5660 Stc
1934 5600 2017 5655 Cl“
2040 5600 2130 5672 ;'A
2161 5600 2341 5677 autem
2374 5600 2545 5677 parte.

1596 5680 1637 5710 “
1673 5676 1734 5734 ob
1768 5680 1863 5733 hoc
1903 5689 2013 5732 om.
2048 5678 2113 5733 Α.

2647 5606 2670 5638 ⁸
2706 5605 2796 5660 Sic
2834 5606 2959 5676 CF;
2991 5608 3037 5665 Α
3078 5603 3425 5663 resecabitur.

2221 5677 2263 5707 ¹³
2286 5674 2388 5742 ,5ιὸ
2421 5676 2545 5744 CF;
2580 5678 2623 5730 Α
2649 5686 2817 5750 putet.

3538 5609 3558 5637 "
3593 5612 3735 5660 enim
