4226 6240
1932 242 2224 319 JOANNlS
2280 194 2478 303 SCOTI

565 360 759 417 scebat
786 358 855 415 ab
881 357 1056 416 oculis
1086 371 1300 420 eorum,
1326 354 1576 413 localiter
1606 354 1674 409 ab
1700 352 1781 408 eis
1819 350 2140 417 recedebat,
2173 369 2224 428 Α
2277 362 2469 407 terram
2493 361 2540 405 et
2567 342 2791 416 auctum,
2828 353 3099 408 ostendens
3125 368 3285 410 unam
3322 352 3463 423 apud
3491 359 3653 427 semet
3686 352 3860 413 tum

571 456 670 523 sed
702 455 762 511 in
796 454 1154 510 subtilitatem
1189 452 1503 523 spiritantia.
1536 449 1777 519 corporis
1823 446 2142 521 cruralibus

572 554 757 612 adhuc
812 544 1152 622 postulatum
1180 548 1357 603 oculis
1388 546 1799 613 inconspicuam
1831 558 1888 597 se
1917 543 1932 573 ί
1961 541 2148 597 occul-

540 700 545 703 Α
574 649 746 703 tabat.
800 646 941 703 Hinc
974 646 1137 701 datur
1164 642 1413 712 intelligi.
1453 656 1560 693 nou
1589 637 1738 693 aliud
1767 652 1888 692 esse
1937 634 2154 704 paradi-

574 756 721 808 sum,
764 742 816 795 in
868 755 1031 812 quem
1067 754 1357 809 resurgens
1405 727 1684 805 ingressus
1714 734 1735 765 ²
1766 740 1875 790 est,
1930 736 2152 798 praeter

486 862 499 867 —
576 821 1056 904 ipsam’bumanae
1084 841 1312 884 naturae
1348 828 1743 897 integritatem,
1768 838 1931 891 quam
1970 820 2023 873 in
2066 832 2157 873 se-

581 924 703 992 ipso
744 930 1167 986 restaurarerat,
1202 932 1255 975 et
1294 921 1345 975 in
1376 936 1481 989 qua
1506 918 1719 986 primus
1753 916 1938 980 homo,
1969 912 2017 966 si
2045 924 2165 966 non

582 1024 860 1082 peccaret,
886 1015 1162 1083 gloriosus
1191 1019 1559 1082 permaneret.
1597 1011 1714 1080 ipse
1740 1015 1825 1062 est
1850 1005 2160 1077 paradisus,

586 1105 677 1177 qui
735 1102 941 1159 sanctis
986 1098 1343 1173 promittitur;
1377 1094 1434 1150 iu
1459 1108 1623 1167 quem
1652 1108 1721 1171 ex
1768 1100 1951 1165 parte,
1992 1091 2175 1149 anima

586 1193 860 1256 Videlicet,
884 1191 996 1261 iam
1027 1189 1260 1265 ingressi
1286 1199 1434 1253 sunt,
1457 1201 1524 1255 ex
1551 1195 1725 1259 parte,
1742 1199 1971 1256 corpore
1984 1184 2112 1240 dico
2129 1183 2170 1249 ³,

588 1295 744 1344 eum
769 1285 945 1341 adhuc
974 1291 1121 1339 sunt.
1163 1272 1438 1339 Adunavit
1467 1282 1649 1350 itaque
1677 1279 1729 1334 in
1762 1283 1822 1334 Se
1850 1277 2038 1333 orbem
2070 1288 2178 1331 ter-

589 1391 773 1433 rarum
803 1377 1075 1446 paradiso.
1094 1373 1211 1444 ipsi
1238 1368 1504 1443 siquidem
1534 1371 1684 1427 orbis
1708 1378 1988 1427 terrarum
2017 1381 2176 1437 para-

587 1468 741 1524 disus
771 1476 907 1523 erat.
938 1464 1134 1521 Totum
1166 1468 1421 1534 namque,
1460 1448 1602 1532 quod
1631 1463 1697 1518 de
1732 1461 1865 1516 orbe
1904 1469 2177 1514 terrarum

587 1557 900 1629 deceperat,
950 1553 1288 1611 malerialcm
1335 1552 1859 1629 vitlclicct‘carnem
1900 1552 2023 1605 eum
2062 1549 2176 1604 suis

584 1650 960 1711 accidentibus
983 1649 1187 1718 absque
1210 1652 1454 1718 peccato,
1486 1652 1542 1700 et
1569 1644 1782 1701 virilem
1826 1643 2091 1703 habiturn,
2120 1643 2172 1696 in

2274 444 2553 517 visibilium
2572 454 2836 517 naturam.
2858 445 3114 500 Adunavit
3139 445 3406 501 sensibitia
3422 458 3468 500 et
3485 444 3859 517 intetltgibilia,

2201 537 2230 614 "
2273 553 2534 607 unamque
2560 536 2784 591 ostendit
2817 538 3121 591 existente»:
3146 555 3349 603 eorum,
3374 555 3509 610 quae
3531 540 3676 609 facta
3712 547 3863 607 sunt,

2274 639 2542 693 naturam,
2566 628 2798 700 quadam
2825 628 3046 698 mystica
3069 629 3274 683 ratione
3294 638 3610 700 coaptatam.
3642 629 3869 685 Adima-

2270 718 2343 772 rit
2371 734 2464 788 per
2494 721 2749 775 rationem
2792 720 3247 791 supernaturalent
3272 738 3339 776 ac
3380 724 3596 779 modum
3633 709 3867 780 creatam

2275 820 2523 865 naturam
2548 827 2651 867 non
2673 822 2900 867 creatae.
2924 811 3075 869 Dtsc.
3097 810 3241 880 Quid
3257 802 3421 885 igitur
3443 814 3723 871 dicemus?
3748 814 3869 883 Qua

2276 901 2491 965 ratione,
2526 904 2609 960 vel
2651 904 3003 961 similitudine
3046 892 3378 961 credendum
3414 917 3531 974 est,
3576 907 3869 964 Dominum

2281 991 2485 1062 absque
2508 993 2615 1046 ulla
2637 994 2876 1049 sensibili
2900 1002 2954 1050 et
2972 995 3380 1066 circumscripta
3408 981 3608 1063 ferina,
3623 1002 3679 1053 et
3698 997 3873 1052 maxi-

2277 1097 2367 1138 me
2386 1083 2593 1165 absqne'
2619 1083 2726 1149 illa,
2756 1094 2919 1154 quam
2950 1085 3224 1142 nascendo
3265 1101 3334 1143 ex
3379 1084 3602 1160 Virgine
3631 1088 3867 1159 accepit,

2276 1175 2760 1253 resurrexisseiEt
2774 1177 3032 1246 quoniam
3052 1177 3141 1233 ille
3161 1177 3470 1251 exemplum
3496 1180 3765 1250 generalis
3785 1189 3868 1235 at-

2276 1282 2383 1339 que
2434 1267 2646 1324 futurae
2694 1270 3110 1341 resurrectionis
3145 1278 3201 1327 et
3236 1279 3375 1337 erat,
3410 1281 3467 1328 et
3518 1280 3621 1338 est,
3650 1273 3697 1329 si
3737 1272 3873 1328 abs-

2275 1373 2385 1431 que
2425 1351 2535 1414 ullo
2581 1375 2716 1415 sexu
2763 1360 3083 1438 resurrexit,
3127 1361 3438 1420 necessario
3480 1366 3750 1435 sequitur,
3813 1374 3877 1420 ut

2274 1463 2465 1505 omnes
2516 1450 2764 1506 homines
2811 1451 2866 1505 in
2928 1450 3328 1510 resurrectione
3367 1463 3422 1512 et
3455 1464 3580 1526 post
3619 1471 3875 1513 resurre-

2275 1539 2509 1595 ctionem
2536 1540 2917 1598 universalitcr
2942 1557 3074 1598 sexu
3096 1552 3338 1601 careant.
3367 1544 3508 1602 Msa.
3541 1544 3657 1603 Hoc
3681 1562 3875 1619 super-

2274 1628 2438 1684 ﬂuum
2454 1640 2537 1686 est
2558 1646 2843 1702 quaerere,
2859 1637 3114 1704 quoniam
3138 1633 3193 1690 in
3208 1637 3482 1705 prioribus
3519 1637 3541 1671 τ
3557 1637 3712 1694 libris
3728 1639 3873 1694 mul-

589 1708 925 1817 spiritalium
972 1742 1027 1797 in
1057 1708 1237 1812 seipse
1280 1708 1512 1794 mutarit
1550 1746 1823 1793 naturam.
1859 1736 1941 1792 Ac
1980 1735 2175 1791 deinde
2204 1708 2251 1767 Β
2281 1708 2539 1817 unum
2563 1736 2619 1817 (ξι
2668 1725 2875 1781 ratione
2916 1728 3139 1782 suasum
3169 1737 3282 1794 est.
3313 1730 3696 1789 tat-sententiis
3724 1731 3874 1788 beati

588 1853 697 1892 non
727 1839 900 1891 solum
948 1833 1361 1897 tutntanitatem,
1409 1844 1572 1899 quam
1605 1837 1886 1899 acceperat
1916 1836 1971 1883 et
2019 1840 2179 1881 reno—
2208 1879 2211 1881 .

586 1932 810 1983 raverat
839 1926 891 1981 in
919 1924 1117 1994 seipse,
1149 1924 1205 1978 in
1241 1932 1620 1985 aequalitatem
1648 1920 1922 1992 angelicae
1950 1928 2177 1975 naturae

582 2015 848 2073 exaltavit
876 2022 933 2068 et
961 2012 1193 2074 reduxit,
1228 2014 1373 2082 quod
1416 2025 1517 2082 per
1560 2011 1934 2067 ascensionem
1974 2008 2094 2079 ejus
2122 2008 2177 2064 in

589 2106 799 2163 caelum
821 2104 1183 2176 signiﬁcatum
1208 2111 1314 2166 est,
1335 2112 1552 2172 quando
1570 2100 1878 2157 videntibus
1901 2098 2178 2169 discipulis

589 2194 834 2256 elevatus
862 2206 946 2252 est
971 2196 1026 2251 in
1054 2208 1204 2260 aera,
1236 2196 1380 2250 nube
1408 2183 1531 2249 eum
1557 2192 1887 2264 suscipiente
1914 2194 1981 2247 ab
2005 2190 2178 2247 oculis

586 2303 801 2354 eorum,
834 2301 973 2356 quae
1001 2294 1058 2340 et
1102 2285 1401 2341 claritatem
1434 2280 1604 2353 ipsius
1634 2291 1689 2338 et
1736 2281 2177 2352 Spitilunlitatem

590 2376 867 2435 indicabat
889 2393 905 2440 ;
924 2375 1080 2431 ‘dixit
1105 2388 1271 2441 enim,
1309 2376 1624 2445 priusquam
1647 2380 1930 2443 pateretur
1954 2386 1968 2425 :
1994 2369 2176 2435 Pater,

588 2469 829 2538 stari/ica
878 2463 1082 2527 Filium
1131 2474 1279 2519 tuum
1310 2476 1332 2519 :
1363 2476 1551 2520 verum
1582 2463 1747 2535 etiam
1778 2475 1942 2532 super
1989 2475 2180 2516 omnes

590 2561 814 2631 angelos
842 2567 898 2613 et
940 2557 1172 2612 virtutes
1196 2554 1483 2633 caelestes,
1515 2563 1592 2620 et,
1625 2560 1684 2608 ut
1711 2552 1949 2627 breviter
1976 2551 2177 2621 dicam,

566 2665 757 2719 super
793 2648 999 2716 omnia,
1041 2662 1181 2718 quae
1210 2654 1419 2703 suntet
1445 2660 1584 2716 quae
1607 2660 1715 2701 non
1743 2654 1889 2710 sunt,
1922 2643 2181 2701 sublima-

591 2743 686 2799 vit;
726 2743 792 2798 Et
813 2747 958 2812 quod
988 2745 1041 2799 in
1065 2741 1249 2810 seipse
1282 2739 1689 2811 particulari‘ter
1733 2738 1980 2810 perfecit,
2014 2753 2180 2810 gene-

588 2834 786 2897 raliter
834 2837 1245 2889 resurrecttouis
1278 2840 1521 2904 tempore
1556 2831 1612 2886 in
1642 2840 1760 2898 tota
1809 2832 2042 2885 humana
2084 2844 2182 2885 na-

596 2940 717 2983 tura
760 2930 1099 2998 perfecturus
1145 2934 1248 2983 est.
1303 2936 1406 2980 hoc
1444 2934 1554 2991 est,
1597 2940 1707 2980 non
1747 2923 1922 2981 solum
1972 2923 2178 2989 ornnia,

2277 1810 2526 1886 Gregorii
2555 1814 2779 1887 ejusque
2803 1818 3150 1888 expositoris,
3189 1819 3411 1876 Maximi
3446 1820 3597 1889 dico,
3623 1831 3708 1880 est
3735 1838 3874 1879 con-

2278 1905 2519 1974 clusum,
2563 1908 2705 1976 quod
2757 1908 2810 1963 in
2855 1909 3033 1963 futura
3084 1909 3196 1965 vita
3237 1919 3360 1981 post
3408 1913 3873 1970 resurrectionem

2278 1984 2473 2055 natura
2515 2000 2793 2056 hominum
2822 2003 3044 2060 omnino
3071 2018 3203 2077 sexu
3225 2045 3239 2069 ,
3280 1992 3385 2062 hoc
3407 2014 3509 2072 est,
3539 2006 3680 2062 virili
3709 2015 3765 2064 et
3794 2008 3878 2065 fe-

2280 2092 2457 2146 minea
2504 2084 2678 2147 forma
2727 2092 2965 2156 carebit,
3011 2094 3266 2163 quoniam
3299 2095 3352 2150 in
3396 2096 3568 2167 ipsam
3610 2095 3873 2165 formam,

2279 2197 2420 2252 quae
2448 2183 2513 2237 ad
2544 2182 2832 2253 imaginem
2855 2181 2947 2237 Dei
2980 2181 3123 2239 facta
3148 2192 3253 2250 est,
3294 2200 3579 2241 reversuro
3605 2184 3874 2242 estima-

2279 2268 2555 2344 go'autem
2586 2275 2678 2331 Dei
2710 2291 2813 2333 non
2863 2285 2946 2332 est
2984 2256 3255 2332 masculus
3292 2292 3470 2348 neque
3508 2268 3739 2343 feuiina;
3772 2279 3872 2335 ista

2278 2366 2425 2422 enim
2438 2366 2632 2422 divisio
2650 2377 2874 2422 naturae
2899 2378 3122 2439 propter
3135 2376 3415 2439 peccatum
3431 2367 3573 2423 facta
3601 2362 3871 2424 est.Dtsc.

2281 2459 2338 2513 ln
2368 2458 2548 2514 futura
2576 2459 2756 2530 itaque
2782 2461 2889 2515 vita
2937 2477 3112 2532 neque
3144 2460 3413 2517 masculus
3438 2462 3564 2529 erit,
3598 2476 3771 2532 neque
3796 2462 3878 2517 [ιε-
3937 2532 3943 2538 ,

2265 2548 2450 2615 mina,
2483 2549 2530 2603 si
2558 2549 2667 2604 sola
2698 2551 3015 2621 simplicitas
3044 2561 3272 2608 naturae
3293 2551 3584 2624 duplicem,
3614 2558 3706 2623 qui
3733 2569 3876 2609 nunc

2281 2647 2385 2705 est,
2429 2655 2616 2695 sexum
2650 2641 2703 2696 in
2729 2643 2961 2712 seipsam
2984 2643 3343 2713 rahsorpserit.
3377 2643 3516 2700 Msa.
3543 2643 3653 2700 Cur
3678 2643 3745 2699 de
3772 2644 3877 2700 hoc
3906 2704 3909 2705 ν

2256 2770 2259 2773 -
2284 2732 2557 2798 haesitas,
2608 2750 2732 2788 cum
2758 2734 2826 2789 de
2856 2735 3166 2791 hominibus
3193 2736 3247 2791 in
3282 2734 3679 2804 resurrectione
3707 2749 3876 2806 gene-

2285 2825 2477 2881 raliter
2507 2826 2719 2883 Veritas
2740 2826 2885 2882 dicat
2912 2846 2925 2882 :
2959 2827 3141 2900 Neque
3166 2829 3381 2893 nubent,
3406 2845 3569 2901 neque
3594 2828 3874 2894 nubentur,

2238 2986 2243 2993 .
2282 2916 2377 2971 sed
2400 2926 2553 2971 erunt
2578 2918 2712 2973 sicut
2739 2918 2915 2989 angeli
2950 2921 3005 2974 in
3036 2919 3179 2975 caelo
3199 2920 3226 2974 .9
3253 2918 3506 2991 Nunquid
3552 2918 3774 2990 angelos
3807 2934 3879 2975 ex

594 3032 739 3088 quae
765 3017 877 3086 ipsa
910 3025 1033 3086 post
1079 3027 1363 3085 peceatum
1415 3016 1484 3072 de
1531 3017 1634 3071 hoc
1670 3014 1874 3070 mundo
1911 3014 2177 3070 materiali
2214 3057 2255 3115 ϐ
2289 3008 2564 3066 intellectu
2599 3022 2654 3068 et
2693 3012 2957 3099 spiritualli
2998 3005 3228 3085 corpore
3271 3026 3524 3071 constare
3569 3014 3879 3071 credimus?

595 3118 916 3174 attraxerat,
951 3116 1230 3187 convertet
1269 3110 1322 3162 in
1367 3109 1645 3176 spiritum,
1679 3120 1868 3161 verum
1898 3108 2061 3161 etiam
2114 3107 2185 3163 ad
2218 3102 2255 3115 “
2290 3102 2452 3161 Omni
2496 3112 2675 3160 tamen
2716 3104 3125 3177 circumScripta
3174 3106 3348 3163 forma
3391 3122 3487 3162 eos
3534 3122 3724 3163 carere
3771 3122 3879 3172 non

597 3200 984 3275 aequalitatem
1028 3200 1269 3256 caelestis
1325 3200 1549 3266 gloriae,
1595 3215 1758 3271 quam
1798 3199 2189 3271 angeli-possi-

597 3293 747 3355 dent,
797 3298 1075 3360 perducet.
1127 3291 1193 3344 Et
1220 3305 1291 3346 ne
1328 3292 1567 3356 mireris,
1610 3292 1754 3362 quod
1783 3293 1852 3347 de
1897 3291 2095 3348 talibus
2130 3292 2184 3348 in

596 3380 717 3445 aliis
741 3380 892 3436 libris
917 3380 1076 3453 hujus
1103 3390 1317 3437 nostrae
1348 3381 1729 3438 disnutationis
1754 3381 1922 3437 multa
1952 3389 2187 3437 tractata

595 3482 744 3538 sunt,
791 3481 848 3527 et
900 3486 1043 3526 nunc
1079 3470 1279 3526 iterum
1317 3472 1765 3543 recapitulantur,
1817 3474 2072 3544 quoniam
2106 3475 2187 3529 sic

595 3563 730 3618 ordo
755 3569 810 3617 et
851 3559 1149 3616 necessitas
1192 3561 1641 3617 inveniendarum
1691 3578 1896 3627 rerum,
1929 3579 2064 3633 quas
2110 3564 2190 3619 iu-

596 3652 887 3724 quirimus,
915 3651 1100 3722 exigit,
1133 3663 1193 3705 ut
1225 3647 1441 3706 easdem
1486 3652 1784 3708 sententias
1804 3661 1863 3707 et
1893 3668 2185 3724 argumen-

594 3725 835 3799 tationes
864 3741 1239 3811 multipliciter
1267 3749 1575 3811 repetamus
1595 3751 1651 3796 et
1678 3741 2039 3806 revolvamus,
2064 3758 2128 3799 ac
2165 3744 2189 3775 ι

601 3833 1039 3903 veluti'quadam
1079 3807 1511 3908 duaxeyalatda’u
1555 3836 1608 3890 in
1634 3837 1951 3891 memoriam
1973 3851 2190 3894 revoce-

592 3922 740 3992 nt'us.
773 3925 885 3981 Hoc
910 3933 1091 3980 autem
1117 3924 1259 3990 dico,
1290 3925 1542 3995 quoniam
1568 3927 1619 3980 in
1643 3928 2015 3996 superioribus
2038 3928 2190 3995 libris
2231 3948 2244 3960 ·

603 4014 770 4069 multa
797 4014 818 4047 ⁸
863 4015 930 4071 de
961 4015 1132 4070 reditu
1178 4028 1407 4069 naturae
1433 4014 1581 4074 beati
1626 4015 1842 4071 Maximi
1889 4022 2190 4083 sententias

601 4107 1008 4177 introducentcs
1042 4107 1064 4139 ⁸
1110 4108 1617 4179 praegustarimus:
1652 4110 1745 4165 sed
1787 4125 1933 4165 nunc
1972 4104 2190 4181 plenius

602 4205 843 4252 tractare
871 4197 1149 4253 debemus.
1178 4197 1324 4251 idem
1361 4198 1544 4271 itaque
1581 4198 1849 4264 Maximus
1878 4216 1985 4255 non
2013 4204 2189 4257 solum

604 4296 660 4348 in
682 4292 986 4364 Ambiguis,
1018 4307 1210 4347 verum
1238 4292 1402 4346 etiam
1432 4292 1485 4347 in
1511 4293 1732 4349 seboliis
1761 4294 1828 4349 de
1855 4283 2190 4351 adunatione

2290 3196 2620 3252 dubitamus.
2651 3196 2787 3252 Nam
2832 3200 2976 3269 quod
3022 3202 3183 3269 saepe
3217 3198 3271 3253 in
3319 3201 3553 3254 humana
3584 3197 3758 3271 eﬂigie
3785 3212 3879 3268 ap-

2288 3288 2535 3362 paruisse
2562 3285 2682 3344 illos
2711 3288 2893 3344 divina
2923 3301 3111 3344 narrat
3156 3290 3417 3358 historia,
3448 3307 3557 3346 non
3599 3305 3697 3346 nos
3722 3291 3880 3371 cogit

2288 3380 2602 3447 aestimare,
2633 3382 2846 3461 eostal‘i
2895 3380 3068 3454 eﬂigie
3105 3383 3425 3438 naturaliter
3451 3382 3704 3439 detineri.
3745 3380 3880 3437 Illud

2287 3471 2432 3526 enim
2460 3486 2560 3542 pro
2585 3479 2829 3543 tempore
2860 3472 3062 3529 factum
3095 3484 3201 3539 est,
3229 3474 3486 3545 quoniam
3517 3473 3677 3529 aliter
3703 3474 3876 3529 humi-

2288 3562 2448 3619 uibus
2476 3579 2741 3635 apparere
2779 3563 2820 3629 ⁸,
2855 3573 2910 3620 et
2940 3581 3063 3619 erm
3113 3565 3421 3621 hominibus
3463 3565 3630 3635 loqui,
3658 3574 3749 3620 aut
3779 3565 3882 3619 im-

2290 3653 2545 3724 possibile
2576 3664 2669 3709 aut
2710 3671 2819 3710 non
2866 3656 3023 3711 {acac
3066 3664 3205 3711 erat.
3256 3655 3314 3712 Si
3343 3672 3474 3729 ergo
3513 3656 3687 3728 angeli
3731 3658 3881 3711 muni

2290 3744 2462 3799 l'orma
2495 3746 2907 3817 circumscripta
2947 3757 3175 3814 carent,
3205 3748 3333 3818 quid
3358 3749 3578 3811 mirum,
3612 3748 3879 3811 homines,

2289 3836 2418 3890 dum
2443 3840 2698 3906 aequales
2718 3836 2924 3908 angelis
2950 3837 3165 3901 fuerint,
3197 3838 3344 3893 omni
3377 3852 3508 3892 sexu
3534 3837 3556 3869 ⁹
3587 3847 3642 3892 et
3684 3838 3881 3893 forma-

2292 3939 2411 3979 rum
2449 3925 2958 3995 circumscriptione
3002 3921 3306 3982 carituros?
3334 3922 3520 3996 Neque
3547 3927 3692 3981 enim
3724 3926 3881 3981 aliter

2291 4015 2547 4084 aequales
2583 4017 2663 4071 eis
2700 4026 2883 4083 erunt,
2927 4032 3103 4087 neque
3145 4019 3248 4073 hoc
3285 4017 3597 4073 incredibile
3646 4020 3877 4074 videar.

2291 4106 2565 4175 Quaedam
2590 4123 2824 4178 namque
2840 4123 3066 4180 corpora
3085 4119 3209 4164 sunt
3230 4108 3433 4179 liquida
3462 4124 3529 4165 ac
3553 4108 3881 4181 spiritualia,

2292 4202 2721 4283 circtunscriptis
2741 4203 2932 4258 turmis
2953 4204 3217 4257 carentia.
3241 4202 3393 4270 Quod
3416 4213 3598 4258 autem
3616 4203 3881 4277 liquidum

2292 4305 2349 4351 et
2380 4295 2423 4328 ³⁸
2449 4295 2727 4366 spirituale
2749 4306 2856 4361 est,
2888 4296 3319 4366 purissimaeque
3357 4294 3697 4350 substantiae
3716 4335 3731 4360 ,
3760 4310 3893 4351 eor-

601 4390 974 4439 creaturarum
1002 4382 1240 4456 disputat
1266 4383 1683 4454 quadragesimo
1709 4396 1902 4440 octavo
1925 4387 2186 4456 capitulo,
2219 4400 2267 4459 ι)
2294 4387 2569 4459 poralibus
2595 4443 2598 4447 ,
2620 4387 3013 4457 quantitatibus
3059 4404 3124 4443 ac
3164 4386 3511 4443 lineamentis
3555 4402 3652 4442 seu
3696 4378 3884 4458 aliqua

520 4480 525 4483 '
603 4484 697 4529 um
725 4473 974 4537 turrium,
1028 4487 1165 4543 quas
1203 4471 1363 4527 Ozias
1405 4474 1710 4528 aediﬁcavit
1756 4474 1810 4529 in
1861 4473 2187 4543 Jerusalem,

602 4564 873 4620 theoriam
903 4564 1174 4633 exposuit.
1205 4561 1439 4637 Angulos
1487 4565 1755 4635 fortassis,
1789 4567 1987 4639 inquit,
2018 4584 2190 4625 sermo

596 4657 909 4727 Scriptura:
935 4656 1067 4709 dixit
1096 4656 1234 4726 ipsas
1273 4672 1365 4725 per
1396 4654 1661 4712 Christum
1686 4660 1854 4729 factas
1892 4661 2191 4731 differentes

493 4746 515 4807 ζ
599 4755 965 4815 separatorum
992 4737 1353 4819 creaturarum
1375 4742 1740 4804 adunationes.
1765 4750 2031 4815 Adunavit
2054 4754 2190 4807 enim

601 4836 887 4900 hominem,
915 4836 1084 4906 ipsum
1111 4838 1393 4890 secundum
1420 4837 1713 4892 masculum
1736 4849 1783 4893 et
1806 4840 2055 4909 [catinum
2080 4843 2190 4912 dif.

602 4918 878 4990 ferentium
912 4926 1125 4996 mystice
1153 4926 1209 4979 in
1242 4927 1485 4997 spiritum
1527 4929 1792 4997 auferens,
1817 4939 1865 4985 et
1898 4935 2190 5003 proprieta-

603 5018 762 5078 ttlms.
794 5034 929 5088 quae
969 5034 1063 5088 per
1105 5020 1374 5088 passiones
1419 5031 1541 5075 sunt
1581 5022 1635 5076 in
1665 5023 1938 5091 ambobus,
1973 5025 2189 5081 liberant

604 5119 829 5163 naturae
856 5110 1109 5162 rationem
1139 5111 1474 5167 cvnstituens.
1506 5112 1768 5173 Adnuerit
1809 5127 1983 5171 autem
2014 5129 2059 5171 et
2092 5128 2193 5172 ter-

605 5214 743 5264 ram,
771 5214 905 5269 quae
931 5209 1003 5253 est
1027 5202 1311 5255 secundum
1345 5205 1637 5258 sensibitem
1667 5209 1971 5276 paradisum
2016 5223 2062 5265 et
2099 5229 2188 5268 01‘-

606 5296 719 5344 be‘m
762 5304 1048 5358 terrarum,
1100 5296 1481 5363 reparationem
1525 5297 1805 5367 experiens.
1850 5299 2112 5355 Adnnavit
2142 5315 2189 5357 et

2297 4479 2440 4534 mole
2467 4478 2877 4548 circumscripta
2906 4476 3170 4533 contineri
3211 4491 3368 4547 posse
3398 4491 3505 4531 non
3544 4476 3720 4541 video,
3751 4492 3883 4547 quo-

2296 4570 2442 4625 niam
2468 4583 2593 4624 vera
2623 4568 2763 4623 ratio
2791 4567 2916 4624 talia
2944 4568 3260 4624 existimare
3292 4582 3400 4622 non
3423 4584 3510 4624 me
3540 4567 3689 4622 sinit.
3716 4567 3885 4635 Quat-

2300 4668 2422 4716 tuor
2445 4657 2713 4729 siquidem
2743 4657 3011 4728 simplicia
3035 4656 3219 4712 muudi
3250 4656 3518 4712 elementa
3546 4656 3707 4730 multis
3727 4673 3882 4714 coar-

2299 4760 2483 4806 tantur
2525 4751 2751 4817 formis;
2798 4751 2998 4823 ubique
3038 4751 3181 4805 enim
3214 4744 3498 4805 iu'mundo
3537 4759 3685 4816 sunt,
3727 4750 3884 4822 cujus

2299 4843 2443 4899 nulla
2481 4858 2609 4913 pars
2631 4853 2717 4897 est
2744 4842 2956 4898 illorum
2986 4858 3250 4897 concursu
3273 4857 3487 4897 carens.
3513 4841 3668 4909 Quod
3701 4852 3884 4898 autem

2299 4937 2496 5008 ubique
2522 4947 2607 4992 est
2650 4938 2701 4991 in
2753 4939 2973 5003 mundo,
3018 4938 3288 5007 quomodo
3332 4936 3511 5011 aliqua
3558 4935 3734 4993 forma
3776 4938 3899 5000 εῖτ-ι,

2296 5030 2588 5089 cumscribi
2622 5032 2822 5103 possit?
2872 5031 3010 5087 Sunt
3047 5031 3210 5101 igitur
3234 5045 3465 5100 corpora
3494 5029 3683 5085 fortnis
3711 5030 3886 5093 sensi—

2298 5126 2498 5182 bilibus
2520 5125 2784 5181 carentia.
2813 5122 2951 5190 Quid
2974 5122 3040 5177 de
3068 5122 3234 5177 radiis
3252 5121 3532 5186 oculorum
3563 5121 3885 5176 dicendum!

2298 5216 2488 5273 Nonne
2521 5226 2576 5272 et
2604 5218 2703 5287 ipsi
2731 5215 2981 5288 rorporei
3014 5225 3160 5282 sunt,
3211 5215 3356 5271 omni
3390 5214 3561 5269 ferina
3589 5211 3913 5285 rarentesL

2300 5305 2358 5362 Si
2391 5319 2571 5364 autem
2600 5308 2800 5364 dixeris
2828 5306 3048 5381 angelos
3074 5306 3435 5378 intelligibilus
3460 5305 3660 5361 formas
3685 5304 3751 5372 ιλ,
3780 5304 3850 5359 ha

1902 5436 1981 5491 νΑ
1994 5437 2152 5497 ιιιΑΕ
2191 5444 2599 5503 LECTlONES.

1088 5555 1244 5645 ’.S‘ic
1274 5556 1393 5645 {217;
1427 5560 1893 5645 FdzrgtL‘egus-cst.
1930 5565 1991 5645 L‘
2025 5566 2114 5619 Sic
2139 5564 2264 5645 (Eli;
2305 5572 2444 5645 ξ-βχ
2476 5580 2627 5645 parte
2659 5571 2884 5645 animos
2908 5569 3153 5645 videlicet
3182 5576 3590 5645 Jam_ingressae
3622 5587 3685 5645 ex
3715 5585 3869 5635 parte

610 5636 828 5687 corpora
859 5626 984 5678 σᾶςο
1117 5631 1137 5655 ⁸
1166 5631 1208 5678 Α
1245 5639 1311 5684 (Ἰ,

1427 5630 1442 5658 ⁵
1479 5628 1569 5684 Sir.
1597 5628 1721 5695 CF;
1756 5636 1796 5686 Α
1831 5636 2044 5690 multus.

611 5696 637 5733 ⁸
669 5706 919 5762 apparere
936 5710 1045 5751 om.
1082 5693 1146 5750 A.

2153 5634 2172 5667 ⁶
2196 5636 2284 5693 Sir.
2308 5636 2391 5693 CF
2417 5656 2431 5703 ;
2468 5634 2512 5692 Α
2537 5642 2967 5695 intrarint-cadas.

1245 5698 1262 5731 ’
1287 5697 1378 5755 Sic
1402 5698 1525 5768 CF;
1565 5706 1604 5754 Α
1638 5708 1784 5757 omni
1811 5719 1858 5758 et
1892 5722 2020 5762 seru
2055 5719 2107 5763 et
2133 5697 2457 5765 formarum.

3063 5644 3080 5673 ⁷
3113 5640 3203 5696 8ιὸ
3231 5640 3315 5697 CF
3346 5661 3358 5705 ς
3414 5642 3453 5697 Α
3485 5643 3868 5707 superioribus.

2562 5712 2602 5743 “
2626 5713 2667 5765 Δ
2704 5729 2787 5765 ac.
2883 5711 2926 5766 Α
2957 5713 3161 5784 {armas
3199 5714 3572 5786 intelitgtbtles.
