4226 6266
562 269 668 341 899

1951 274 2237 333 JOANNIS
2276 275 2473 333 SCUTl

3748 283 3856 342 900

566 400 818 450 currente
848 400 942 455 sn,
976 389 1374 461 qnaerentluat,
1406 405 1528 444 nam
1561 389 1674 443 lure
1704 403 1907 460 paucos
1946 389 2012 445 de
2051 389 2155 444 hoe
2186 399 2229 454 Α
2257 392 2404 459 pitur
2454 391 2474 419 ⁸
2523 393 2574 444 iu
2634 403 2793 454 terra,
2856 401 2904 444 et
2951 402 3062 457 post
3117 401 3318 462 tempus
3371 403 3513 448 terra
3541 435 3555 460 ,
3612 412 3750 468 quae
3803 398 3852 452 ei

562 493 862 542 tract-antes
891 484 1087 555 reperi.

627 577 723 632 23.
754 575 897 631 Mss.
929 576 1041 632 Nec
1073 590 1175 647 ego
1209 577 1486 640 recordor,
1514 591 1600 630 me
1647 577 1698 629 in
1728 574 1911 630 latinis
1940 575 2146 630 codici-

565 670 666 729 bus
697 669 912 742 lcgisse,
944 685 1050 724 non
1091 670 1232 740 quod
1275 668 1529 722 fortassis
1566 669 1632 722 de
1678 668 1780 722 hac
1826 667 2151 736 quaestione

566 771 858 818 tractatum
889 778 917 815 a
944 763 1177 834 quodam
1210 762 1365 816 uoltis
1393 761 1570 816 adhuc
1601 761 1874 831 incognito
1910 774 2014 815 nou
2045 760 2114 813 sit
2133 801 2148 824 ,

564 864 616 907 ut
661 854 886 922 opinor;
918 869 1021 908 non
1065 853 1208 907 enim
1250 851 1547 922 putandum
1581 860 1686 912 est,
1733 851 2006 904 Romanae
2047 849 2153 902 litt—

565 960 702 1016 guae
740 954 994 1000 auctores
1025 945 1162 998 hanc
1194 960 1442 1014 magnam
1473 942 1848 1012 quaestionem
1891 942 2148 996 intactam

564 1036 1018 1107 praetermisisse,
1044 1044 1132 1089 aut
1162 1044 1397 1088 notatam
1423 1049 1529 1090 non
1561 1042 1820 1088 tractasse
1846 1047 1859 1086 :
1888 1033 1981 1086 sed
2008 1032 2151 1106 quod

569 1131 618 1184 in
666 1143 857 1183 manus
876 1137 1092 1184 nostras
1126 1128 1161 1186 ¹,
1199 1128 1242 1181 si
1271 1128 1396 1197 quid
1439 1128 1560 1181 inde
1591 1125 1873 1196 definitum
1912 1135 2014 1189 est,
2044 1142 2149 1179 non

565 1221 826 1292 pervenit.
862 1220 1092 1287 Ideoque
1121 1220 1246 1272 dum
1280 1218 1370 1272 diu
1399 1231 1496 1288 per
1525 1233 1608 1271 me
1630 1217 1803 1284 ipsum
1833 1215 1897 1270 de
1930 1215 2032 1270 hoc
2059 1229 2149 1268 co-

569 1313 826 1385 gitabant,
868 1311 944 1364 nil
994 1310 1137 1364 aliud
1189 1309 1320 1362 mihi
1367 1307 1708 1369 occurrebat,
1751 1315 1969 1376 praeter
2007 1304 2149 1372 quod

565 1401 896 1456 resurrectio
937 1409 1274 1455 mortuorum
1307 1397 1636 1468 generaliter
1674 1395 1939 1454 bonorum
1982 1395 2155 1450 ntale-

565 1507 795 1564 rntnque
842 1507 946 1547 non
989 1490 1091 1546 nisi
1139 1489 1254 1542 sola
1307 1485 1704 1557 Redemptoris
1740 1485 1926 1540 mundi
1973 1485 2148 1556 gratia

563 1587 742 1638 l'ntura
770 1584 862 1646 sit,
893 1581 1036 1636 nulla
1065 1577 1299 1634 naturali
1328 1579 1526 1634 virtute
1547 1585 1796 1647 cogente,
1821 1575 1880 1630 in
1915 1585 2145 1640 tantum,

569 1687 628 1729 nt
663 1676 705 1729 si
749 1675 892 1730 Deus
922 1671 1153 1726 Verbum
1180 1685 1309 1724 caro
1331 1668 1532 1724 factum
1573 1685 1679 1724 non
1721 1667 1896 1733 fieret,
1927 1677 1981 1722 et
2011 1668 2150 1723 inter

565 1767 814 1820 homines
843 1774 1196 1818 conversatus
1233 1776 1337 1816 non
1367 1769 1550 1825 esset,
1580 1770 1632 1814 et
1665 1769 1833 1814 totam
1859 1759 2152 1816 humanam

579 1868 825 1912 naturam
860 1871 964 1909 non
997 1856 1299 1922 reciperet,
1331 1852 1382 1907 in
1410 1867 1514 1924 qua
1545 1866 1734 1923 passus
1768 1860 1852 1907 est
1881 1861 1936 1906 et
1956 1867 2153 1906 resur-

578 1951 740 2012 rexit,
772 1947 910 2001 nulla
943 1957 1277 2002 mortuorum
1324 1943 1654 2000 resurrectio
1683 1942 1841 1998 foret.
1877 1942 1941 1997 Et
1977 1953 2036 1997 ut
2075 1943 2153 1999 sic

574 2029 966 2112 intelligerent,
1006 2054 1074 2095 eo
1109 2038 1256 2110 quod
1298 2037 1410 2110 ipse
1454 2037 1622 2100 dixit,
1651 2043 1919 2091 attractus
1957 2050 2148 2091 eram:

577 2131 688 2205 Ego
725 2148 840 2187 sunt
881 2129 1191 2185 resurrectio
1219 2138 1266 2181 et
1298 2130 1446 2194 vita;
1483 2140 1545 2183 ac
1576 2127 1620 2182 si
1652 2140 1747 2198 per
1775 2124 1943 2181 solam
1976 2125 2156 2182 incar-

565 2203 1032 2294 iratiouemipsius
1048 2232 1069 2264 ³
1087 2221 1462 2294 generalepoc
1485 2220 1709 2284 donum,
1732 2217 1881 2275 nullo
1901 2227 2150 2288 excepto,

566 2334 741 2390 genus
779 2319 1078 2372 humanum
1106 2313 1377 2384 acceperit
1405 2309 1448 2379 ³,
1482 2312 1931 2367 resurrectionem
1966 2309 2154 2365 videli-

567 2419 653 2463 cet
684 2427 712 2462 a
745 2407 1000 2472 mortuis,
1031 2406 1134 2460 hoc
1179 2413 1262 2460 est
1294 2403 1691 2458 restitutionem
1729 2409 1785 2457 et
1813 2401 2154 2473 redintegra-

567 2504 770 2554 tioncm
821 2499 986 2554 tetius
1035 2498 1271 2553 hominis
1317 2504 1583 2556 naturae,
1626 2507 1767 2566 (litae
1822 2506 2053 2564 corpore
2097 2501 2152 2546 et

570 2593 750 2645 anima
786 2590 1079 2644 constituta
1116 2597 1219 2643 est.
1252 2587 1308 2640 Si
1342 2594 1522 2641 autem
1562 2585 1657 2640 Dei
1692 2582 1929 2640 Verbum
1963 2585 2160 2639 huma-

565 2698 694 2739 nani
731 2697 977 2737 naturam
1011 2688 1117 2736 non
1158 2681 1489 2751 susciperet,
1520 2686 1575 2734 et
1603 2674 1672 2733 'in
1707 2693 1771 2733 ea
1810 2694 1875 2732 ex
1925 2678 2153 2736 mortuis

571 2793 676 2832 non
712 2783 1050 2844 resurgeret,
1081 2773 1260 2827 nullus
1307 2772 1530 2828 omnino
1566 2769 1978 2827 resurrectionis
2029 2785 2152 2844 gra-

566 2872 698 2922 tiam
727 2867 974 2930 haberet,
1000 2865 1117 2929 sed,
1140 2863 1284 2918 sicut
1310 2873 1617 2918 ceterorum
1645 2859 1960 2917 animalium
1991 2860 2148 2913 cada-

565 2977 715 3026 vera,
759 2962 810 3014 in
841 2971 1058 3014 terreno
1083 2958 1302 3028 pulvere
1332 2953 1720 3028 perpetualiter
1755 2955 1990 3010 humana
2030 2968 2150 3006 eor.

567 3069 696 3124 pora
747 3059 1150 3122 permanerent.
1193 3047 1310 3105 Hoc
1359 3049 1524 3102 etiam
1572 3041 1869 3117 putabam,
1926 3044 2151 3100 audiens

567 3145 884 3218 Apostnltnn
930 3145 1230 3207 dicentem,
1269 3141 1412 3212 quod
1441 3139 1582 3194 Deus
1626 3135 1849 3193 Verbum
1880 3137 1945 3191 sit
1970 3136 2152 3207 primi-

567 3242 670 3291 tiae
717 3247 1064 3291 mortuorum.
1111 3232 1258 3287 llaec
1293 3243 1412 3287 erat
1471 3245 1589 3286 mea
1642 3230 1710 3283 tle
1757 3227 2156 3287 rcsnrrcetione

571 3339 910 3384 mortuorum
952 3326 1154 3396 opinio.
1191 3325 1296 3379 Sed
1323 3332 1606 3395 postquam
1647 3322 1818 3377 sancti
1845 3319 2152 3391 Epiphauii,

565 3421 804 3492 episcopi
829 3417 1176 3475 Constantine
1203 3416 1389 3490 Cypri,
1411 3417 1742 3471 Ancoratum
1766 3411 1787 3443 ⁵
1809 3410 1952 3485 [seu]
1979 3412 2023 3449 δ’
2041 3426 2158 3466 ser-

569 3499 783 3568 inonem
811 3513 876 3567 de
912 3510 1039 3565 Fide
1083 3509 1208 3580 legi,
1237 3509 1525 3578 magnique
1545 3506 1790 3574 Gregorii
1814 3503 2069 3574 Theologi
2092 3504 2160 3558 de

573 3605 811 3672 lmaginc
841 3601 1281 3672 disputationem,
1315 3599 1516 3654 mutavi
1558 3596 1906 3660 sententiam,
1937 3604 1997 3649 ut
2039 3593 2158 3650 illo-

575 3713 693 3752 rum
740 3691 1050 3747 auctoritati
1105 3689 1473 3754 consentiens,
1516 3701 1802 3758 meamque
1843 3686 2156 3756 opinionem

570 3784 966 3857 parvipendens
999 3781 1042 3848 ⁸,
1067 3781 1521 3837 resurrectionem
1550 3788 1883 3838 mortuorum
1927 3776 2160 3831 naturali

567 3881 769 3933 virtute
797 3875 1032 3930 futuram
1057 3887 1178 3929 esse
1205 3873 1580 3927 concederem.
1603 3870 1838 3940 Ideoque
1862 3868 2156 3925 eorundem

571 3971 733 4025 νίιι-ὶκι
775 3967 899 4023 huic
943 3959 1159 4021 nostrae
1204 3964 1474 4034 praesenti
1525 3959 1874 4032 disputationi
1919 3961 2160 4016 inserere

578 4079 684 4118 non
711 4061 1065 4131 inccttgruutn
1100 4055 1357 4128 iudicavi.
1394 4053 1680 4109 Praefatus
1722 4053 1904 4122 itaque
1931 4051 2161 4122 Epipha-

573 4151 702 4207 nius
727 4190 744 4213 ,
774 4149 841 4204 de
901 4147 1302 4202 resurrectione
1341 4145 1658 4215 disputans,
1688 4143 2034 4212 Graecosque
2083 4157 2160 4196 re-

571 4240 966 4298 surrectionem
986 4237 1208 4293 onmiuo
1233 4248 1494 4307 negantes
1513 4235 1861 4300 convincens,
1878 4233 2012 4288 haec
2036 4233 2111 4287 ait
2143 4253 2159 4287 ι

575 4332 764 4392 Graeci
789 4332 1000 4403 quidem
1021 4331 1227 4402 penitus
1253 4329 1683 4384 resurrectionem
1712 4325 2109 4396 negant,l)eum
2140 4325 2160 4355 ⁸

2255 483 2618 538 commendata
2670 493 2814 547 sunt,
2860 484 3050 538 reddit.
3111 481 3326 540 Semina
3371 489 3664 556 genuinum
3703 491 3853 544 senti-

2255 583 2470 637 nantur,
2502 584 2549 626 et
2595 574 2824 643 primunt
2874 574 3202 640 moriuntur;
3240 575 3287 628 si
3316 577 3455 630 enim
3481 593 3585 632 non
3616 580 3850 633 moriun-

2255 674 2360 728 tur,
2418 681 2520 718 nou
2553 665 2903 734 viri/icantur.
2947 664 3239 735 Signa'cula
3281 666 3336 721 in
3380 669 3528 724 nolis
3556 667 3697 724 Deus
3725 669 3849 739 fecit

2254 756 2654 811 resurrectionis
2699 773 2794 827 per
2839 774 3035 827 ungues
3075 759 3254 813 decem
3282 769 3332 812 et
3363 760 3539 816 decem
3559 801 3574 825 ,
3608 764 3845 818 testimo-

2252 848 2399 900 nium
2456 847 2730 918 perhibent
2759 849 2825 904 de
2852 859 3030 904 nostra
3060 866 3168 920 spe.
3234 849 3345 906 Sed
3382 860 3433 905 et
3462 851 3539 907 sic
3579 869 3673 924 per
3698 869 3850 911 coro-

2255 956 2378 995 nam
2421 939 2631 1006 capitis,
2661 956 2851 1012 perque
2896 941 3114 1012 capillos
3155 951 3388 998 nostram
3415 946 3848 1000 resurrectionem

2252 1031 2540 1100 praedicat.
2588 1031 2743 1098 Quod
2765 1034 2904 1087 enim
2929 1033 3135 1087 videtur
3176 1033 3232 1088 in
3261 1035 3411 1088 nobis
3438 1045 3702 1089 mortuum
3731 1051 3852 1090 cor-

2253 1141 2373 1192 pus,
2407 1125 2504 1178 noc
2530 1135 2628 1190 est,
2652 1125 2854 1196 capilli,
2874 1126 3106 1198 quotidie
3138 1129 3321 1195 secuti,
3345 1135 3393 1182 et
3427 1144 3626 1199 ungues
3655 1130 3848 1191 ite-ruas

2254 1229 2489 1270 crescunt
2513 1224 2558 1282 9,
2611 1218 2968 1289 signiﬁcantes
2999 1221 3398 1275 resurrectionis
3447 1223 3610 1295 spem.
3643 1221 3713 1278 Et
3739 1238 3847 1281 non

2255 1320 2329 1364 est
2358 1310 2657 1380 fabulosum
2684 1313 2858 1367 dicere
2893 1323 3107 1383 propter
3134 1313 3435 1370 incredulos
3478 1317 3719 1387 exempla
3749 1335 3854 1372 na-

2253 1411 2423 1454 turne.
2473 1399 2754 1456 Palumbes
2800 1420 2944 1468 ares,
2977 1403 3232 1459 animalia
3284 1419 3386 1460 non
3415 1407 3572 1462 simul
3607 1407 3849 1464 uelociter

2255 1493 2510 1557 uolantia,
2537 1495 2838 1548 moriuntur
2881 1506 3211 1563 semenstres,
3259 1506 3309 1549 et
3342 1507 3456 1565 post
3491 1498 3848 1569 quadraginta

2254 1583 2365 1637 dies
2392 1585 2638 1638 continuo
2670 1586 3000 1644 reviviscunt.
3052 1585 3300 1660 κάνθαροι
3355 1625 3371 1652 ,
3395 1588 3494 1641 hoc
3527 1600 3602 1642 est
3628 1587 3849 1642 scabro-

2257 1691 2370 1740 nes,
2396 1674 2634 1744 futuram
2656 1677 2737 1730 sui
2767 1687 2985 1732 mortem
3015 1677 3312 1742 sentientes,
3343 1680 3400 1731 in
3429 1678 3702 1748 sphaeram
3730 1679 3849 1747 ﬁmi

2253 1783 2309 1834 se
2332 1766 2467 1836 ipsos
2514 1767 2863 1832 abscondunt,
2903 1766 3209 1840 sepelientes
3257 1768 3426 1839 ipsam
3473 1770 3750 1840 sphaeram
3791 1770 3848 1825 in

2253 1868 2395 1913 terra
2441 1869 2490 1914 et
2539 1859 2848 1924 obruentes;
2899 1877 2962 1914 ac
3006 1862 3082 1918 sic
3134 1878 3198 1918 ea:
3231 1878 3328 1918 suo
3380 1865 3598 1919 humore
3652 1864 3845 1918 iterum

2252 1948 2588 2006 inveniuntur
2631 1966 2697 2003 ea:
2722 1951 2835 2004 suis
2881 1950 3113 2023 reliquiis
3157 1953 3538 2010 reviviscentes.
3574 1953 3648 2008 De
3674 1950 3848 2007 Phoe-

2255 2039 2372 2095 nice
2417 2054 2512 2093 aue
2563 2037 2791 2094 Arabica
2827 2043 3152 2112 superﬂuum
3206 2025 3442 2099 milti‘est
3473 2044 3681 2110 dicere;
3724 2043 3846 2115 jous

2255 2146 2482 2200 namque
2529 2130 2584 2183 in
2631 2145 2786 2185 aures
2819 2131 3104 2187 multorum
3135 2135 3270 2188 uenit
3298 2133 3536 2204 ﬁdelium
3578 2145 3624 2189 et
3655 2135 3852 2204 tnﬁtlk

2252 2219 2403 2275 lium.
2438 2218 2583 2275 Haec
2638 2233 2714 2286 est
2747 2232 2920 2277 autem
2951 2224 3116 2292 ipsius
3141 2243 3324 2280 causa.
3356 2226 3843 2298 Quingentesiutum
3865 2241 3884 2261 '

2253 2327 2452 2366 annum
2503 2329 2756 2383 peragens
2790 2315 3086 2383 praenoscit
3133 2325 3336 2386 tempus
3374 2316 3555 2371 mortis
3603 2333 3734 2371 suae
3763 2318 3844 2371 ino-

2253 2411 2414 2461 stare'.
2474 2406 2786 2477 Sepulcrum
2824 2409 2962 2463 enim
3005 2419 3259 2481 operatur
3285 2412 3636 2476 armantibus,
3674 2411 3842 2478 illud-

2253 2514 2354 2568 que
2375 2498 2548 2568 ferens
2577 2500 2712 2553 venit
2743 2500 2798 2553 in
2825 2499 3083 2554 civitatem
3111 2499 3501 2572 Aegyptiorum,
3529 2520 3666 2572 quae
3690 2519 3843 2560 voco-

2252 2597 2342 2642 tur
2370 2587 2648 2660 Eliopolis,
2680 2589 2736 2644 id
2768 2599 2842 2644 est
2889 2590 3018 2645 solis
3070 2592 3276 2656 civitas,
3309 2602 3355 2646 et
3380 2593 3577 2664 plantis
3611 2596 3722 2650 suis
3749 2611 3834 2665 pe-

2253 2688 2398 2733 ctora
2425 2695 2523 2733 sua
2555 2679 2777 2735 multum
2824 2682 3140 2750 percutiens,
3177 2677 3348 2752 ignem
3393 2683 3457 2737 de
3487 2700 3584 2739 suo
3626 2699 3848 2757 corpore

2251 2767 2542 2839 proferens,
2576 2769 2805 2834 incendit
2853 2768 3147 2840 subjectum
3185 2771 3242 2827 in
3284 2771 3398 2826 loco
3457 2773 3686 2843 sepulcri
3723 2789 3842 2828 mu-

2251 2858 2461 2923 teriam,
2516 2875 2581 2913 ac
2613 2859 2689 2913 sic
2734 2857 2961 2930 seipsum
2995 2869 3163 2916 totum
3192 2861 3473 2928 comburit,
3521 2873 3568 2916 et
3613 2862 3657 2896 ¹⁰
3705 2873 3845 2917 totus

2253 2967 2436 3007 carnes
2464 2968 2588 3008 suas
2619 2968 2738 3007 cum
2777 2952 2998 3007 ossibus.
3052 2951 3242 3009 Divina
3289 2965 3465 3010 autem
3503 2957 3846 3012 administra-

2258 3046 2396 3100 tione
2421 3045 2580 3100 nubes
2603 3047 2851 3111 mittitur,
2876 3054 2924 3100 et
2949 3045 3104 3116 pluit,
3132 3057 3179 3103 et
3208 3048 3489 3117 exstinguit
3513 3065 3702 3120 corpus
3733 3051 3848 3104 aris

2214 3140 2226 3154 ‘
2259 3138 2646 3198 consumentetn
2684 3140 2724 3171 ¹¹
2769 3140 3062 3210 ﬂammant,
3090 3149 3299 3197 mortua
3324 3141 3533 3211 quidem
3571 3141 3688 3210 jam
3735 3143 3847 3197 easi-

2257 3241 2418 3287 stente
2441 3247 2558 3298 sue,
2579 3240 2628 3286 et
2647 3233 2853 3301 penitus
2873 3231 3123 3297 ardente;
3146 3233 3402 3287 exstincta
3430 3245 3606 3288 autem
3627 3234 3847 3304 [lamina

2259 3324 2514 3396 reliquiae
2535 3325 2709 3380 carnis
2739 3323 2853 3394 ejus
2878 3334 3216 3394 consumptae
3246 3322 3638 3396 relinquuntur,
3666 3335 3716 3380 et
3756 3341 3851 3398 per

2258 3429 2420 3469 unam
2445 3414 2583 3470 diem
2608 3429 2712 3468 non
2739 3423 3070 3484 apparentes,
3095 3430 3318 3470 uermem
3347 3417 3586 3486 gignunt,
3617 3418 3707 3488 qui
3738 3433 3850 3472 rer-

2257 3507 2360 3560 mis
2389 3505 2686 3577 pluntescit,
2723 3515 2770 3560 et
2812 3521 2974 3561 norus
3017 3505 3101 3575 fit,
3139 3507 3296 3564 tertia
3333 3507 3422 3562 die
3467 3507 3754 3574 solidatur,
3798 3518 3850 3564 et

2257 3598 2516 3653 solidatas
2571 3595 2743 3650 locum
2773 3595 3156 3666 inquirentibus
3203 3604 3252 3650 et
3280 3597 3703 3654 ministrantibus
3734 3596 3852 3652 loco

2259 3708 2314 3746 se
2359 3692 2530 3760 ipsum
2581 3690 2909 3761 manifestat,
2965 3699 3014 3744 et
3056 3691 3251 3747 iterum
3312 3693 3369 3749 in
3427 3709 3580 3748 suam
3628 3695 3851 3752 recurrit

2259 3780 2508 3855 patriam,
2550 3779 2690 3834 unde
2719 3781 2871 3844 venit,
2899 3790 2947 3832 et
2996 3780 3298 3834 combustus
3322 3783 3639 3851 jurenescit.
3683 3783 3853 3838 Audi-

2261 3871 2331 3926 sti
2368 3870 2747 3940 Epiphanium.
2783 3869 2842 3923 Si
2884 3885 3018 3940 ergo
3065 3869 3122 3925 in
3150 3863 3528 3932 restaurandis
3573 3872 3736 3928 rebus
3761 3873 3855 3933 bu-

2263 3959 2518 4029 maniqne
2565 3961 2810 4028 corporis
2845 3960 3094 4028 partibus
3147 3951 3412 4018 naturalis
3441 3962 3524 4016 vis
3568 3971 3852 4034 operatur,

2263 4051 2432 4121 inque
2467 4050 2792 4104 anitnalibus
2820 4050 3284 4108 irrationabilibtls
3333 4053 3743 4118 resuscitaudis,
3794 4063 3856 4108 ut

2263 4143 2492 4213 praefati
2546 4143 2784 4198 auctoris
2814 4143 3114 4215 approbant
3139 4144 3383 4215 exempla
3420 4163 3436 4198 :
3469 4145 3601 4215 quid
3629 4146 3854 4211 mirum,

2265 4237 2308 4291 si
2355 4234 2534 4290 vitalis
2563 4230 2638 4289 'et
2672 4235 2939 4291 naturalis
2986 4235 3186 4302 virtus,
3211 4251 3353 4307 quae
3392 4252 3673 4308 nunquam
3725 4239 3856 4294 sub-

2265 4325 2520 4380 stantiam
2569 4326 2928 4381 humanorum
2959 4339 3247 4396 corporum
3289 4326 3510 4394 deserit,
3557 4328 3612 4383 in
3644 4337 3857 4386 tantum

572 4427 872 4498 ignorantes
920 4423 1137 4493 ejusque
1177 4421 1462 4484 mandata;
1514 4431 1850 4474 veruntamen
1893 4430 2158 4490 resurgeut
2193 4453 2238 4510 ο
2267 4417 2560 4488 praevalet,
2609 4425 2669 4472 ut
2696 4418 2865 4489 ipsius
2889 4417 3206 4489 operatione
3243 4417 3357 4491 ipsa
3386 4435 3616 4490 corpora
3666 4422 3736 4476 ad
3767 4423 3854 4488 vi-

579 4521 736 4574 etiam
779 4515 1031 4570 nolentes.
1067 4512 1191 4585 Ipsa
1224 4513 1359 4568 enim
1404 4521 1647 4566 creatura
1679 4510 1836 4580 plane
1857 4527 1946 4565 eos
1975 4510 2158 4565 redar—

579 4615 713 4683 guit,
771 4607 1114 4675 manifestans
1171 4604 1402 4675 quotidie
1459 4603 1856 4656 resurrectionis
1908 4603 2153 4670 formam.

582 4701 786 4755 Occidit
824 4714 1048 4766 namque
1068 4697 1203 4761 dies,
1233 4708 1281 4750 et
1325 4706 1649 4750 mortuorum
1687 4695 1973 4750 imbuimur
1998 4695 2016 4726 "
2049 4710 2158 4748 rno-

578 4794 746 4856 dum;
785 4791 966 4843 ablata
1006 4801 1153 4843 nocte
1190 4787 1508 4848 oritardics,
1532 4803 1625 4841 uos
1664 4787 1952 4857 inspirans,
1987 4797 2036 4840 et
2082 4803 2164 4841 re-

588 4885 927 4940 surrectionis
970 4883 1176 4952 signum
1212 4882 1507 4935 insinuans.
1556 4879 1889 4951 Colliguntur
1935 4880 2162 4948 fructus,

578 4987 624 5030 et
683 4985 850 5028 status
895 4974 1242 5042 praesentium
1292 4983 1521 5035 secatur,
1575 4985 1784 5026 nostrae
1828 4974 1948 5025 hinc
1990 4982 2164 5026 trans-

593 5067 899 5120 mutatiouis
943 5057 1163 5136 deﬁnita
1209 5082 1411 5135 speete,
1451 5066 1740 5119 sentiuntur
1778 5075 1917 5118 terra
1964 5075 2008 5117 et
2050 5079 2164 5130 pro-

593 5162 778 5223 ducit,
850 5161 977 5230 quia
1043 5157 1278 5225 deposita
1340 5159 1540 5210 semina
1609 5168 1722 5228 post
1788 5173 2047 5220 messem,
2113 5155 2165 5208 id

584 5262 686 5314 est,
737 5261 858 5322 post
911 5247 1284 5303 collectionem
1329 5250 1565 5323 frugum,
1595 5260 1883 5317 resurgant.
1940 5245 2167 5301 Locusta

523 5325 536 5336 ﬁ
583 5356 790 5398 mortua
843 5355 892 5396 et
945 5341 1182 5410 sepulta,
1230 5340 1367 5410 quod
1417 5357 1482 5394 ex
1529 5358 1589 5395 ea
1641 5337 1956 5409 profectum,
1989 5339 2162 5392 conci-

2269 4518 2377 4562 tam
2407 4508 2785 4574 restituantur,
2813 4518 2869 4562 et
2895 4509 2966 4564 ad
3010 4509 3178 4566 tatius
3209 4510 3484 4567 humanae
3511 4521 3740 4572 naturae
3768 4515 3856 4571 in-

2263 4597 2568 4666 tegritatem
2583 4597 2607 4648 ?
2625 4595 2944 4653 Ceterarum
2965 4613 3204 4671 namque
3221 4600 3558 4667 animalium,
3581 4605 3856 4666 omnium-

2263 4705 2367 4759 que
2397 4704 2578 4746 rerum
2605 4689 2945 4746 sensibilium
2974 4690 3186 4746 diversa
3218 4701 3275 4747 et
3307 4692 3562 4762 specialia
3598 4682 3859 4768 corpora,

2264 4786 2520 4857 quoniam
2562 4794 2618 4839 et
2657 4784 2709 4838 in
2754 4783 2887 4856 ipsis
2924 4783 3105 4838 vitalis
3133 4793 3335 4851 motus,
3358 4786 3486 4842 dum
3518 4786 3718 4846 formis
3742 4793 3863 4852 suis

2264 4880 2634 4944 continentur,
2686 4879 2913 4947 rigetet
2961 4883 3159 4943 movet,
3190 4878 3321 4934 dum
3367 4879 3683 4948 solvuntur,
3711 4881 3858 4951 silet,

2267 4985 2607 5041 nequaquam
2658 4979 2840 5024 tamen
2872 4983 3063 5026 eorum
3107 4969 3466 5026 substantiam
3511 4971 3738 5039 deserit,
3767 4989 3860 5046 3c.-

2268 5059 2530 5116 neraliter
2552 5060 2893 5114 cummundo
2919 5059 3227 5115 transibunt
3255 5059 3322 5125 “,
3356 5074 3423 5115 eo
3466 5063 3625 5119 modo
3676 5071 3857 5126 trans—

2269 5151 2454 5216 eundi,
2505 5150 2572 5205 de
2597 5165 2707 5221 quo
2745 5149 2899 5220 plura
2929 5149 3178 5220 συνθείης
3208 5153 3580 5214 tractavimus.
3602 5154 3698 5210 .Et
3724 5167 3860 5228 quo-

2271 5243 2418 5298 niam
2448 5238 2640 5297 cnncta
2671 5240 2953 5298 sensibilis
2991 5247 3048 5297 et
3080 5239 3438 5312 intelligibilia
3489 5243 3541 5298 in
3588 5239 3862 5305 huntanae

2272 5348 2502 5392 naturae
2545 5333 2882 5404 plemtudine
2906 5332 3122 5388 condita
3154 5341 3299 5401 sunt,
3344 5350 3474 5390 num
3503 5335 3701 5392 rationi
3732 5338 3851 5394 resi-

1902 5448 2153 5505 VARIAE
2197 5444 2602 5504 lECTthES.

658 5578 671 5606 τ
701 5575 788 5627 Sic
820 5569 902 5624 CF
928 5613 943 5632 ,
975 5573 1025 5636 _A
1053 5585 1212 5624 meas.
1291 5568 1309 5598 ’
1341 5566 1433 5622 διε
1469 5563 1814 5638 (ΖιῖςίᾹᾹελιμ.
1891 5563 1915 5595 ³
1950 5561 2036 5621 CF
2071 5533 2400 5638 uigiliam;
2421 5563 2443 5596 δ
2471 5559 2566 5638 Sic
2589 5556 2659 5638 Cl;
2686 5553 2769 5611 CF
2801 5567 3156 5638 accuratum;
3209 5557 3259 5638 ⁸⁸,
3274 5576 3366 5614 seu
3521 5519 3666 5638 -Δϐέ
3689 5561 3852 5638 Ladd.

920 5642 942 5676 ⁸
965 5635 1006 5695 Ᾱ
1046 5655 1234 5708 parum
1271 5639 1519 5710 pendens
1597 5635 2009 5710 ‘__A'Dounnum

584 5663 649 5700 es
702 5643 842 5713 conj.
920 5643 1006 5695 ⁸Α
1046 5655 1234 5708 parum
1271 5654 1388 5710 pem

584 5713 697 5763 CF‘:
758 5716 799 5763 Α
835 5717 1065 5763 crescent
1181 5710 1222 5740 “
1254 5713 1298 5763 Δ
1324 5727 1388 5761 αι·

580 5713 622 5775 C
637 5716 697 5780 ἢ
758 5716 800 5767 Α
835 5717 1065 5767 crescent

2128 5632 2149 5664 ¹
2186 5628 2283 5687 Sic
2315 5628 2401 5687 LF
2426 5673 2440 5695 ,
2483 5634 2522 5682 Α
2550 5631 2786 5684 inritatur

1490 5707 1520 5738 "
1579 5705 1664 5761 CF
1704 5715 2113 5758 consumantem.
2153 5704 2313 5774 (sic!)
2395 5703 2435 5741 "
2470 5700 2557 5755 Sic
2601 5700 2685 5755 CF
2714 5743 2729 5768 ,
2762 5701 3069 5756 Atransibit

2900 5633 2930 5671 ο
2953 5628 3048 5702 Sic
3074 5623 3156 5684 CF
3186 5675 3199 5696 ,
3232 5630 3279 5686 Δ
3305 5634 3637 5702 conspicitur.
3690 5623 3742 5665 ’⁸
3770 5636 3862 5695 Sic
