4226 6272
314 5690 323 5699 '
408 5697 525 5742 sum
549 5682 607 5735 in
652 5681 1025 5740 subtilitatem.

389 328 503 391 aer
574 291 590 319 θ’

1239 331 1332 389 es
1370 327 1716 390 amemur:
1753 328 2106 387 annuas.
2145 359 2217 370 -
2252 327 2457 386 uasa
2495 327 2823 400 QUINTUS.

3566 332 3671 391 909

388 444 502 505 stit.
533 443 580 500 si
606 450 776 499 totum
818 442 1080 525 mundun.
1132 456 1255 501 cum
1285 446 1543 504 omnibus
1570 448 1686 505 suis
1734 445 1983 518 partibus
2009 455 2059 512 Α
2085 456 2227 525 rere,
2275 456 2437 512 quam
2482 456 2714 513 corpora
2764 442 2818 497 in
2861 436 3157 498 caelestem
3185 441 3500 513 qualitatem
3542 460 3677 501 οων·
3747 462 3753 467 '

390 543 639 606 tempore
678 520 1045 589 restitutionis
1100 534 1272 606 ipsius
1315 547 1566 604 naturae,
1602 538 1655 594 in
1694 551 1802 608 qua
1839 544 1985 593 totus

389 623 721 688 continetur,
772 622 1012 693 generali
1055 625 1288 694 quadam
1339 628 1757 684 resurrectionis
1803 625 1986 697 specie

391 725 826 773 resurrecturum
843 712 1241 772 deliberemus?
1254 717 1583 773 Praesertim
1598 734 1722 774 cum
1737 717 1984 774 omnium

390 803 747 867 sensibilium.
780 806 909 861 dum
941 806 996 861 in
1042 821 1103 877 se
1131 808 1246 879 ipsa
1276 808 1309 847 ⁸·
1333 809 1714 865 consideratur
1763 820 1982 873 natura,

392 912 497 954 una
545 898 844 969 eademque
890 882 1240 970 perspicitur,
1288 909 1346 955 et
1391 900 1447 956 in
1488 900 1593 956 hoe
1631 900 1835 955 mundo
1876 914 1986 955 non

390 990 822 1062 magnitudinem
868 1006 1164 1062 corporeae
1194 992 1370 1057 molis,
1415 993 1519 1049 sed”
1562 992 1985 1065 incorporalium

391 1081 818 1159 substantiarum
855 1083 1236 1139 adunatiouem
1261 1087 1467 1154 absque
1500 1086 1645 1139 oinui
1685 1084 1903 1140 cumulo
1931 1094 1987 1139 et

392 1173 632 1245 partium
663 1176 1084 1246 cxaggeratioue
1103 1176 1187 1230 vel
1233 1178 1629 1248 compositione
1651 1192 1780 1231 vera
1804 1176 1987 1233 consi-

391 1265 547 1323 derat
570 1265 709 1320 ratio
733 1281 748 1319 :
780 1265 923 1321 sicut
966 1267 1020 1322 in
1066 1268 1295 1323 monade
1322 1278 1377 1324 et
1401 1270 1453 1323 in
1473 1278 1663 1325 centro
1688 1286 1795 1326 non
1816 1286 1985 1342 quan-

394 1360 603 1413 titatem
629 1358 710 1413 vel
731 1358 1052 1428 qualitatem
1100 1374 1451 1416 numerorum
1480 1370 1534 1416 et
1565 1361 1854 1426 linearum,
1890 1360 1987 1416 sed

392 1447 565 1505 solam
597 1447 873 1513 virtutem,
900 1462 1041 1520 quae
1072 1448 1218 1504 nulla
1248 1450 1406 1515 mole,
1436 1450 1585 1509 nullo
1612 1448 1987 1522 spatio,'nulla

391 1537 699 1607 quantitate
747 1546 802 1594 et
852 1537 1116 1608 qualitate
1150 1527 1643 1608 circumscribitur,
1703 1530 1985 1613 perapicit.

393 1629 492 1685 Est
510 1630 656 1685 enim
689 1638 801 1685 tota
828 1645 925 1703 per
949 1641 1121 1687 totum
1146 1633 1199 1688 in
1224 1633 1424 1707 seipsa,
1446 1633 1599 1689 nullo
1615 1633 1733 1690 loco
1756 1632 1987 1698 ambita,

393 1721 544 1786 nullo
571 1733 816 1794 tempore
845 1733 1009 1780 mota.
1041 1723 1277 1783 Proinde
1318 1727 1365 1783 si
1394 1726 1449 1782 in
1482 1726 1836 1783 universitate
1862 1740 1985 1781 sen-

2080 548 2264 599 versa,
2306 544 2577 605 omneque
2618 542 2899 589 terrenum
2941 532 3325 592 universaliter
3348 533 3676 606 deponentis

2082 625 2406 689 existimari,
2424 624 2675 681 sensibus
2694 610 3005 681 mortalium
3037 624 3600 695 incomprehensibilia
3629 632 3677 692 ο,

2082 717 2347 787 omnique
2393 714 2549 772 locali
2595 714 3102 787 circumscriptione
3148 716 3346 773 libera.
3413 714 3475 772 Si
3528 716 3678 770 enim

2082 809 2350 882 simplicia
2397 810 2582 864 mundi
2630 805 2794 877 hujus
2834 806 3206 877 corruptibilis
3250 805 3520 865 elementa
3546 847 3562 873 ,
3620 817 3677 859 ιιι

2084 918 2248 974 saepe
2288 904 2565 967 diximus,
2611 914 2817 967 omne,
2863 901 3011 972 quod
3057 900 3201 957 intra
3245 898 3513 956 ambitum
3557 896 3680 968 ejus

2081 997 2414 1061 continetur,
2437 1003 2741 1065 penetrant,
2769 993 3515 1064 nulliusque‘circumscripti
3548 1007 3677 1048 cor-

2084 1087 2237 1159 poris
2273 1085 2517 1142 deusitas
2552 1084 2752 1151 obstat,
2786 1101 2869 1147 ,ue
2910 1083 3130 1155 ubique
3157 1084 3215 1139 in
3253 1082 3440 1141 omnia
3482 1082 3686 1140 ώσω».

2085 1178 2319 1234 dantur:
2349 1178 2600 1248 quisnam
2626 1178 2694 1232 de
2728 1174 2961 1231 visibilis
2986 1174 3144 1243 hujus
3172 1174 3458 1231 machinae
3480 1184 3678 1232 natura

2085 1270 2374 1347 diligenter
2417 1269 2853 1343 disputantium,
2922 1267 3149 1339 ejusque
3208 1266 3609 1325 catholicorum
3655 1268 3680 1303 '

2085 1361 2447 1419 subtilitatem
2498 1375 2567 1417 ac
2612 1359 2777 1416 veluti
2838 1359 3114 1427 quandam
3174 1358 3715 1430 incorporalitatem-

2086 1454 2293 1510 mentis
2336 1439 2583 1509 contuitu
2625 1450 3091 1523 investigautium,
3143 1465 3249 1505 non
3298 1449 3683 1509 incunctanter

2089 1551 2327 1609 asserat,
2355 1527 2485 1599 aera
2534 1541 2913 1600 tenuissimum
2952 1540 3135 1599 omnia
3173 1540 3434 1598 caelestia
3473 1550 3531 1598 et
3572 1552 3686 1598 ter-

2088 1633 2326 1705 restria,
2372 1648 2585 1691 necnon
2611 1642 2668 1689 et
2702 1634 2860 1689 aérea
2905 1640 2963 1688 et
3002 1631 3290 1703 Neptunia,
3320 1632 3467 1689 nullo
3491 1633 3680 1690 obsta-

2087 1726 2207 1782 culo
2246 1726 2594 1789 demorante,
2647 1733 2977 1797 penetrare,
3047 1736 3222 1797 coque
3275 1723 3576 1780 mirabilius
3625 1735 3686 1781 et

391 1811 630 1868 sibilium
655 1812 889 1869 humana
912 1815 1194 1884 praecellit
1216 1825 1434 1894 natura,
1461 1826 1518 1872 et
1537 1813 1825 1887 superiora
1842 1831 1982 1872 sem-
2010 1809 2058 1867 B
2087 1810 2356 1887 spirituali
2405 1815 2654 1870 tenuitati
2715 1813 3072 1886 propinquius
3118 1814 3332 1886 igneum
3380 1814 3635 1885 spiritum
3664 1855 3678 1879 ,

305 1961 319 1973 ,
392 1919 489 1979 per
525 1905 782 1963 inferiora
829 1906 899 1963 ad
926 1924 986 1963 se
1014 1909 1328 1975 attrahunt;
1383 1925 1491 1964 non
1517 1908 1660 1964 enim
1687 1909 1828 1965 ratio
1849 1909 1983 1966 sinit

392 1998 675 2068 superiora
705 1998 775 2054 ab
816 1998 1168 2058 inferioribus
1197 1990 1465 2067 consumi,
1498 2000 1760 2058 interiora
1798 2010 1981 2056 autem

392 2090 449 2145 in
496 2092 776 2162 superiora
831 2093 1064 2148 transire
1108 2092 1435 2149 certissimis
1496 2092 1985 2164 approbatiouibus

393 2183 700 2253 approbat:
737 2198 869 2238 num
908 2182 1208 2242 verisimile
1260 2192 1363 2245 est.
1407 2185 1701 2240 humanam
1732 2177 2017 2241 naturam.

389 2281 586 2329 cuncta
613 2274 753 2329 intra
783 2290 842 2330 se
870 2283 926 2331 et
954 2273 1095 2330 inlru
1116 2290 1176 2330 se
1203 2277 1421 2332 condita
1453 2276 1674 2334 sibimet
1704 2278 1987 2349 copulatu-

391 2377 513 2419 ram
537 2369 594 2418 et
621 2363 981 2435 adunaturam
1012 2364 1066 2419 in
1114 2364 1223 2420 line
1259 2367 1502 2421 omnium
1534 2367 1882 2424 existimare?
1910 2365 1988 2425 De

390 2454 662 2526 spirituali
700 2464 884 2512 autem
934 2457 1295 2514 humanorum
1340 2473 1627 2532 corporum
1657 2468 1780 2530 post
1802 2474 1992 2515 resur-

395 2547 694 2602 rectionem
723 2546 1028 2604 subtilitate
1056 2548 1299 2621 ejusdem
1331 2550 1619 2623 Epiplianii
1654 2538 1986 2608 sententiam

392 2652 505 2694 non
534 2642 993 2709 praetereundam
1031 2655 1151 2697 esse
1178 2642 1437 2699 arbitror.
1487 2641 1625 2699 Nam
1654 2646 1724 2701 de
1759 2659 1990 2716 corpore

348 2727 597 2787 'Chrlsti
638 2739 762 2803 post
791 2734 1267 2800 resurrectionem,
1310 2734 1501 2807 inquo
1530 2734 1989 2806 perfectissimum

292 2838 293 2841 ‘
395 2823 565 2878 totius
590 2823 861 2880 humanae
882 2825 1301 2881 resurrectionis
1326 2827 1627 2898 praecessit
1654 2827 1987 2899 exemplum,

392 2914 680 2984 disputans
702 2908 838 2973 haec
870 2917 984 2970 ait:
1015 2915 1241 2971 Intravit
1280 2917 1471 2989 januis
1506 2917 1745 2983 clausis;
1777 2917 1992 2973 carnale

393 3005 535 3061 enim
576 3004 743 3075 ipsius
772 3021 964 3076 corpus
1052 3005 1331 3080 spiritaer
1373 3007 1658 3063 resurrexit
1697 3023 1715 3062 :
1756 3018 1802 3063 et
1835 3005 1857 3039 ³
1886 3023 1991 3062 non

395 3096 547 3152 aliud
586 3108 796 3167 praeter
822 3098 961 3169 quod
989 3107 1084 3153 est.
1134 3096 1203 3153 Et
1242 3097 1384 3169 quod
1435 3109 1532 3162 est,
1567 3098 1764 3156 Deitati
1791 3097 1991 3153 condu-

2084 1905 2315 1979 simplex
2352 1907 2399 1972 ⁸,
2443 1921 2660 1977 purum,
2700 1906 2849 1962 omni
2874 1920 3142 1978 corporeo
3174 1921 3337 1963 sensu
3386 1918 3679 1967 remotum.

2085 2012 2194 2054 non
2235 1997 2410 2053 solum
2440 2009 2638 2055 cuncta
2665 1996 2851 2053 mundi
2887 1998 3061 2071 spatia
3104 1996 3330 2067 implere
3367 2006 3420 2052 et
3448 1997 3680 2061 ambire,

2085 2103 2276 2145 verum
2319 2089 2487 2145 etiam
2534 2088 2714 2160 ipsum
2765 2088 3147 2146 tenuissimum
3196 2089 3325 2144 aéra
3377 2088 3544 2147 nimia
3592 2091 3681 2146 sui

2085 2181 2385 2238 subtilitate
2431 2184 2491 2237 et
2539 2178 2972 2252 lucu-paralitica
3017 2180 3232 2236 naturis
3273 2179 3631 2237 similitudine
3659 2222 3677 2246 ,

2086 2274 2215 2330 dum
2237 2272 2309 2329 sit
2333 2271 2559 2329 intimus
2579 2272 2847 2340 omnium,
2873 2282 3091 2329 tranare
3125 2274 3167 2326 '.
3221 2270 3594 2344 Similiterque
3614 2273 3685 2329 de

2088 2381 2228 2438 aqua
2276 2365 2508 2438 simplici
2554 2374 2610 2421 et
2656 2370 2803 2423 terra
2845 2356 3236 2431 sentiendum;
3295 2378 3424 2420 nam
3462 2373 3521 2421 et
3560 2365 3681 2438 ipsa

2088 2457 2291 2529 ubique
2313 2458 2566 2514 omnibus
2600 2456 2923 2531 corporibus
2960 2456 3153 2513 insunt
3182 2455 3482 2514 secundum
3524 2470 3681 2513 suam

2090 2548 2417 2620 analogiam.
2484 2545 2628 2617 Quid
2672 2547 2911 2610 mirum,
2969 2544 3392 2623 resurrectionis
3451 2559 3684 2617 corpora

2089 2637 2232 2697 ultra
2281 2652 2498 2695 omnem
2546 2632 2866 2695 sensibilem'
2920 2636 3242 2708 qualitatem
3284 2634 3638 2693 ascendentis
3667 2675 3684 2697 ,

2089 2732 2238 2788 omni
2284 2731 2428 2788 mole
2470 2739 2528 2788 et
2574 2730 2850 2797 localitatc
2876 2729 3146 2797 absoluta,
3181 2736 3256 2795 et,
3287 2737 3350 2785 ut
3378 2729 3455 2786 ita
3481 2727 3686 2791 dicam.

2090 2821 2146 2878 in
2187 2821 2438 2909 spiritum
2478 2814 2705 2880 omnino
2744 2833 3031 2884 conversa,
3076 2819 3334 2888 vitaeque
3381 2818 3684 2885 siniillima,

2090 2928 2257 2986 super
2294 2927 2477 2977 omne,
2521 2914 2666 2984 quod
2712 2926 2908 2968 sensus
2951 2925 3252 2982 corporeus
3295 2918 3478 2982 potest
3520 2912 3685 2967 attin-

2089 3021 2250 3080 gere,
2302 3003 2560 3063 ineﬂ‘abili
2602 3020 2700 3062 sua
2738 3002 3006 3075 spirituali
3057 3001 3364 3059 subtilitate
3401 3001 3686 3058 exaltari!

2040 3114 2047 3123 ·
2091 3100 2169 3154 De
2215 3113 2284 3154 eo
2325 3112 2497 3163 vero,
2541 3097 2688 3168 quod
2731 3095 3063 3151 cesurrcctio
3106 3108 3398 3166 corporum
3445 3093 3684 3150 naturali

395 3186 537 3242 oravit
554 3186 667 3241 "in
688 3185 1030 3241 subtilitatem
1043 3186 1258 3257 spiritus
1279 3197 1544 3242 ornatum.
1566 3184 1779 3242 Siem'm
1794 3186 1868 3241 ibi
1887 3204 1991 3242 non
2020 3182 2065 3244 C
2096 3191 2298 3246 virtute
2342 3190 2714 3260 cooperatrice
2758 3188 2832 3243 sit
2873 3185 3052 3242 futura
3074 3227 3089 3251 ,
3134 3193 3191 3242 et
3228 3199 3334 3240 non
3377 3199 3477 3257 per
3514 3184 3684 3241 solam

394 3285 508 3331 erat
537 3275 804 3339 subtilitas
846 3278 1109 3346 quaedam
1155 3277 1391 3349 spiritus,
1428 3294 1615 3349 corpus
1638 3278 1991 3348 ponderosum

391 3366 619 3430 accepit.
652 3363 757 3419 Sed
784 3375 838 3419 ut
880 3365 1199 3432 ostenderet,
1228 3367 1355 3438 quia
1385 3366 1483 3421 hoc
1523 3366 1861 3437 corruptibile
1892 3382 1992 3420 no-

395 3466 566 3512 strum
614 3456 866 3511 induatur
904 3453 1351 3528 incorruptionem
1387 3460 1443 3513 in
1490 3458 1751 3521 ueritate;
1795 3475 1919 3513 nam
1944 3461 1991 3514 si

394 3546 620 3601 mortale
640 3557 739 3612 est,
764 3547 1015 3602 induetur
1034 3547 1486 3604 immortalitatem
1506 3564 1527 3606 :
1549 3550 1764 3605 intrarit
1780 3551 1989 3623 quidem

291 3659 300 3666 ο
391 3642 574 3715 ianuis
625 3642 845 3707 clausis,
902 3652 960 3695 ut
1002 3642 1292 3697 ostenderet
1346 3643 1746 3705 crassimembro
1780 3643 1991 3699 subtili-

394 3735 644 3800 niembre,
668 3744 717 3789 et
749 3733 973 3789 mortale
1003 3732 1318 3799 immortale,
1358 3744 1406 3788 et
1434 3733 1771 3804 corruptibile
1813 3735 1990 3793 incor-

396 3827 663 3896 r-uptibile.
696 3823 761 3881 Ut
802 3837 980 3890 autem
1028 3842 1206 3881 omnes
1234 3826 1566 3897 redargueret
1592 3826 1891 3882 incredulos
1929 3828 1987 3884 in

397 3931 580 3976 nostra
604 3918 802 3987 salute,
843 3918 963 3972 diro
1011 3926 1188 3973 autem
1230 3917 1631 3983 resurrectione,
1663 3918 1721 3973 in
1742 3915 1987 3972 subtilem

394 4024 762 4067 transmutans
793 4027 981 4081 corpus
1026 4010 1293 4079 spiritum,
1318 4008 1720 4080 contemperaoit
1754 4007 1989 4063 rosurrr'a

398 4103 641 4156 stionem.
672 4099 909 4163 Intuere,
937 4106 1199 4168 quantum
1227 4098 1605 4152 incunctanter
1623 4096 1985 4168 spiritualium

399 4208 688 4263 corporum
728 4190 1183 4246 resurrectionem
1217 4199 1273 4244 et
1309 4190 1366 4243 in
1392 4188 1747 4245 subtilitatem
1777 4190 1987 4244 incom-

403 4285 825 4358 pretiensibilcm
875 4285 1129 4349 reditum,
1156 4284 1304 4341 omni
1340 4282 1598 4338 tarditate
1629 4292 1686 4338 et
1727 4281 1990 4352 qualitate

410 4390 661 4435 terrenae
683 4378 863 4444 molis,
879 4378 1151 4447 totiusque
1166 4376 1421 4455 ponderis
1440 4377 1722 4447 corporeis
1740 4375 1991 4433 sensibus

2096 3279 2563 3340 incarnatiVerbi
2615 3280 2847 3352 gratiam
2879 3278 2948 3344 ¹⁶,
3008 3291 3154 3335 nunc
3203 3276 3437 3348 primum
3484 3276 3687 3347 incipio

2093 3373 2354 3445 cogitare,
2393 3379 2449 3425 et
2489 3370 2577 3437 ubi
2607 3371 2758 3442 prius
2798 3367 3119 3433 titubabam,
3162 3367 3217 3422 in
3260 3364 3578 3438 operatione
3608 3366 3688 3421 vi-

2092 3464 2291 3520 delicet
2313 3461 2571 3526 naturali,
2598 3470 2781 3516 utrum
2808 3458 3227 3523 resurrectionis
3249 3458 3321 3515 sit
3345 3455 3592 3514 ellectiva
3612 3454 3705 3509 η-“

2092 3558 2312 3614 humani
2349 3556 2546 3629 quippe
2583 3554 2828 3625 corporis
2869 3552 3395 3624 redintegrationem
3426 3551 3528 3611 soli
3570 3550 3684 3608 lte-

2092 3653 2391 3725 (temptaris
2409 3652 2615 3723 gratiae
2638 3648 2968 3714 tribuebam,
2989 3649 3130 3704 sicut
3148 3657 3203 3704 et
3226 3656 3283 3703 tu
3305 3647 3597 3718 aliquando
3613 3678 3686 3689 --

2092 3744 2162 3799 ibi
2203 3741 2317 3812 jam
2359 3750 2544 3798 certus
2569 3740 2773 3796 eﬂlcior
2815 3740 3028 3797 ratione
3063 3740 3222 3795 duce.
3271 3737 3490 3795 Nullum
3532 3739 3680 3794 enim

2093 3839 2417 3895 miraculum
2468 3839 2523 3893 in
2574 3837 2681 3893 hoc
2723 3836 2927 3892 mundo
2974 3844 3169 3892 contra
3214 3835 3466 3892 naturam
3507 3834 3682 3891 Deum

2088 3928 2287 3984 fecisse
2325 3928 2555 4000 legimus
2583 3945 2597 3979 :
2623 3927 2720 3983 sed
2757 3924 2938 3982 causis
2961 3924 3298 3982 naturalibus
3334 3925 3685 3981 administra-

2091 4020 2218 4074 tivis
2264 4029 2321 4076 et
2364 4016 2730 4074 etl'ectricibus
2756 4059 2771 4082 ,
2813 4014 2972 4087 jussu
3022 4015 3116 4071 Dei
3162 4024 3454 4081 movente,
3510 4015 3685 4071 tactas

2087 4125 2224 4166 esse
2248 4116 2599 4181 quascunque
2626 4107 2888 4163 virtutum
2932 4106 3310 4181 theophanias,
3338 4104 3520 4163 divina
3551 4122 3682 4163 nar-

2088 4210 2174 4256 rat
2216 4200 2464 4257 historia.
2537 4199 2605 4255 Et
2662 4198 2709 4254 si
2770 4198 3092 4254 miraculum
3152 4198 3545 4255 miraculorum
3597 4212 3685 4256 est

2088 4290 2357 4363 generalis
2401 4298 2740 4347 mortuorum
2766 4289 3136 4355 resurrectio,
3181 4289 3339 4361 cujus
3379 4289 3681 4346 maximum

2090 4382 2394 4452 exemplum
2417 4376 2711 4454 praecessit
2738 4382 2790 4437 in
2812 4378 3052 4445 Christo,
3083 4382 3137 4437 in
3162 4390 3392 4449 tantum,
3415 4391 3477 4441 ut
3501 4390 3684 4439 cetera

398 4469 824 4534 succumbentis,
856 4468 1227 4539 localibusque
1258 4469 1451 4540 spatiis
1473 4467 1896 4540 circumscripti,
1920 4468 1991 4523 ab
2022 4533 2061 4545 __
2092 4472 2207 4529 fere
2244 4472 2427 4529 omnia
2472 4470 2740 4526 naturalia
2781 4478 3103 4542 argumenta
3135 4469 3196 4530 in
3224 4470 3685 4545 praeﬁguratione

401 4562 596 4633 spiritu
614 4560 869 4630 absorpta
882 4533 1989 4631 pronuntiat,put-issiineiiitelligrnsApo-
2019 4533 2067 4593 υ
2096 4561 2268 4634 ipsius
2304 4560 2443 4616 laeta
2485 4558 2652 4616 luisse
2679 4569 2826 4616 recte
2848 4533 3271 4632 intelligantur:
3312 4533 3445 4621 num
3469 4566 3685 4622 veritati

369 4650 597 4709 -stolum
643 4650 1278 4707 dicentem:Seminatur
1320 4664 1513 4720 corpus
1536 4650 1788 4715 animale,
1810 4658 1989 4720 surget

399 4760 591 4815 corpus
604 4742 900 4815 spirituale.
921 4742 1065 4797 Disc.
1088 4741 1324 4805 lntuoor,
1349 4751 1404 4797 et
1420 4741 1597 4811 magni
1624 4740 1724 4796 viri
1747 4743 1988 4796 aucwri-

405 4845 581 4892 tatem
596 4834 913 4906 amplector.
934 4834 1009 4889 Dc
1036 4832 1418 4904 spiritualitate
1441 4832 1708 4901 siquidem
1734 4844 1788 4887 et
1807 4833 1990 4887 illoca-

402 4929 555 5001 litate
568 4928 810 4984 omnium
827 4925 1152 4997 generaliter
1173 4925 1534 4981 humanorum
1562 4939 1851 4995 corporum
1870 4933 1994 4995 post

317 5055 321 5057 λ
401 5018 883 5084 resurrectionem,
910 5018 1127 5089 quando
1154 5017 1389 5072 humana
1431 5025 1625 5071 natura
1644 5058 1660 5082 ,
1696 5031 1838 5086 quae
1865 5030 1991 5071 cor-

402 5125 533 5182 pore
575 5118 635 5165 et
675 5106 857 5164 anima
904 5115 1154 5173 constat,
1202 5106 1444 5177 aequalis
1487 5109 1591 5163 erit
1636 5106 1884 5178 angelis,
1933 5117 1991 5163 et

403 5212 720 5261 sanctorum
756 5201 976 5257 Patrum
1012 5200 1337 5255 auctoritate
1382 5199 1534 5255 mihi"
1547 5200 1662 5270 jam
1698 5200 1722 5231 δ
1765 5214 1986 5258 suasum

408 5306 489 5353 est
528 5305 573 5361 ι,
617 5304 676 5350 et
719 5294 861 5350 intra
897 5309 979 5347 me
1016 5291 1271 5364 perspexi
1319 5292 1607 5356 rationem,
1649 5286 1985 5357 consultans,

404 5388 479 5446 nil
513 5386 659 5444 aliud
702 5384 1039 5457 probabilius
1065 5385 1388 5455 veritatique
1414 5384 1772 5457 propinquius
1795 5400 1989 5443 occur—

2094 4653 2389 4727 putandum
2431 4663 2517 4709 est
2559 4668 2665 4709 non
2706 4653 3035 4720 convenire,
3080 4668 3182 4710 nos
3226 4655 3565 4722 existimare,
3612 4672 3686 4714 ex
3720 4638 3727 4651 ’

2092 4760 2381 4802 causarum
2421 4744 2751 4800 naturalium
2784 4741 3036 4799 cll‘ectiva
3070 4744 3313 4823 potentia
3346 4744 3563 4803 divinae
3588 4762 3686 4802 vo-

2094 4839 2288 4894 luntati
2311 4837 2525 4892 subdita
2549 4837 2744 4907 ipsam,
2768 4835 3222 4893 resurrectionem
3246 4836 3392 4903 dico,
3406 4835 3683 4894 futuram!

2094 4929 2233 4987 llic.
2263 4920 2543 4985 Amhabus
2568 4928 2752 4998 itaque
2796 4925 3278 4998 cooperatricibus,
3309 4927 3426 4999 ipsa
3456 4927 3681 5000 quidem

2092 5031 2287 5078 natura
2307 5030 2364 5075 et
2388 5019 2585 5091 gratia,
2616 5018 2942 5074 resurrectio
2959 5015 3291 5088 perﬁcietur.
3317 5016 3466 5077 Dtsc.
3491 5018 3682 5076 Credi.

2091 5114 2284 5167 «tritu.
2355 5111 2464 5168 Sed
2509 5111 2638 5183 quid
2682 5110 2752 5165 ad
2794 5110 3066 5182 gratiam,
3121 5109 3255 5182 quid
3304 5110 3374 5165 ad
3424 5106 3678 5168 naturam

2092 5220 2309 5275 prognta
2360 5203 2413 5257 in
2466 5203 2569 5258 hac
2614 5200 3032 5257 resurrectionis
3093 5201 3313 5257 actione
3364 5202 3679 5273 pertineat,

2091 5310 2201 5351 non
2228 5294 2363 5349 satis
2386 5294 2691 5364 conspicor.
2741 5289 2954 5347 Nullam
2981 5292 3248 5363 siquidem
3274 5292 3418 5349 inter
3440 5307 3535 5349 eas
3557 5308 3682 5349 esse

2089 5401 2251 5447 nemo
2294 5384 2523 5441 solerter
2565 5383 2864 5452 sapientiae
2889 5390 3099 5439 secreta
3136 5381 3453 5447 rimandum
3478 5382 3682 5441 dixerit

1636 5494 1895 5552 VARIAE
1930 5492 2310 5558 LECTIONES

476 5609 493 5644 '
522 5609 641 5679 ipso
671 5625 784 5666 om.
816 5609 923 5669 CF.
1026 5620 1051 5655 ι
1076 5625 1265 5679 corpus
1294 5625 1406 5665 om.
1445 5607 1556 5679 CF.
1674 5607 1695 5639 ³
1719 5618 1769 5663 et
1810 5623 1919 5665 om.
1958 5607 2005 5662 Α

1131 5680 1154 5713 ⁸
1170 5678 1292 5748 jam
1321 5698 1431 5735 0m.
1466 5678 1570 5734 Cl".

413 5768 470 5806 ea
483 5750 792 5807 (Italicorum
822 5768 932 5809 om.
962 5752 1029 5809 Α,

1703 5685 1725 5715 ³
1747 5693 1821 5735 est
1851 5695 1961 5734 om.
1996 5677 2104 5735 CF.

1131 5756 1155 5789 ⁸
1178 5748 1269 5807 Sic
1296 5754 1341 5805 Α
1373 5752 1489 5814 (1F;
1526 5749 1564 5804 Ρ
1596 5766 1743 5807 corr.
1779 5750 2086 5822 simplicem.

2136 5607 2179 5640 ⁸·
2204 5607 2298 5709 .Sic
2342 5598 2543 5689 CliiA
2585 5613 2804 5688 praeter
2863 5606 3009 5677 quod
3055 5606 3231 5689 fuerat
3284 5606 3379 5663 sed
3424 5605 3675 5712 illudi:-

2251 5677 2337 5712 ρι’
2366 5677 2745 5712 smn-amulos“-
2787 5676 3277 5712 ,ιη-...τηιηηκιηιιρ
3390 5678 3412 5712 ν
3434 5674 3525 5712 απ.
3551 5678 3576 5712 f
3645 5694 3661 5709 ο

2204 5678 2226 5709 ⁸
2251 5677 2337 5735 CF
2366 5674 2748 5735 immortalium
2787 5674 3298 5746 conipreltensibilia.
3390 5678 3412 5712 ν
3432 5674 3525 5735 Sic
3551 5674 3662 5741 CF;

2176 5759 2195 5790 '
2226 5748 2265 5806 F
2296 5762 2557 5803 trasnare.
2636 5748 2677 5779 ²⁰
2704 5747 2796 5802 Sic
2822 5745 2938 5814 CF;
2969 5745 3013 5803 Α
3043 5763 3149 5803 non
3178 5746 3294 5802 solo
3325 5749 3360 5804 i.
3394 5763 3446 5804 ν.
3473 5751 3666 5820 gratia.
