4226 6244
770 0 1357 22 τ’νππ-ι-ι-ι-ε-..ε-
1392 8 1401 18 ι
1418 1 1578 18 ,ιι-’.⁵11
1611 13 1627 18 ν

529 293 710 402 ευτ’·

1889 338 2177 401 ιοΑΝΝιε
2211 339 2408 400 SCO'I'I

3699 338 3828 410 908.

532 450 606 506 de
643 449 842 508 talibus
869 449 1129 516 haesitas,
1161 467 1282 508 cum
1328 439 1550 509 suasum
1601 451 1693 508 tibi
1735 459 1752 490 ³
1796 441 1958 525 saepe
1986 467 2118 510 eon-
2141 459 2192 522 Α
2219 465 2372 512 extra
2395 457 2568 528 ipsum
2586 454 2891 514 universam
2909 458 3460 515 creaturamdicimus
3478 473 3620 524 esse,
3639 474 3703 515 ea
3731 477 3814 516 ra-

529 545 794 610 cesseris,
807 546 988 600 omnia
1010 546 1064 602 in
1087 546 1308 604 homine
1324 556 1506 604 creata
1527 562 1648 603 esse
1673 552 1716 610 ³,
1748 545 1978 603 visibilia
1999 546 2124 604 dico

529 646 588 689 et
603 634 913 701 invisibilia,
928 651 992 692 ac
1009 647 1128 706 post
1141 637 1244 692 hoc
1258 638 1858 694 resur‘recturaNerum
1872 640 1938 694 de
1948 653 2070 694 resu
2079 653 2126 692 r-

533 727 777 782 rectinne
791 725 1144 783 invisibilium
1162 744 1307 784 nunc
1328 738 1562 784 tractare
1584 744 1689 784 non
1709 739 1790 784 est
1815 729 1982 784 nostri
1999 729 2125 800 pro-

531 815 715 888 positi.
757 816 836 873 De
855 818 1250 874 resurrectione
1286 833 1416 874 vero
1442 817 1805 888 corporalium
1833 817 1857 850 ³
1895 818 2126 875 sensibi-

537 908 687 972 lium,
713 907 818 963 ltoc
845 915 951 972 est,
975 908 1040 963 de
1053 923 1242 965 eorum
1265 910 1440 965 reditu
1463 911 1516 964 in
1538 925 1667 965 suas
1693 911 1716 941 ’⁵
1740 909 2126 982 causasdispu-

538 1009 735 1052 tamus.
787 998 844 1054 Si
883 1012 1014 1070 ergo
1047 999 1070 1031 ⁵
1091 999 1327 1054 humana
1373 1010 1566 1056 natura
1597 1015 1665 1056 ex
1698 998 2123 1070 intelligibilibus

533 1098 589 1143 rt
611 1087 984 1156 corporalibus
1007 1090 1029 1120 ⁸
1056 1089 1404 1145 sensibilihus
1435 1089 1735 1162 composita
1757 1099 1865 1158 est,
1899 1090 2081 1147 anima
2099 1089 2122 1123 "

535 1181 658 1238 ilico
683 1191 738 1240 et
759 1199 987 1256 corpore
1013 1202 1027 1238 :
1055 1185 1185 1256 quid
1213 1184 1436 1252 mirum,
1457 1186 1502 1242 si
1531 1185 1861 1241 universitas
1881 1185 2122 1241 omnium

530 1273 871 1330 sensibilium
919 1275 974 1331 iu
1023 1277 1264 1332 humano
1305 1292 1534 1348 corpore
1581 1287 1850 1350 resurgat,
1885 1287 1942 1332 et
1991 1293 2126 1348 quo-

531 1383 750 1438 cunque
779 1368 1076 1435 transierit,
1111 1371 1388 1426 transeat?
1417 1369 1474 1426 In
1497 1381 1692 1427 causas
1715 1379 1896 1424 tamen
1923 1369 2128 1426 solum-

531 1458 700 1522 modo
728 1456 874 1525 dico,
911 1475 1019 1514 non
1049 1459 1104 1514 in
1139 1459 1313 1532 ipsam
1354 1459 1752 1517 dedicationem
1773 1501 1788 1526 ,
1822 1476 1963 1534 quae
1999 1461 2128 1516 solis

531 1546 932 1617 ptirgatissimis
971 1547 1336 1607 intcllectibus
1371 1551 1686 1606 donabitur.
1739 1551 1808 1606 Et
1846 1553 1894 1607 si
1949 1553 2123 1607 maxi-

531 1650 680 1692 mam
699 1635 725 1670 ⁸
746 1639 1268 1708 argumentationem
1289 1639 1356 1696 de
1376 1640 1482 1697 hoc
1505 1642 1692 1699 audire
1718 1642 2014 1708 desideras,
2048 1649 2130 1696 at-

536 1737 716 1785 tentus
740 1740 881 1796 esto,
916 1741 973 1788 et
990 1731 1042 1786 in
1064 1746 1149 1798 ea,
1173 1746 1317 1802 quae
1339 1740 1571 1800 restant,
1593 1733 1823 1790 intuere.
1839 1735 1920 1790 Ac
1942 1744 2002 1790 ut
2027 1733 2128 1790 de’

2229 547 2398 615 tione,
2423 557 2483 603 ut
2505 549 2649 604 intra
2675 550 2846 618 ipsum
2869 549 3120 606 dicantur
3137 565 3338 607 causae
3361 565 3546 607 rerum
3567 560 3618 608 et
3641 551 3813 608 ratio-

2225 654 2324 696 nes
2335 649 2557 712 propter
2574 638 2981 696 similitudinem
3003 655 3191 697 carum
3214 649 3267 696 et
3282 640 3705 712 simplicitatem,
3717 657 3809 698 es-

2225 738 2306 785 tra
2329 746 2462 787 vero
2473 730 2652 802 ipsum
2675 732 2718 764 “
2744 733 2969 790 eﬂ'ectus
2983 748 3170 790 earum
3189 733 3234 766 "
3251 749 3536 791 causarum
3560 743 3614 791 et
3639 737 3812 792 ratis»

2223 839 2352 878 num
2371 834 2594 896 propter
2609 824 2878 894 quandam
2897 825 3418 893 dissimilitudinem;
3445 827 3578 884 locis
3590 808 3736 882 enim
3759 834 3818 884 et

2225 918 2558 987 temporibus
2573 918 2874 981 variantur,
2891 920 3179 990 generibus
3193 917 3558 990 etspeciebus,
3575 918 3816 992 proprie-
3865 904 3877 952 έ

2224 1009 2426 1067 tatibus
2441 1017 2495 1066 et
2506 1009 3287 1066 accidentibusdiscernuntur.
3304 1010 3532 1082 Ideoque
3543 1009 3708 1065 veluti
3722 1023 3819 1065 ex-
3861 1040 3868 1042 -

2225 1111 2306 1157 tra
2323 1100 2718 1172 simplicitatem
2731 1101 2945 1158 divinae
2959 1101 3256 1175 sapientiae
3273 1101 3524 1160 dicuntur
3534 1115 3678 1167 esse,
3689 1115 3816 1156 cum

2223 1203 2383 1253 extra
2413 1194 2586 1266 ipsam
2617 1193 2750 1249 nihil
2770 1195 2861 1260 sit,
2887 1204 2944 1250 et
2972 1195 3026 1251 in
3053 1195 3166 1266 ipsa
3189 1193 3394 1260 omnia,
3427 1193 3747 1250 universalis
3761 1199 3822 1248 et

2219 1285 2457 1356 simplex
2490 1285 2600 1339 rita
2643 1293 2748 1340 est.
2776 1283 2914 1352 Quid
2941 1283 3086 1341 enim
3129 1283 3184 1339 in
3230 1282 3495 1355 sapientia
3531 1281 3623 1337 Dei
3648 1289 3819 1348 esset,

2225 1378 2372 1446 quod
2397 1376 2504 1432 vita
2553 1384 2767 1432 careret
2791 1379 2816 1440 ,‘
2838 1383 2934 1430 aut
2964 1376 3074 1430 vita
3105 1389 3210 1430 non
3237 1381 3381 1430 esset
3403 1388 3567 1439 ,‘cutu
3611 1380 3668 1429 et
3702 1369 3824 1443 ipsa

2226 1484 2354 1524 vera
2377 1467 2601 1537 ritasit,
2635 1475 2690 1523 et
2717 1467 2998 1538 plusquam
3027 1467 3160 1531 vita,
3187 1473 3240 1522 et
3265 1463 3398 1520 nihil
3427 1464 3478 1520 in
3506 1464 3642 1536 ipsa,
3675 1463 3823 1534 quod

2227 1568 2320 1614 aut
2341 1559 2453 1630 ipsa
2481 1568 2712 1623 nonest,
2733 1565 2830 1612 aut
2857 1557 2937 1612 sui
2954 1547 3328 1612 simillimum?
3351 1553 3672 1610 Praesertim
3695 1565 3822 1606 cum

2231 1648 2538 1722 Theologus
2582 1647 2819 1706 Joannes
2857 1649 3048 1704 dicat:
3080 1647 3272 1711 Omnia
3320 1663 3412 1717 per
3459 1647 3631 1717 ipsum
3675 1645 3824 1716 facta

2231 1753 2373 1809 sunt,
2400 1755 2447 1800 et
2470 1745 2583 1802 sine
2605 1744 2718 1816 ipso
2756 1743 2957 1814 furtum
2983 1752 3060 1798 est
3101 1739 3271 1807 nihil,
3307 1739 3448 1813 quod
3475 1739 3671 1812 Laetum
3703 1747 3778 1792 est
3802 1751 3824 1792 :

533 1818 662 1876 tilei
699 1820 1002 1878 catholicae
1042 1822 1391 1894 simplicitate
1410 1823 1686 1896 disputare
1712 1826 2037 1896 incipiamus.
2061 1826 2126 1893 ³⁸,
2161 1825 2203 1884 Β
2230 1837 2283 1892 in
2310 1837 2425 1904 ερω
2448 1837 2554 1894 qua
2591 1845 2724 1891 erat.
2753 1834 2890 1892 me.
2925 1835 2982 1890 In
3013 1834 3192 1890 Verbo
3221 1833 3420 1906 igitur,
3453 1830 3596 1902 quod
3625 1839 3710 1887 est
3729 1845 3826 1887 sa-

533 1927 603 1968 ex
645 1929 750 1986 qua
771 1914 950 1970 omnis
977 1929 1234 1972 assensus
1277 1917 1329 1972 in
1352 1916 1698 1988 purissimam
1739 1932 1918 1973 rerum
1949 1918 2132 1990 cogni-

535 2005 739 2063 tionem
762 2006 982 2064 inchoat
1005 2026 1020 2062 ε
1045 2009 1242 2076 credis,
1267 2020 1327 2066 ut
1343 2011 1752 2080 Opinor,omnia
1774 2027 1916 2084 quae
1935 2022 2133 2068 suntet

533 2113 680 2170 quae
717 2113 824 2155 non
861 2107 1010 2166 sunt,
1039 2101 1144 2157 hoc
1174 2109 1282 2166 est,
1310 2117 1450 2172 quae
1479 2101 1662 2159 sensui
1689 2111 1741 2158 et
1765 2102 2060 2178 intellectui
2085 2103 2128 2136 ιι

532 2193 918 2261 succumbunt,
950 2202 1008 2248 et
1032 2207 1174 2265 quae
1212 2209 1430 2250 sensum
1459 2210 1676 2252 omnem
1716 2204 1774 2252 et
1797 2195 2132 2253 intetfectum

535 2291 818 2353 superant,
848 2292 906 2338 et
945 2293 1126 2341 tamen
1170 2294 1294 2357 post
1321 2287 1524 2351 Deum,
1574 2295 1635 2342 ut
1673 2293 1728 2341 et
1748 2284 1928 2343 verbis
1953 2286 2131 2344 sancti

535 2371 777 2444 Dionysii
802 2373 1162 2454 Areopagitae
1188 2383 1330 2442 utar,
1359 2376 1503 2432 circa
1523 2377 1695 2432 Deum
1715 2373 2024 2444 'rolruntur,
2054 2379 2132 2432 in-

534 2461 830 2519 ferioribus
849 2474 911 2520 se
933 2467 1142 2522 naturis
1165 2466 1436 2539 incognite
1453 2467 1504 2522 in
1519 2465 1696 2524 Verbo
1714 2469 1807 2526 Dei
1831 2467 1977 2525 facta
1988 2483 2128 2526 esse.

605 2555 698 2612 24.
737 2555 884 2612 Dtsc.
914 2557 1028 2613 Hoc
1059 2559 1439 2614 incunctanter
1469 2568 1524 2614 et
1555 2560 1736 2623 credo,
1766 2569 1840 2624 et,
1871 2569 2133 2630 quantum

540 2646 822 2702 illuminor
843 2663 1084 2720 superno
1113 2649 1338 2714 lumine,
1371 2649 1634 2721 intelligo,
1664 2649 1889 2704 audiens
1919 2665 2132 2706 sacram

540 2737 878 2810 Scripturam
906 2741 1178 2796 dicentem
1209 2758 1222 2794 :
1249 2739 1313 2796 In
1339 2732 1596 2814 principio
1618 2743 1738 2812 fecit
1769 2737 1911 2796 Deus
1930 2741 2133 2796 caelum

535 2843 583 2886 ot
606 2838 836 2899 ternuit;
865 2834 1190 2904 princhium
1213 2835 1492 2906 appellans
1512 2834 1849 2906 unigenitum
1875 2831 2132 2898 Verbum,

540 2925 596 2978 in
627 2939 736 2996 quo
762 2925 924 2981 Pater
949 2926 1075 2980 fecit
1103 2927 1306 2992 omnia,
1335 2925 1470 2980 caeli
1498 2941 1627 2982 vero
1658 2935 1946 2995 terraeque
1973 2940 2136 2980 voca-

538 3010 1036 3072 lntlis'invisibilem
1081 3027 1137 3073 et
1165 3016 1434 3073 visibilem
1462 3026 1768 3072 creaturam
1799 3016 2132 3088 signiﬁcans.

540 3107 609 3161 Et
633 3106 758 3162 alibi
787 3105 1130 3178 simpliciter,
1159 3106 1265 3164 hoc
1284 3115 1369 3162 est
1394 3105 1778 3162 universaliter
1799 3107 1913 3162 ait:
1939 3105 2153 3162 Omnia.

2233 1929 2434 2002 pientia
2459 1929 2554 1984 Dei
2579 1929 2644 1991 “,
2670 1929 2850 1983 omnis
2869 1936 3118 1982 creatura
3140 1933 3197 1982 et
3217 1933 3302 1982 est
3319 1933 3377 1980 et
3395 1924 3546 1988 vivit,
3569 1931 3626 1978 et
3639 1937 3827 1988 otnne,

2231 2021 2376 2092 quod
2421 2021 2474 2076 in
2524 2020 2643 2092 ipso
2672 2028 2778 2086 est,
2813 2017 2994 2090 perire
3033 2032 3139 2074 non
3165 2023 3364 2088 potest.
3395 2013 3452 2072 Si
3480 2015 3647 2079 ctum.
3678 2011 3828 2087 quod

2233 2111 2503 2176 continet,
2556 2125 2774 2181 semper
2811 2118 2867 2166 et
2918 2106 3505 2175 incommunicabiliter
3544 2115 3729 2164 manet
3769 2113 3828 2160 et

2233 2201 2392 2268 vivit,
2415 2201 2525 2258 imo
2551 2201 2714 2258 etiam
2739 2201 2845 2257 vita
2874 2192 2959 2256 est
2976 2209 3033 2254 et
3053 2200 3164 2254 vita
3189 2207 3408 2258 aeterna
3433 2215 3448 2252 :
3475 2214 3658 2262 omne,
3679 2197 3828 2268 quod

2235 2293 2288 2348 in
2313 2308 2380 2350 eo
2410 2293 2738 2358 continetur,
2770 2291 3080 2348 necessario
3106 2298 3162 2346 et
3188 2298 3302 2354 est,
3343 2297 3397 2345 et
3452 2303 3666 2360 semper
3704 2303 3827 2344 uta-.-

2237 2395 2360 2453 net,
2407 2393 2464 2440 et
2519 2394 2742 2440 aeterna
2791 2383 2900 2439 vita
2957 2391 3045 2438 est
3093 2380 3158 2434 η.
3209 2380 3354 2437 Dise.
3393 2379 3532 2436 Hinc
3581 2377 3830 2433 dubitare

2233 2485 2289 2532 et
2337 2475 2560 2545 impium
2593 2481 2648 2530 et
2687 2472 3067 2528 stultissimum
3103 2478 3208 2536 est,
3237 2485 3360 2526 cum
3395 2467 3574 2524 omnis
3613 2465 3832 2522 divinae

2235 2565 2496 2620 historiae
2517 2563 2834 2627 auctoritas,
2866 2575 3163 2632 omnesque
3192 2559 3450 2634 Theologi
3481 2556 3829 2628 perhibeant,

2244 2672 2466 2714 omnem
2493 2664 2796 2710 creaturam
2827 2656 2880 2710 in
2907 2654 3084 2718 Verbo
3109 2653 3204 2710 Dei
3233 2652 3276 2686 ’³
3312 2650 3658 2708 aeternaliter
3682 2663 3830 2705 esse.

2237 2749 2375 2804 Ilinc
2419 2757 2643 2804 sanctus
2679 2747 3014 2819 Augustinus
3045 2746 3099 2802 in
3139 2746 3351 2802 decimo
3393 2751 3547 2801 sexto
3592 2741 3834 2814 capitulo
3886 2755 3890 2758 '

2236 2840 2540 2897 duodecimi
2576 2838 2698 2894 libri
2729 2839 2795 2894 de
2817 2834 3053 2897 Civitate
3075 2837 3167 2892 Dei
3190 2836 3595 2894 evidentissime
3613 2851 3678 2890 ac
3703 2837 3830 2891 hrc-

2236 2933 2380 2990 viter
2417 2931 2744 2990 sententiam
2785 2931 3008 3002 protulit
3035 2931 3101 2986 de
3125 2945 3222 2996 eo,
3253 2927 3394 3007 quod
3424 2926 3567 2983 Deus
3606 2942 3710 2982 non
3744 2941 3822 2980 so-

2236 3023 2346 3080 lum
2367 3023 2610 3078 onmium
2631 3034 2848 3078 creator
2867 3030 3241 3078 creaturarum
3266 3035 3481 3090 semper
3501 3019 3622 3084 fuit,
3646 3033 3834 3075 verum

2236 3115 2399 3172 etiam
2428 3123 2488 3180 et
2517 3114 2804 3178 dominus,
2841 3123 2897 3169 et
2935 3104 3076 3169 sicut
3109 3127 3386 3182 nunquam
3423 3109 3526 3167 init
3550 3125 3662 3167 non
3682 3123 3836 3165 crea-

541 3203 595 3255 ίη
624 3201 882 3274 εαρῑεηιεα
914 3199 1124 3271 lem“;
1159 3199 1344 3256 omnia
1379 3199 1592 3265 dicens.
1621 3199 1867 3256 omnium
1915 3205 2134 3252 crealu-
2162 3195 2206 3257 C
2241 3215 2346 3273 tor,
2379 3205 2454 3260 ita
2480 3220 2760 3275 nunquam
2790 3219 2899 3259 non
2925 3203 3027 3258 fuit
3055 3202 3325 3267 dominus,
3354 3197 3837 3270 disputans.~Qua-

542 3305 726 3347 rarum
758 3291 1224 3365 universalitatem
1251 3290 1304 3346 in
1335 3290 1513 3348 Verbo
1539 3289 1630 3346 Dei
1677 3287 1880 3347 factam
1916 3287 2140 3346 conclu-

540 3386 636 3441 sit.
672 3384 815 3440 Mss.
862 3383 1096 3439 Putasne
1142 3383 1308 3455 igitur
1346 3384 1552 3462 omnia,
1582 3398 1724 3454 quae
1765 3382 1818 3436 in
1868 3380 2134 3451 sapientia

542 3475 639 3533 Dei
671 3473 811 3530 facta
841 3481 985 3530 sunt.
1018 3473 1223 3537 virere,
1254 3489 1323 3528 an
1356 3472 1468 3528 vita
1493 3485 1712 3527 carere:
1737 3470 1847 3535 vel,
1875 3480 1930 3524 ut
1957 3469 2138 3525 verius

540 3575 599 3622 et
627 3565 870 3637 apertius
896 3563 1100 3628 dicam,
1127 3577 1308 3619 utrum
1332 3576 1516 3626 omne,
1545 3563 1689 3632 quod
1724 3560 1902 3616 in-Dei
1925 3557 2139 3631 sapien-

545 3659 618 3712 tia
665 3655 867 3712 l‘actum
916 3665 1025 3722 est,
1081 3656 1187 3712 vita
1235 3663 1292 3712 et
1341 3655 1607 3726 sapientia
1639 3663 1742 3718 est,
1795 3653 2045 3722 vitaeque
2089 3659 2144 3706 et

543 3749 848 3820 sapientiae
893 3750 1188 3820 particeps,
1229 3747 1440 3802 necne?
1470 3745 1539 3802 Et
1567 3746 1612 3802 si
1643 3747 1752 3799 vita
1782 3756 1835 3800 et
1878 3743 2139 3815 sapientia

544 3852 630 3897 est
651 3839 832 3907 omne,
871 3841 1012 3912 quod
1058 3841 1112 3896 in
1159 3840 1340 3895 divina
1385 3838 1650 3910 sapientia
1697 3837 1898 3894 factrum
1947 3845 2032 3891 est
2076 3835 2178 3898 “,-

547 3941 732 3989 utrum
773 3931 1141 4004 tetnporaliter
1166 3931 1342 4002 coepit
1367 3946 1520 3994 esse,
1557 3945 1626 3985 an
1669 3943 1888 3999 seraper
1917 3936 2054 3992 erat,
2091 3937 2145 3980 ct

549 4040 654 4080 ιθη
685 4032 808 4078 erat
847 4022 1066 4094 quando
1096 4037 1204 4078 non
1241 4021 1398 4077 erat?
1424 4021 1493 4080 Et
1531 4023 1576 4075 si
1623 4021 1694 4075 ita
1729 4030 1834 4083 est,
1869 4033 2141 4086 nunqumn

545 4116 674 4180 erit,
722 4117 944 4185 quando
983 4129 1089 4170 non
1135 4115 1272 4180 erit;
1321 4131 1447 4168 nam
1496 4114 1541 4170 si
1585 4129 1651 4168 ex
1683 4123 1925 4182 tempore
1966 4113 2147 4181 coepit

548 4219 693 4272 esse,
726 4221 950 4263 necesse
973 4219 1056 4263 est
1099 4223 1221 4262 cum
1274 4215 1513 4276 tempore
1545 4205 1707 4260 liniri.
1745 4205 1887 4260 Disc.
1928 4203 2083 4260 Absit
2114 4219 2143 4257 a

551 4301 714 4358 Corde
761 4301 997 4356 ﬁdelium
1047 4301 1150 4355 hoc
1193 4300 1528 4364 existimare,
1581 4307 1640 4352 ut
1680 4313 1864 4360 onme,
1911 4296 2144 4366 quod'in

551 4378 730 4448 Verbo
765 4390 861 4447 Dei
888 4389 1086 4446 factum
1119 4399 1222 4452 εει,
1255 4390 1363 4443 ῑὶιει
1397 4405 1502 4442 non
1533 4388 1603 4442 sit
1633 4396 1683 4440 et
1709 4387 1817 4440 rita
1847 4387 2063 4456 sapiens
2092 4395 2148 4440 ct

551 4491 795 4547 aeterna,
825 4479 1166 4552 absque-ulla
1214 4477 1492 4550 temporali
1537 4479 1898 4541 inchoatione,
1941 4477 2149 4548 absque

2243 3305 2478 3368 propter,
2509 3294 2721 3364 inquit,
2747 3295 2792 3348 si
2825 3292 3079 3348 Dominus
3105 3291 3149 3324 ¹⁹
3179 3290 3322 3346 Deus
3345 3305 3549 3361 semper
3591 3288 3838 3344 dominus

2242 3385 2366 3456 fuit,
2395 3400 2600 3457 semper
2621 3383 2799 3439 lubuit
2825 3392 3128 3438 creaturam
3143 3397 3240 3436 suo
3277 3381 3570 3436 dominatui
3605 3379 3838 3438 servien-

2242 3488 2376 3540 tem,
2413 3483 2753 3530 ueruntamen
2787 3490 2890 3528 non
2914 3473 2978 3528 de
2998 3475 3110 3543 ipso
3134 3471 3183 3506 ³⁸
3208 3472 3436 3544 genitam
3455 3511 3470 3538 ,
3509 3470 3600 3526 sed
3629 3469 3696 3524 ab
3723 3471 3840 3540 ipso

2241 3568 2308 3622 de
2337 3565 2502 3622 nihilo
2524 3563 2742 3636 faciant,
2775 3581 2869 3620 nec
2905 3565 2954 3618 ei
2977 3576 3328 3620 conclamant.
3353 3563 3484 3619 Erat
3504 3565 3694 3637 quippe
3717 3575 3846 3619 ante

2245 3661 2414 3726 illam,
2435 3658 2676 3734 quamvis
2704 3657 2852 3713 nullo
2869 3668 3098 3729 (uapore
3119 3657 3232 3712 sine
3245 3655 3341 3711 illa
3357 3694 3376 3720 ,
3405 3671 3513 3711 non
3531 3669 3648 3710 eam
3669 3655 3842 3724 spatio

2245 3763 2661 3816 transcurrente,
2685 3745 2778 3804 sed
2800 3760 3039 3805 manente
3069 3750 3111 3781 ²¹
3136 3748 3479 3820 perpetuitate
3502 3745 3839 3816 praecedens.

2247 3845 2351 3901 Sed
2370 3845 2750 3915 si'respondero
2762 3842 2858 3907 eis,
2879 3842 2969 3913 qui
2987 3838 3548 3913 requirnnt,quomodo
3567 3852 3771 3921 semper
3793 3835 3846 3866 “

2206 3952 2211 3956 ·
2249 3946 2458 3990 creator
2489 3950 2690 4005 semper
2717 3933 2963 3988 dominus
2989 3931 3108 4002 fuit,
3139 3931 3184 3984 si
3205 3940 3450 3984 creatura
3474 3929 3698 4004 serviens
3737 3943 3842 3982 non

2245 4042 2448 4098 semper
2482 4024 2603 4096 fuit,
2631 4035 2720 4078 aut
2755 4023 2803 4054 ³³
2827 4024 3088 4093 quomodo
3123 4028 3300 4076 creata
3327 4032 3424 4086 est,
3464 4031 3512 4075 et
3539 4036 3642 4076 non
3666 4020 3842 4090 potius

2245 4117 2473 4174 creatori
2495 4126 2769 4171 (σπεῖρε-πα
2799 4125 2897 4178 est,
2926 4115 2972 4168 si
3001 4130 3204 4183 semper
3221 4113 3320 4184 fuit
3343 4125 3368 4163 -:
3395 4127 3598 4178 vereor,
3619 4126 3680 4166 ne
3709 4109 3845 4180 faci-

2249 4212 2353 4266 lius
2369 4211 2586 4282 judirer
2614 4209 2894 4282 «Ilii-mare,
2919 4211 3058 4280 quod
3088 4209 3281 4272 uestio,
3316 4223 3473 4280 quam
3498 4206 3683 4260 docere
3702 4203 3844 4274 quod

2249 4302 2379 4355 scio.
2424 4301 2504 4356 Ac
2550 4299 2592 4354 si
2627 4307 2812 4370 aperte
2857 4300 3132 4368 praelatus
3173 4296 3335 4352 Pater
3380 4296 3615 4359 diceret,
3666 4294 3846 4349 minus

2249 4391 2632 4446 aeternitatem
2677 4387 2724 4424 “
2771 4389 3144 4466 creaturarum
3202 4388 3484 4456 capacium
3536 4387 3845 4440 tarditatem
3927 4442 3936 4450 ,

2254 4485 2630 4552 redurguens:
2689 4481 2746 4536 Si
2799 4495 3114 4541 asseruero,
3167 4478 3310 4548 quod
3353 4476 3662 4532 ﬁrmissime
3705 4475 3851 4541 scio,

553 4575 666 4629 ullo
698 4572 980 4644 temporali
1030 4572 1281 4628 termino.
1328 4567 1548 4625 Namet
1582 4583 1830 4640 corpora,
1862 4567 2148 4636 onmisqtte
2177 4555 2226 4616 Ι)
2253 4577 2422 4630 Deum
2475 4573 2724 4628 videlicet
2771 4581 2827 4628 et
2871 4586 3086 4641 semper
3129 4579 3431 4625 creatorem
3471 4576 3529 4623 ct
3566 4567 3855 4622 dominum

553 4667 827 4725 sensibilis
852 4675 1128 4728 creatura,
1177 4667 1230 4719 in
1272 4664 1388 4733 ipso
1431 4661 1542 4717 vita
1571 4661 1792 4731 sapiens
1831 4669 1888 4715 et
1928 4654 2167 4716 aeterna.

552 4769 662 4820 est.
690 4757 765 4814 ita
796 4767 857 4812 ut
897 4754 1154 4811 iucﬂ'abili
1182 4761 1236 4809 et
1267 4749 1794 4824 incomprehensibili
1820 4749 1998 4810 modo,
2024 4763 2144 4802 crc-

553 4850 704 4908 «είδίῆ
734 4848 996 4921 tamen”,
1011 4848 1192 4905 omnis
1211 4855 1460 4903 creatura
1478 4846 1530 4900 in
1552 4843 1668 4915 ipso
1679 4843 1826 4898 vivat
1844 4852 1900 4897 et
1917 4842 2022 4896 vita
2045 4841 2148 4908 sit;

555 4951 610 4999 et
637 4958 760 5002 cum
791 4950 948 4998 extra
973 4940 1148 5010 ipsum
1171 4937 1309 4994 nihil.
1335 4936 1424 5002 sit,
1453 4936 1521 4991 de
1549 4933 1750 5006 seipse,
1781 4933 1943 4990 veluti
1965 4943 2148 5001 extra,

555 5043 841 5090 creaturas
864 5030 1111 5089 conditas
1137 5027 1409 5102 produxit.
1443 5024 1577 5084 Nam
1607 5035 1665 5083 et.
1702 5025 1848 5082 intra
1877 5026 2052 5098 ipsum
2093 5034 2150 5082 et

2253 4670 2544 4716 creaturae
2593 4659 2782 4726 fuisse,
2812 4675 2878 4714 ac
2922 4675 3019 4729 per
3065 4657 3170 4712 hoc
3199 4665 3253 4712 et
3291 4671 3507 4726 semper
3537 4661 3846 4710 creaturam

2253 4751 2580 4808 servientem
2617 4751 2964 4806 substitutam
3007 4765 3112 4805 non
3152 4747 3584 4814 defuisse;'nam
3619 4746 3664 4800 si
3699 4730 3873 4802 senio.

2255 4859 2354 4914 per
2374 4829 2620 4898 serviens
2644 4851 2896 4898 creatura
2925 4837 3030 4896 non
3053 4840 3178 4905 fuit,
3203 4839 3470 4910 sequitur,
3498 4852 3674 4908 neque
3691 4851 3842 4894 crea»

2258 4945 2464 4999 torem,
2504 4949 2684 5003 neque
2709 4943 2992 4988 creaturae
3032 4947 3246 5003 semper
3280 4931 3672 4986 dominatorem
3707 4931 3838 4984 exti-

2257 5025 2416 5093 tisse;
2467 5034 2525 5082 at
2549 5041 2679 5083 vero
2719 5027 2846 5098 quia
2893 5035 2948 5083 et
2979 5041 3193 5098 semper
3237 5031 3453 5082 creator
3491 5033 3548 5080 et
3595 5021 3853 5080 dominus

1861 5181 2110 5238 V'ARIAE
2151 5181 2552 5240 LECTlONES.

639 5333 654 5366 ⁸
690 5329 778 5388 CF
809 5345 1028 5386 suasum
1069 5339 1120 5384 to
1149 5341 1330 5396 saepe.

564 5403 830 5476 paratibus
864 5400 974 5476 om.
1005 5399 1114 5476 Cf.
1143 5469 1156 5476 _
1214 5391 1427 5476 "gem!"
1579 5410 1782 5476 animo,
1874 5406 2059 5476 animi.

564 5463 710 5538 itaet.
731 5471 815 5528 cr
846 5473 928 5527 Ac
951 5480 1007 5525 ut
1035 5469 1170 5525 ﬁdei.
1257 5469 1323 5538 ιο,
1342 5467 1433 5522 Sic
1459 5466 1574 5532 cr;
1597 5463 1949 5538 summa.

1405 5331 1428 5361 ⁸
1464 5321 1512 5382 Α
1542 5341 1658 5380 esse
1680 5332 1878 5379 creato.
1956 5319 1978 5352 ³
2014 5320 2375 5392 corporalium
2397 5337 2506 5376 om.
2551 5321 2658 5377 (λιν.
2736 5319 2758 5353 ’⁸
2791 5339 2917 5376 suas
2941 5335 3051 5376 om.
3085 5317 3182 5375 CF.
3269 5319 3291 5350 ‘
3321 5317 3370 5374 Α
3399 5327 3546 5384 .qttut

1405 5396 1427 5436 Ρ
1451 5413 1467 5446 :
1505 5395 1556 5446 Α
1579 5410 1777 5446 animo.
1809 5391 1850 5446 C
1874 5406 2059 5446 animi.
2155 5393 2178 5424 ⁸
2205 5394 2241 5446 Α
2273 5407 2524 5446 stramime.
2616 5393 2636 5424 ’
2666 5391 2758 5446 Sic
2797 5408 2962 5446 supra
2991 5391 3141 5445 adscr
3215 5404 3340 5444 corr
3406 5375 3479 5444 Ρ·
3512 5389 3546 5441 Α

2273 5407 2524 5446 maxime.

2028 5409 2059 5443 Ι.
2155 5409 2178 5424 '
2205 5409 2241 5446 ὂ
2273 5409 2524 5446 maxime.
2616 5409 2636 5424 ’⁷
2667 5409 2758 5448 διε
2797 5409 2962 5463 supra
2991 5409 3141 5445 allSCl
3215 5409 3340 5444 ε’(ητ
3406 5409 3438 5444 ιι
3471 5409 3479 5418 ’
3512 5409 3557 5441 Α
3602 5409 3680 5441 ΛΟ
3727 5409 3848 5442 υεῑα

2028 5460 2076 5532 ¹¹ί
2094 5459 2184 5516 Sic
2214 5461 2301 5518 CF
2323 5479 2338 5526 ;
2366 5478 2506 5532 quae
2535 5479 2691 5518 sensu
2720 5474 2765 5516 et
2795 5463 3056 5532 intellectu
3152 5461 3195 5492 ¹¹
3217 5459 3260 5514 Α
3288 5465 3342 5514 in
3368 5458 3623 5527 sapientia
3649 5455 3848 5532 fortuna

3663 5318 3694 5348 "
3731 5331 3824 5372 tor

2616 5393 2636 5424 ’
2666 5391 2758 5448 Sic
2797 5375 2962 5463 supra
2991 5391 3141 5445 adscr
3180 5404 3340 5463 _rorr
3406 5375 3479 5444 ᾗ·
3512 5389 3680 5463 Α-Αιξ
3727 5403 3848 5442 vero

565 5526 992 5618 eit‘ll'iuina.-_"
1029 5537 1340 5618 $chCF_3_A
1375 5526 1902 5618 meomprelicnsibili
1957 5531 2172 5618 credita.
2227 5526 2408 5618 inparti
2430 5534 2614 5616 modo.
2685 5532 2729 5564 ’⁷⁸
2767 5532 2857 5588 Sic
2876 5531 2960 5588 CF
2983 5549 2995 5560 υ
3036 5530 3072 5584 Α
3094 5526 3605 5618 extra‘tpsn‘n‘re‘ro.
3683 5526 3727 5558 "
3759 5542 3820 5580 θα

571 5602 686 5671 rum
714 5629 825 5670 om.
858 5611 964 5669 CF.
1041 5611 1086 5643 “
1111 5609 1204 5666 Sic
1232 5609 1348 5676 ΟΕ,
1377 5610 1421 5662 Α
1454 5602 1717 5676 sapientia
1757 5602 1930 5657 divina

581 5684 622 5726 '9
659 5687 910 5740 Dominus
945 5699 1032 5738 om
1084 5681 1153 5738 Λ.

570 5754 912 5849 «quomodo
949 5741 1017 5780 ν’
1082 5763 1166 5805 sic
1194 5746 1383 5826 CE;A
1408 5745 1848 5842 inueteratam.

2055 5601 2162 5668 ’,δι
2189 5623 2198 5635 ·
2226 5602 2338 5668 CF,
2379 5605 2423 5657 Α
2467 5612 2521 5658 et
2566 5605 2670 5658 vita
2723 5615 2929 5657 aeterna
3001 5613 3072 5654 est
3105 5614 3192 5659 0m
3238 5597 3305 5656 Λ²

1228 5679 1274 5710 eo
1302 5666 1398 5734 sic
1414 5666 1534 5734 αρ’
1563 5676 1608 5731 Α
1636 5677 1705 5732 ac
1739 5678 1908 5740 seipse
2003 5673 2044 5702 τε
2073 5666 2165 5731 Sic
2199 5668 2290 5732 CF
2329 5666 2334 5668 Ἴ
2364 5676 2408 5728 Α
2447 5685 2777 5740 permanente

3419 5603 3456 5630 ⁸⁸
3495 5596 3586 5651 Det
3625 5610 3713 5651 om
3793 5613 3804 5619 ·

2873 5652 3347 5750 «scissam
3438 5661 3608 5729 “Sic
3643 5652 3818 5749 cm
