4226 6240
942 22 965 37 α
998 26 1013 39 1
1032 20 1405 39 κανων-ι..-
1420 20 1719 37 Μυκη-

473 284 582 344 Ol!)

1842 275 1962 358 ιρις
1970 276 2129 335 Nle
2166 276 2366 338 soon

470 392 709 469 generali
740 391 992 455 videlicet
1023 392 1134 448 vita
1184 406 1348 462 quam
1379 389 1601 462 Speciali
1634 398 1689 445 et
1730 388 1991 462 singulari
2024 390 2063 454 ¹,
2096 394 2144 454 Α
2174 389 2303 447 hqu
2329 389 2374 423 ‘°
2398 390 2625 463 mystice
2646 391 3002 463 signiﬁcatur.
3031 392 3185 463 Quod
3206 395 3251 452 si
3274 394 3511 469 cuipiam
3534 395 3769 457 incredi-

460 489 624 561 juxta
673 485 939 558 eloquium
978 483 1155 555 deﬁcit
1206 484 1311 540 vita
1348 483 1516 539 omnis
1554 482 1624 537 ad
1654 492 1872 546 terram.
1898 490 1949 538 et
1979 481 2074 538 de-

469 579 709 653 ﬁcientia
738 578 811 633 ad
842 576 1266 647 participandum
1295 592 1409 630 eam
1443 575 1829 645 inﬁrmitatem,
1877 574 2071 630 iterum

468 685 741 737 conversa,
786 668 977 724 iterum
1022 666 1279 725 animalia
1319 666 1477 737 ﬁunt.
1523 665 1580 721 lu
1638 666 1836 736 quibus
1887 664 2073 722 verbis

468 760 704 831 praefati
737 759 976 832 theologi
1008 774 1117 815 non
1156 759 1613 816 resurrectionem
1644 758 1963 814 animalium
1992 758 2069 814 ir-

469 849 903 917 rationabilium,
954 865 1049 905 seu
1081 864 1263 904 rerum
1308 863 1470 905 sensu
1507 848 1812 904 carentium
1852 849 2070 904 restitu-

469 943 672 997 tionem
698 944 720 976 ³
744 943 797 996 in
845 942 1113 1016 pristinas
1133 942 1345 1012 species
1370 942 1839 1012 quantitatesque,
1871 940 2071 1012 quibus

469 1035 705 1089 muudus
746 1034 850 1089 iste
889 1034 1169 1105 impletur,
1200 1034 1438 1107 futuram
1472 1019 1851 1105 intelligimus,
1886 1036 1981 1090 sed
2012 1035 2069 1089 in

469 1141 666 1183 causas
694 1143 846 1191 suas,
876 1142 940 1181 ex
970 1126 1168 1197 quibus
1198 1126 1522 1197 procedunt,
1547 1136 1604 1181 et
1633 1126 1686 1180 iu
1716 1126 1912 1196 quibus
1940 1124 2069 1181 sub-

469 1217 693 1283 sistunt,
731 1217 961 1273 reditum
991 1231 1113 1273 esse
1149 1216 1415 1272 futurum.
1443 1216 1562 1273 Non
1592 1216 1737 1272 enim
1780 1217 1941 1283 dixit,
1991 1216 2068 1271 di-

472 1314 658 1367 vinam
686 1312 853 1366 vitam
884 1311 1164 1381 angelicae
1192 1311 1529 1367 sohunmodo
1558 1318 1612 1365 et
1640 1310 1934 1375 hmuanae,
1965 1310 2067 1365 hoc

477 1411 583 1470 est,
637 1401 1015 1458 intellectualis
1048 1410 1105 1457 et
1134 1398 1415 1457 rationalis
1467 1400 1612 1454 vitae
1650 1415 1873 1455 causam
1920 1414 2063 1466 esse,

473 1498 569 1550 sed
598 1493 984 1549 uuiversaliler
1006 1494 1187 1548 omnis
1212 1493 1375 1548 vitae.
1404 1492 1596 1550 Omnis
1626 1500 1807 1547 autem
1840 1493 1949 1548 vita
1973 1502 2071 1548 aut

466 1585 747 1641 rationalis
767 1594 871 1653 est,
913 1585 1052 1640 utin
1095 1585 1470 1656 superioribus
1509 1585 1661 1639 libris
1704 1585 1924 1655 copiose
1953 1585 2069 1641 dis-

461 1685 711 1746 putatum
766 1677 812 1741 ³,
860 1685 955 1732 aut
1000 1677 1357 1744 irrationalis,
1411 1686 1506 1733 aut
1555 1677 1814 1733 nutritiva
1870 1664 2066 1748 corpo-

2175 481 2284 538 bile
2309 481 2523 539 videtur
2544 492 2601 540 et
2622 495 2810 543 contra
2835 486 3138 542 naturalem
3167 486 3455 564 rationem,
3477 489 3769 548 irratiouao

2116 604 2137 617 κ
2171 573 2299 631 bilia
2330 588 2603 647 sensuque
2625 577 2871 633 carentia
2902 576 2956 633 in
2989 578 3285 635 humanam
3320 580 3557 638 transire
3603 592 3769 640 natu—

2172 680 2313 730 ram,
2341 666 2577 736 primum
2609 666 2851 724 intentus
2877 668 3259 741 auspicetur,
3288 671 3436 741 quod
3479 669 3775 733 inferiores

2173 757 2443 813 humanae
2472 770 2702 816 naturae
2738 769 2954 831 partes,
3001 776 3224 817 sensum
3269 762 3394 819 dico
3439 777 3770 835 corporeum

2171 863 2228 905 et
2268 852 2591 908 nutritivam
2628 854 2796 908 vitam
2839 852 3124 925 ipsumque
3153 868 3373 923 corpus,
3409 855 3766 925 irrationabi-

2169 939 2300 996 lium
2351 957 2623 1013 sensuque
2653 943 2956 1000 carentium
2994 959 3093 1001 nec
3124 960 3233 1001 non
3269 956 3324 1002 et
3353 945 3396 978 "
3425 953 3770 1005 terrenarum

2169 1049 2460 1103 corporum
2493 1032 2897 1091 conditiOuibus
2925 1036 3238 1093 simillimae
3276 1046 3424 1093 sunt.
3465 1039 3539 1093 'At
3590 1038 3635 1095 si
3690 1038 3769 1097 ita

2167 1134 2276 1192 est,
2305 1129 2438 1198 quid
2468 1128 2663 1183 mirum
2701 1139 2793 1183 aut
2832 1128 3145 1185 incredibile
3183 1130 3249 1196 ",
3269 1130 3314 1185 si
3344 1117 3542 1187 similia
3585 1141 3770 1187 trans-

2166 1227 2293 1273 eant
2331 1218 2384 1274 in
2434 1220 2517 1273 sui
2558 1219 2791 1286 similia,
2836 1231 2897 1276 ut
2940 1235 3005 1276 ex
3063 1220 3247 1278 multis
3286 1222 3556 1289 similibus
3600 1239 3767 1278 unum
3830 1232 3839 1235 ’

2134 1312 2139 1317 ’
2169 1310 2424 1381 quiddam
2475 1311 2601 1369 sibi-
2625 1312 2801 1368 simile
2847 1312 3135 1382 ciliciatur,
3167 1314 3240 1371 ita
3290 1323 3473 1370 tamen
3506 1314 3768 1371 inferiora

2169 1400 2365 1456 similia
2401 1401 2444 1435 ³⁸
2474 1403 2526 1458 in
2572 1404 3133 1476 superiora,quorum
3178 1406 3566 1463 similitudines
3616 1416 3767 1473 sunt,

2171 1503 2477 1552 transeant.
2504 1495 2621 1552 Non
2645 1498 2789 1553 enim
2820 1498 3084 1571 naturalis
3126 1502 3271 1557 ratio
3309 1500 3442 1555 sinit
3487 1484 3769 1572 superiora

2171 1588 2224 1642 in
2256 1586 2511 1643 inferiora
2541 1590 2760 1653 mutari,
2790 1589 3048 1646 inferiora
3078 1607 3209 1646 vero
3237 1593 3520 1663 superiora
3544 1603 3769 1649 natura-

2172 1678 2296 1732 liter
2324 1680 2801 1750 appetunteiSque
2825 1680 3012 1736 volunt
3060 1680 3106 1713 ”
3155 1671 3404 1737 adunari.
3464 1682 3770 1755 Perspiciat

464 1785 585 1822 rum
613 1776 665 1823 et
691 1768 905 1824 auctiva
934 1766 985 1834 ’⁵,
1016 1768 1119 1823 hoc
1158 1776 1245 1824 est
1269 1776 1363 1824 aut
1389 1761 1655 1839 angelica,
1686 1770 2060 1834 antbumana,
2093 1754 2141 1814 Β
2169 1783 2386 1839 quoque
2435 1772 2718 1841 passiones
2774 1772 3166 1829 irrationabilis
3235 1778 3518 1830 creaturae
3546 1818 3561 1843 ,
3606 1754 3766 1847 quas
3814 1770 3832 1783 ⁸

467 1868 561 1914 aut
592 1858 863 1922 animalis.
894 1869 988 1914 aut
1015 1875 1180 1916 sensu
1209 1862 1515 1917 carentium
1542 1884 1561 1925 ,-
1592 1871 1652 1915 ut
1678 1870 1805 1916 sunt
1834 1860 1977 1933 ligna
2007 1870 2063 1916 et

466 1954 672 2013 herbae
697 1965 993 2026 ceteraque
1032 1956 1250 2017 similia.
1282 1956 1336 2010 in
1380 1956 1581 2026 quibus
1626 1956 1809 2011 vitalis
1858 1956 2061 2011 solum-

464 2047 628 2102 modo
675 2056 853 2101 motus
890 2055 1171 2118 oneratur.
1208 2046 1286 2101 Ae
1325 2062 1423 2117 per
1460 2047 1564 2103 hoc
1596 2063 1702 2102 non
1728 2048 1795 2103 de
1819 2048 1934 2104 sola
1962 2048 2062 2102 hu-

462 2153 624 2192 mana
676 2138 808 2201 vita,
839 2139 934 2194 sed
960 2138 1027 2195 de
1056 2138 1310 2193 omnibus
1340 2137 1637 2209 praedictis
1677 2138 1824 2194 vitae
1857 2138 2061 2207 specie-

459 2230 586 2295 bus,
621 2244 721 2285 nec
748 2231 814 2283 de
845 2231 1166 2301 corporibus
1202 2229 1547 2287 solummodo
1576 2229 1849 2295 humanis,
1873 2229 1968 2287 sed
1993 2229 2061 2285 de

465 2323 721 2378 omnibus
765 2337 910 2392 quae
949 2322 1173 2394 spiritus
1216 2323 1362 2378 vitae
1388 2330 1628 2393 vegetat,
1658 2312 1899 2377 divinum
1930 2336 2058 2392 pru-

459 2414 681 2469 nuutiat
721 2413 996 2482 eloquium
1025 2431 1046 2467 ι
1068 2413 1291 2484 Auferes
1332 2414 1577 2486 spiritum
1612 2430 1817 2478 eorum,
1851 2424 1899 2468 et
1929 2412 2063 2483 deﬁ-

459 2504 615 2568 cient,
665 2515 711 2558 et
752 2505 807 2558 in
849 2507 1112 2575 pulverem
1150 2522 1306 2560 suum
1332 2516 1673 2561 revertentur.
1722 2504 1878 2561 Nulla
1915 2506 2058 2561 enim

460 2592 592 2661 vita,
625 2610 718 2650 seu
758 2594 1063 2660 rationalis,
1095 2610 1190 2651 seu
1217 2595 1489 2661 animalis,
1512 2610 1607 2651 seu
1640 2595 1923 2663 nutritiva,
1946 2595 2056 2659 diu,

459 2697 522 2742 ut
572 2702 679 2742 non
714 2687 945 2743 'dicam
989 2701 1227 2757 semper,
1279 2686 1659 2757 corruptibilis
1706 2693 1763 2742 et
1808 2685 2059 2742 mortalia

461 2791 692 2847 corpora
740 2772 1022 2834 viviﬁcare
1067 2785 1127 2834 et
1168 2778 1557 2834 administrare
1586 2784 1799 2848 potest;
1831 2778 2061 2849 ideoque

458 2860 886 2940 deserit,'eaque
924 2868 947 2902 ⁸
974 2870 1272 2929 decet-cute
1303 2869 1556 2927 deﬁcient
1581 2872 1601 2893 '
1633 2885 1884 2943 corpora,
1913 2878 1970 2927 et
2006 2870 2059 2926 in

459 2960 739 3031 pulverem
793 2976 953 3017 suum
1010 2946 1379 3019 revdrtentnr.
1419 2960 1488 3019 Et
1521 2963 1627 3018 hoc
1651 2960 1907 3034 estquod
1937 2962 2056 3017 ait:

372 3048 383 3049 ί
462 3038 531 3105 Et
568 3050 809 3121 deﬁcient
835 3057 883 3116 ⁸,
917 3050 968 3107 id
1010 3060 1095 3108 est
1122 3051 1376 3108 animalia
1402 3060 1455 3108 et
1477 3054 1721 3125 germina
1749 3052 2058 3124 ad'partici-

459 3144 701 3215 pandum
724 3159 843 3200 eam
877 3144 1248 3203 inﬁrmitatem
1269 3145 1323 3213 ’;
1355 3162 1463 3203 non
1485 3147 1631 3205 enim
1653 3162 1871 3219 semper
1886 3147 2058 3218 parti-
2083 3113 2129 3176 Ο

458 3235 644 3305 eipare
692 3235 858 3300 vitam
902 3234 1152 3307 possunt,
1175 3245 1401 3309 prepter
1428 3238 1859 3311 corruptibilium
1888 3247 2058 3294 terre-

463 3342 771 3397 noruntque
815 3343 1110 3399 corporum
1161 3328 1534 3384 inﬁrmitatem
1582 3341 1639 3387 et
1681 3330 2053 3403 fragilitatem.

462 3414 743 3473 Naturalis
787 3427 970 3472 autem
1010 3418 1257 3489 operatio
1294 3416 1437 3474 vitae
1469 3418 1523 3474 in
1560 3421 1901 3492 corporibus,
1941 3419 2057 3476 sive

463 3519 530 3559 ea
578 3505 816 3580 regendo
850 3506 966 3562 sive
995 3506 1314 3572 deserendo,
1350 3508 1417 3563 ad
1447 3507 1765 3566 Creatorem
1811 3509 2053 3566 omnium

463 3594 725 3654 refertur.
765 3596 1068 3668 Pmpterca
1114 3598 1283 3654 dicit:
1311 3598 1533 3669 Auferes
1570 3600 1814 3671 spiritum
1849 3616 2054 3665 eorum,

467 3702 577 3741 nou
611 3687 755 3758 quod
783 3686 927 3742 Deus
951 3687 1165 3743 auferat
1188 3689 1441 3760 spiritum
1465 3690 1629 3746 ullius
1649 3692 1916 3761 corporis,
1959 3690 2055 3747 sed

457 3779 602 3849 quod
620 3779 771 3836 sinat
789 3780 836 3813 ”
858 3779 1084 3850 spiritus
1108 3780 1497 3853 corruptilibus
1518 3784 1841 3854 corporibus
1865 3798 2057 3856 grava-

354 3918 360 3924 .
459 3883 547 3926 tos
569 3869 611 3903 “
635 3868 707 3925 ab
729 3870 809 3926 eis
832 3869 1065 3927 deﬁcere
1088 3872 1154 3927 ad
1180 3879 1415 3943 tempus,
1461 3872 1514 3927 in
1554 3874 1780 3929 eandem
1811 3876 2056 3929 incorru-

455 3962 806 4032 ptibilitatem
821 3963 875 4018 et
898 3962 1336 4035 spiritualitatem
1365 3978 1626 4021 conversa
1652 3967 1695 4003 ⁸³
1728 3966 1925 4021 iterum
1956 3981 2055 4020 na-

458 4052 624 4108 turali
671 4064 821 4110 motu
866 4056 1187 4112 reversuris.
1232 4054 1387 4123 Quod
1424 4056 1570 4111 enim
1599 4057 1682 4111 eis
1706 4056 2052 4129 congenitum
2082 4083 2085 4086 ν

450 4154 545 4201 est
569 4146 626 4201 iu
652 4145 799 4201 hunc
827 4147 1112 4212 mundum,
1140 4161 1247 4203 non
1279 4158 1507 4218 possunt
1534 4164 1750 4218 semper
1775 4149 2050 4214 deserere,

452 4236 553 4292 sed
604 4240 931 4310 quandoque
987 4237 1141 4294 finito
1198 4241 1400 4295 mundo
1456 4240 1757 4310 recipient,
1811 4242 1938 4297 dum
1998 4242 2051 4297 in

450 4328 657 4392 causis,
690 4330 831 4396 quod
884 4329 1023 4397 regit
1067 4328 1112 4360 ⁸³
1152 4339 1208 4384 et
1254 4331 1397 4400 quod
1450 4330 1657 4399 regitur
1702 4330 1768 4395 ιδ,
1817 4331 2050 4387 mirabili

458 4423 693 4491 quadam
719 4426 762 4458 ⁸⁸
795 4426 1078 4481 harmonia
1102 4443 1270 4481 unum
1302 4427 1665 4498 inseparabile
1687 4429 1927 4483 futurum
1956 4431 2051 4485 sit.

450 4513 692 4586 ideoque
714 4517 789 4571 ait
826 4534 841 4571 :
872 4514 1067 4584 Emitte
1084 4518 1326 4587 spiritum
1349 4528 1587 4584 tuum,et
1618 4521 2054 4577 creabuntur.Ac

449 4604 506 4658 si
536 4605 738 4661 diceret
780 4621 797 4660 :
845 4607 1094 4677 spiritum
1128 4607 1370 4673 vitalem,
1405 4623 1566 4686 quem
1614 4608 1811 4671 fecisti.
1844 4611 2052 4677 emitte,

463 4701 565 4757 hoc
595 4708 705 4766 est,
728 4702 902 4756 emitti
928 4710 984 4757 et
1012 4702 1191 4756 redire
1224 4704 1277 4775 in
1299 4717 1551 4772 corpora,
1576 4718 1716 4773 quae
1746 4704 2055 4773 temporali-

461 4803 546 4847 tcr
572 4792 827 4859 deseruit,
852 4792 1085 4847 naturali
1116 4794 1360 4863 appetitu
1387 4792 1657 4848 volentem
1713 4793 1891 4848 redire
1932 4808 2055 4863 per-

458 4892 636 4937 mitte.
666 4880 735 4936 Et
759 4882 1031 4937 renovabis
1057 4882 1246 4952 [aciem
1278 4892 1471 4946 terrae,
1504 4882 1607 4937 hoc
1652 4865 1756 4948 est,
1801 4882 2055 4936 adunatis

456 4974 899 5044 inseparabiliter
925 4976 1247 5046 corporibus
1281 4976 1395 5031 suis
1446 4975 1698 5031 vitalibus
1745 4976 2053 5046 speciebus,

454 5067 1460 5140 restaurabisiutegritatemuaturae,
1490 5083 1626 5137 quae
1669 5078 1847 5124 terrae
1890 5082 2053 5124 voca-

2077 4472 2131 4532 D

2165 1872 2286 1931 post
2323 1862 2365 1892 "
2395 1877 2580 1916 casum
2630 1863 2864 1919 hominis
2890 1879 2920 1918 a
2946 1863 3211 1935 dignitate
3257 1865 3471 1920 divinae
3514 1866 3766 1937 imaginis

2165 1954 2397 2009 insertas
2426 1953 2527 2008 sibi
2551 1968 2723 2025 poena
2746 1955 2977 2025 quadam
3027 1955 3232 2025 peccati
3284 1956 3517 2011 humana
3570 1952 3765 2015 natura

2161 2050 2487 2104 attraxerat,
2510 2058 2756 2114 quasque
2778 2045 2822 2076 ³³
2846 2045 3038 2100 insitas
3060 2045 3384 2101 naturaliter
3404 2056 3531 2101 ante
3553 2046 3765 2118 lapsu‘nt

2162 2148 2266 2189 non
2292 2133 2549 2199 habebat,
2575 2134 2780 2191 moveri
2817 2151 2974 2207 posse
3011 2138 3064 2191 in
3094 2138 3200 2203 his,
3225 2138 3315 2207 qui
3344 2136 3571 2209 perfecti
3610 2147 3763 2207 sunt,

2162 2222 2215 2277 in
2249 2222 2479 2279 virtutes
2508 2224 2805 2280 naturales.
2830 2224 3118 2281 Passiones
3144 2235 3325 2282 autem
3357 2227 3481 2282 dico
3512 2228 3764 2299 voluptas

2168 2322 2356 2368 temet
2386 2314 2687 2380 tristitiam,
2716 2317 3211 2387 concupiscentiam
3258 2328 3424 2389 atque
3480 2319 3760 2385 timorem,

2162 2417 2218 2462 et
2246 2420 2388 2479 quae
2407 2421 2476 2461 ex
2525 2406 2611 2479 his
2652 2414 2973 2473 nascuntur,
3025 2423 3165 2479 quas
3216 2409 3271 2463 in
3328 2410 3558 2465 virtutes
3604 2426 3765 2482 posse

2161 2500 2359 2554 mutari
2384 2499 2608 2554 dubium
2631 2513 2736 2554 non
2767 2509 2871 2556 est.
2890 2499 3053 2556 Verbi
3083 2501 3279 2574 gratia,
3315 2502 3761 2573 concupiscentia

2161 2591 2378 2661 quidem
2435 2588 2813 2646 intellectualis
2858 2591 3168 2648 divinorum
3216 2595 3491 2665 appetitus
3546 2592 3760 2655 deside-

2163 2682 2399 2735 rantium
2429 2688 2686 2752 operatur
2712 2691 2952 2749 motum;
3002 2682 3253 2756 voluptas
3297 2699 3427 2741 vero
3469 2684 3761 2743 iunoeuam

2161 2772 2456 2828 nutritivae
2478 2772 2645 2828 animi
2670 2772 3006 2845 operationis
3031 2772 3326 2843 laetitiam;
3355 2776 3515 2831 timor
3539 2789 3758 2847 quoque

2159 2863 2377 2921 futurae
2407 2865 2460 2920 iu
2488 2864 2702 2920 delictis
2742 2864 3025 2936 providam
3066 2866 3290 2924 ultionis
3338 2883 3569 2934 curam;
3626 2868 3760 2925 item

2161 2957 2386 3013 tristitia
2413 2957 2801 3015 oorrectricem
2843 2957 2899 3013 in
2926 2958 3201 3029 praesenti
3256 2959 3521 3016 malorum
3572 2960 3763 3030 poeni-

2165 3052 2411 3107 tentiam.
2449 3050 2506 3107 Si
2533 3053 2989 3125 ergopassiones,
3012 3068 3151 3125 quas
3177 3053 3521 3111 rationabilis
3560 3063 3760 3111 natura

2160 3159 2230 3200 ex
2256 3143 2615 3201 irratibnabili
2656 3145 2710 3199 in
2755 3145 2991 3218 seipsam
3031 3130 3348 3211 deduxerat,
3383 3145 3436 3200 in
3484 3144 3761 3203 naturales

2161 3234 2378 3291 animae
2416 3243 2644 3307 possunt
2664 3235 2862 3289 mutari
2895 3234 3161 3301 virtutes,
3175 3250 3274 3291 cur
3297 3234 3617 3291 incredibile
3662 3235 3755 3301 sit,

2160 3324 2332 3395 ipsam
2367 3322 2901 3382 irrationabilitatem
2929 3324 2984 3380 iu
3031 3323 3373 3380 altitudinem
3415 3324 3756 3380 rationabili-

2160 3418 2291 3474 tatis
2340 3417 2727 3474 transmutari?
2790 3415 2926 3473 Nam
2973 3414 3030 3473 et
3079 3416 3353 3489 superbia,
3393 3433 3534 3489 quae
3589 3415 3758 3475 veluti

2158 3517 2323 3581 caput
2356 3510 2525 3567 totius
2551 3507 2791 3565 malitiae
2817 3509 3159 3581 perhibetur,
3193 3509 3247 3565 in
3289 3523 3532 3565 amorem
3575 3508 3753 3567 caele.

2158 3603 2259 3659 stis
2285 3601 2670 3669 excellentiae,
2692 3610 2747 3657 et
2768 3603 2822 3658 in
2859 3601 3177 3673 despectum
3220 3610 3471 3657 terrenae
3522 3600 3755 3656 inﬁrmi-

2124 3719 2132 3725 ο
2161 3698 2288 3753 tatis
2314 3698 2366 3752 in
2390 3697 2547 3755 bonis
2575 3695 2889 3753 hominibus
2915 3696 3170 3759 vertitur,
3197 3696 3414 3750 dicente
3445 3694 3752 3767 Apostolo:

2159 3784 2308 3852 Quae
2330 3802 2538 3841 sursum
2558 3796 2678 3841 sunt
2709 3789 2899 3857 sapite,
2930 3803 3035 3841 non
3072 3784 3123 3833 ’ἔ
3157 3802 3295 3859 quae
3335 3801 3492 3857 super
3536 3797 3748 3840 terram.

2156 3876 2514 3949 Breviterque
2533 3876 2846 3941 dicendum,
2876 3876 3084 3931 nullum
3117 3875 3309 3930 vitium
3336 3888 3491 3939 esse,
3522 3875 3664 3947 quod
3698 3873 3755 3930 in

2157 3965 2510 4039 sapientibus,
2543 3965 2728 4022 divina
2752 3965 2926 4038 gratia
2957 3966 3010 4021 in
3040 3966 3122 4022 eis
3143 3962 3191 4004 "'
3219 3975 3513 4038 operante,
3550 3965 3755 4036 mutari

2125 4072 2130 4076 '
2157 4056 2213 4111 in
2254 4055 2513 4111 virtutem
2537 4071 2647 4111 non
2679 4055 2872 4127 possit.
2898 4055 2978 4110 Ac
3009 4056 3091 4112 sic
3114 4057 3183 4112 de
3215 4056 3418 4112 malitia
3447 4056 3585 4113 solet
3629 4055 3751 4112 fieri

2155 4147 2397 4212 bonitas,
2424 4147 2491 4203 de
2520 4147 2767 4203 bonitate
2792 4156 2973 4203 autem
2998 4162 3338 4218 nequaquam
3376 4148 3607 4204 malitia.
3630 4148 3754 4215 Vir-

2157 4246 2246 4293 tus
2273 4239 2540 4309 siquidem
2567 4238 2829 4295 bonitatis
2880 4239 3218 4297 oontrarium
3263 4240 3346 4301 sui
3401 4240 3455 4294 in
3516 4240 3750 4311 seipsam

2155 4331 2426 4386 consumit
2451 4330 2514 4383 ²⁵.
2549 4329 2788 4386 Malitiae
2805 4344 2936 4386 vero
2962 4330 3196 4386 dedecus
3231 4330 3489 4393 bonitatis
3512 4328 3751 4401 pulchri-

2157 4422 2399 4478 tudinem
2427 4420 2742 4477 decolorare
2778 4421 3111 4493 impossibile
3136 4431 3238 4477 est.
3294 4422 3351 4477 Si
3394 4421 3578 4493 itaque
3617 4422 3750 4478 vitia

2160 4513 2215 4568 in
2246 4512 2497 4579 virtutes,
2530 4527 2655 4568 cum
2693 4511 2794 4567 sibi
2824 4511 3053 4568 invicem
3077 4513 3355 4569 contraria
3382 4513 3511 4579 sint,
3541 4512 3747 4569 moveri

2159 4621 2264 4661 non
2297 4619 2557 4674 negamus
2596 4623 2609 4660 :
2653 4621 2753 4660 cur
2806 4613 3033 4662 naturas
3085 4605 3373 4663 inferiores
3414 4607 3469 4661 in
3522 4615 3747 4664 naturas

2157 4696 2492 4766 superiores,
2517 4700 2643 4750 dum
2670 4695 2773 4751 sibi
2803 4696 2952 4754 nullo
2980 4697 3141 4752 modo
3181 4689 3556 4764 adversantur,
3581 4696 3749 4752 mira-

2159 4789 2252 4844 bili
2290 4787 2525 4858 quadam
2580 4785 2910 4844 adunatione
2974 4786 3277 4844 transfundi
3334 4788 3749 4860 negaverimus?

2158 4879 2303 4935 Satis
2334 4877 2402 4933 de
2431 4877 2515 4934 bis
2540 4876 2743 4933 dictum
2774 4878 2821 4911 ³⁸
2848 4878 2991 4935 υιεε.
3023 4878 3169 4935 Satis
3197 4877 3372 4950 plane.

2225 4974 2316 5029 26.
2360 4972 2501 5030 Mtte.
2537 4971 2803 5041 Quoniam
2835 4988 2965 5037 vero
3006 4974 3074 5029 de
3114 4988 3200 5035 eo.
3228 4974 3371 5043 quod
3415 4972 3743 5031 resurrectio

2154 5079 2442 5135 corporum
2475 5064 2705 5120 naturali
2734 5065 2933 5121 virtute
2950 5105 2966 5132 ,
2989 5064 3171 5120 divina
3200 5064 3375 5136 gratia
3396 5074 3742 5136 cooperante,

832 5228 876 5263 '
1702 5232 1709 5239 '
1744 5222 2001 5280 VARIAE
2036 5219 2441 5279 LECTIONES.

443 5348 479 5430 ξ
547 5354 665 5412 'CF
689 5372 855 5428 quam
880 5362 1129 5430 spectate:
1151 5371 1198 5412 et
1225 5354 1522 5430 singulares

458 5424 499 5498 ‘7
530 5430 570 5498 Α
617 5443 676 5482 ut
705 5424 788 5498 ne.
903 5424 925 5463 δ
976 5428 1063 5487 CF
1100 5445 1186 5494 ea,
1236 5424 1361 5498 quo.

466 5497 507 5534 ‘°
537 5497 629 5555 Sic
654 5497 771 5565 Cl";
799 5499 843 5555 Α
869 5501 1096 5555 desinat.
1185 5496 1346 5568 “_Sic
1380 5496 1488 5563 CF;
1512 5498 1554 5551 A
1579 5508 1845 5568 grauatus.

453 5571 656 5652 tegitur
695 5569 742 5652 ξι
798 5566 1270 5652 quodam‘om._CF

1636 5356 1658 5388 ’
1685 5358 1732 5410 Α
1749 5366 2202 5415 restaurationem.

1470 5425 1495 5460 ⁷
1525 5422 1616 5483 Su:
1657 5425 1742 5490 A;
1791 5425 1878 5481 CF
1904 5424 2175 5495 deﬁciunt.

1936 5497 1977 5529 "
2007 5496 2097 5551 Sic
2125 5495 2244 5559 CF;
2268 5495 2312 5550 Α
2343 5511 2606 5549 converso.

1392 5574 1434 5608 ³⁸
1455 5569 1498 5625 Α
1525 5566 1773 5623 vorabulo
1800 5577 1989 5622 terrae.
2068 5567 2111 5599 ⁸⁷
2134 5578 2181 5621 et
2206 5585 2294 5621 om
2343 5566 2407 5619 Α.

2293 5354 2315 5437 ξ
2342 5352 2439 5437 §ic
2463 5352 3071 5437 §F;l§nditpu.ta‘dmus.
3169 5355 3190 5386 ⁸
3213 5352 3446 5437 ξὶςὶρΐρ
3473 5354 3517 5437 ᾼ
3549 5357 3738 5437 activa.

2291 5426 2315 5457 "
2342 5424 2432 5479 Sic
2457 5424 2537 5491 A;
2588 5423 2674 5479 CF
2700 5433 2756 5479 et
2793 5423 3111 5506 deﬂuentia.
3219 5423 3361 5508 .'CF
3406 5426 3735 5551 igrmitate.

2291 5498 2312 5550 ι
2343 5511 2606 5549 converso.
2698 5494 2742 5528 ⁸⁸
2767 5494 2858 5549 Ste
2882 5492 3017 5565 CF;
3054 5495 3101 5549 Α
3130 5504 3271 5565 tegit.
3320 5563 3329 5565 A
3368 5494 3413 5529 ιδ
3485 5513 3533 5551 te
3554 5495 3663 5561 CF;
3691 5495 3737 5552 Α

2486 5565 2530 5598 ’⁸
2550 5564 2928 5621 Aincredibile
2946 5576 3043 5619 est.
3121 5563 3417 5631 "'SieCF;
3445 5567 3487 5622 A
3516 5567 3563 5622 si
3592 5565 3743 5623 simi-

458 5630 528 5709 t_i_a'
545 5641 609 5709 in
636 5644 716 5696 sui
743 5630 960 5706 similia,
988 5642 1042 5695 id
1067 5650 1140 5696 est
1172 5640 1225 5703 in
1255 5644 1535 5709 superiora
1575 5650 1678 5693 etc.
1757 5637 1804 5672 ⁸ο
1834 5637 2008 5692 colunt
2034 5638 2240 5709 orn._A.
2316 5636 2357 5670 "
2390 5634 2482 5709 Sic
2499 5633 2619 5709 CF;
2643 5630 2690 5691 Ἀ
2712 5637 3061 5709 propterlu“
3091 5637 3134 5691 Α
3164 5652 3295 5709 quas
3325 5630 3473 5709 t-qtte
3509 5652 3623 5694 om.
3644 5637 3690 5691 Δ
3713 5643 3735 5708 )

460 5706 627 5765 “Ad
677 5728 789 5770 non
885 5715 930 5746 ³⁵
952 5712 1006 5767 in
1035 5713 1108 5769 eis
1129 5708 1237 5768 om.
1271 5712 1309 5765 A

1410 5705 1461 5745 ³⁵
1484 5708 1572 5769 διε
1596 5708 1681 5768 CF
1706 5726 1718 5772 ;
1751 5709 1792 5764 Α
1823 5718 1988 5762 mutat
2018 5711 2070 5763 in
2102 5706 2343 5776 seipsam.
2420 5705 2467 5737 "
2490 5707 2683 5761 dictum
2708 5705 2818 5762 om.

2910 5705 3022 5764 CF.
