4226 6232
851 313 910 328 .—

401 337 614 400 9⁸11..

1251 331 1338 388 DE
1382 329 1720 388 DlYlSlthE
1761 325 2110 387 ΝΛΊἭΜΕ.
2157 357 2230 368 -ο
2263 319 2466 382 LlBER
2503 321 2836 393 QUINTUS.

3557 323 3696 380 92%

403 449 612 510 scilicet
641 455 806 519 atque
848 449 866 480 ⁸
897 447 1194 510 humanae,
1247 461 1312 500 ex
1345 445 1542 514 quibus
1570 458 1710 499 tinus
1745 439 1998 498 Christus
2022 448 2066 524 Α
2099 435 2354 492 deiicere.
2383 435 2580 490 Eadem
2604 445 2688 490 est
2713 433 2904 489 ratio”
2923 432 2992 488 de
3015 443 3189 490 morte
3215 445 3270 491 et
3294 435 3422 492 vita.
3465 434 3522 491 Si
3545 437 3698 520 enim,

405 543 672 600 Dominus
711 549 900 596 noster
935 547 1100 610 atque
1147 535 1400 591 Salvator
1445 531 1700 590 mustum
1749 529 2012 588 creditur

400 641 462 686 et
494 630 816 699 intelligitur
849 627 920 682 ab
958 627 1043 718 his
1067 667 1082 692 ,
1135 626 1226 696 qui
1264 613 1604 680 orthodoxae
1643 623 1764 680 lidei
1822 621 1997 696 parti-

400 721 554 794 cipes
576 729 740 780 sunt.
773 733 842 774 an
871 715 1014 774 intra
1047 719 1306 784 tenuioris
1337 716 1716 772 universitatis
1740 715 1996 770 conditae

405 809 718 866 rationabili
745 819 800 866 et
829 807 1154 878 iutelligihili
1191 815 1422 860 naturae
1463 803 1846 876 coguoseibilis
1885 803 1996 860 cir-

399 900 814 964 cumscribitur,
845 901 948 956 hoc
984 907 1108 964 est,
1150 898 1290 952 intra
1324 913 1580 952 muneres
1605 897 1712 967 qui.
1741 897 1992 968 cognosci

401 1001 628 1064 possunt
647 991 940 1056 detinetur,
963 989 1331 1060 unusquisque
1343 983 1370 1019 ³
1383 995 1542 1058 prout
1563 987 1676 1040 vnit
1699 1001 1850 1041 suam
1871 1001 1994 1040 seu-

400 1085 626 1140 tentiam
667 1083 926 1154 proferat.
979 1083 1098 1152 Ego.
1141 1093 1320 1136 autem
1361 1081 1739 1134 incunctanter
1769 1079 1992 1150 vestigia

396 1188 588 1228 eorum
621 1183 843 1244 sequar,
875 1173 964 1244 qui
1005 1187 1108 1226 non
1151 1181 1352 1225 tenere
1390 1171 1704 1242 praedicant
1745 1171 1996 1225 humaui-

397 1273 566 1318 tatcm
597 1261 810 1320 Domitii
841 1265 1011 1329 nostri
1039 1261 1164 1318 Jesu
1190 1261 1389 1320 Christi
1421 1277 1553 1318 suae
1579 1263 1844 1320 divinitati
1877 1263 1994 1318 titti-

397 1363 538 1416 tam,
571 1351 642 1407 ita
677 1363 736 1406 ut
765 1369 963 1416 unum,
1001 1353 1148 1408 salva
1185 1364 1497 1406 naturarum
1529 1354 1760 1418 ratione,
1789 1351 1842 1406 iu
1875 1353 1990 1424 ipsa

390 1453 594 1500 etcum
621 1445 740 1516 ipsa
773 1447 874 1510 sit,
908 1445 1164 1516 quoniam
1201 1461 1304 1498 una
1341 1445 1643 1499 substantia
1683 1453 1796 1508 est,
1837 1455 1892 1498 et
1931 1453 1992 1499 ut

395 1533 650 1588 usitatius
687 1535 902 1598 dicam,
941 1551 1046 1590 una
1081 1549 1308 1606 persenti
1345 1527 1656 1590 humanitas
1689 1533 1895 1590 Christi
1933 1542 1994 1589 et}

351 1623 358 1630 ’
393 1623 670 1680 divinitas.
701 1626 772 1681 Et
805 1627 1266 1696 quemadmodum
1307 1615 1563 1683 divinitas
1608 1627 1726 1696 ejus
1769 1643 1987 1710 omnem
2017 1671 2020 1676 .

393 1729 618 1787 superat
654 1718 1028 1786 intellectum,
1065 1720 1136 1774 ita
1172 1729 1230 1774 et
1266 1720 1608 1785 humanitas,
1647 1735 1786 1790 quae
1824 1725 1990 1790 super

2093 527 2317 584 onuiiuo
2341 529 2362 560 '
2391 525 2754 582 ubsorbebitur
2783 541 2922 580 mora
2949 543 2984 580 α
3015 527 3116 580 vita
3135 567 3152 591 ,
3179 527 3634 596 quemadmodum
3659 547 3694 585 tt

2089 619 2338 692 bonitate
2379 617 2587 674 malitia
2626 627 2684 675 et
2719 635 2750 673 ει
2791 619 3132 675 beatitudine
3178 619 3399 678 miseria
3425 641 3444 675 τ
3491 627 3614 694 quis
3657 641 3690 677 a

2093 721 2272 769 morte
2303 721 2362 768 et
2399 711 2622 768 miseria
2663 713 3028 780 torquebitur,
3069 715 3296 783 quando
3319 723 3474 772 extra
3516 717 3686 771 vitam

2093 815 2148 859 et
2185 805 2572 860 beatitudinem
2607 819 2770 859 nemo
2819 805 3114 861 residcbil?
3143 805 3202 862 Si
3229 822 3359 863 vero
3385 809 3510 878 quis
3535 823 3686 866 asse.

2093 897 2286 962 ruerit,
2309 907 2519 968 partem
2551 896 2822 952 humanae
2845 907 3067 953 naturae
3095 901 3146 952 in
3172 900 3340 956 Deum
3367 893 3688 970 redituram,

2095 997 2304 1058 partem
2335 987 2388 1044 in
2425 989 2616 1059 poenis
2635 983 3189 1059 semper'mansuram
3213 1007 3228 1045 :
3255 1001 3458 1058 uuanta
3481 992 3692 1049 incom-

2096 1083 2278 1148 moda,
2311 1097 2580 1152 veraeque
2606 1084 2806 1160 rationi
2839 1085 3162 1140 reluctantia
3191 1089 3545 1154 assertionem
3573 1087 3692 1160 ejus

2093 1175 2542 1244 consequentur?
2593 1173 2832 1246 (lugetur
2889 1176 3158 1246 siquidem
3219 1177 3414 1242 fateri,
3453 1179 3619 1234 Deum
3649 1180 3690 1212 ⁸ο

2093 1263 2330 1321 Verbum
2355 1281 2464 1320 nou
2498 1274 2664 1320 totam
2699 1268 2992 1322 humanam
3033 1279 3302 1324 naturam.
3338 1271 3430 1326 sed
3477 1281 3690 1344 partem

2091 1353 2563 1428 ejussumpsisse,
2589 1373 2668 1412 ac
2695 1373 2794 1428 per
2829 1359 2936 1414 hoc
2973 1373 3147 1430 neque
3191 1367 3359 1414 totum
3394 1361 3688 1418 humanmu

2092 1446 2504 1518 genus-salvam
2526 1449 2780 1514 voluisse,
2809 1463 2908 1504 nec
2929 1449 3200 1514 salvasse;
3221 1459 3364 1512 quint
3393 1452 3687 1507 absurdum

2091 1537 2510 1612 credere..\'era
2545 1537 2672 1592 item
2717 1541 2858 1594 ratio
2885 1555 3128 1610 puraque
3170 1556 3348 1596 rerum
3389 1541 3690 1612 spcculatio
3749 1557 3756 1564 '

2089 1643 2230 1684 eum
2273 1629 2542 1684 deridebit
2592 1629 2992 1698 simplicitatem
3049 1631 3316 1686 humanae
3361 1641 3590 1688 naturae
3631 1633 3687 1688 iu

2090 1731 2278 1792 partes
2300 1725 2348 1760 “t
2371 1721 2724 1787 dividentem,
2750 1738 2814 1777 ac
2837 1721 3008 1778 veluti.
3026 1733 3092 1778 ex
3119 1725 3304 1777 multis
3331 1723 3688 1780 dissimilibus

329 1839 332 1844 -
393 1813 868 1870 universalitatetn
909 1815 1138 1872 visibilis
1171 1813 1228 1870 et
1266 1799 1626 1888 intelligibilis
1657 1825 1980 1880 creaturae,
2015 1823 2058 1881 Β
2091 1816 2178 1869 vel
2203 1813 2476 1870 similibus
2513 1815 2874 1884 compositam
2927 1830 3054 1872 esse
3101 1815 3410 1880 docentem,
3457 1832 3578 1870 cum
3609 1816 3685 1872 sit

389 1919 556 1974 super
581 1907 763 1962 omnia
793 1907 908 1962 loca
933 1918 990 1962 et
1019 1918 1257 1978 tempora
1281 1949 1294 1972 ,
1325 1924 1490 1980 super
1512 1923 1727 1962 omnem
1753 1907 1984 1962 circum-

391 1997 750 2066 scriptionem
789 2007 858 2052 et'
882 1997 1251 2054 definitionem
1276 2040 1292 2061 ,
1333 1989 1496 2070 super
1531 2013 1720 2053 omnes
1757 1999 1980 2061 caelos,

393 2101 560 2158 super
586 2103 778 2143 omnes
825 2091 1054 2144 virtutes
1100 2099 1154 2145 et
1199 2099 1526 2162 potestates,
1578 2105 1742 2160 super
1787 2103 1979 2152 omne,

391 2177 536 2246 quod
565 2179 766 2233 dicitur
793 2189 851 2234 et
881 2181 1219 2250 intelligitur,
1255 2195 1420 2249 super
1444 2195 1638 2244 onme,
1681 2179 1826 2250 quod
1857 2187 1984 2250 post

391 2267 560 2328 lteum
587 2277 678 2324 est
691 2265 710 2334 ,'
739 2271 978 2326 exaltata
1005 2281 1090 2327 est
1119 2283 1175 2328 et
1203 2273 1679 2342 superessentialis
1705 2271 1867 2334 facta.
1898 2281 1983 2328 est

392 2359 540 2416 omni
571 2373 860 2417 creaturae
887 2363 1448 2434 incomprehensibilis
1485 2375 1540 2420 et
1575 2363 1980 2435 iniuvestigahi-

385 2447 474 2502 lis.
499 2449 564 2504 Et
593 2452 696 2508 hoc
723 2451 776 2506 in
805 2455 1072 2523 superiori
1101 2453 1260 2524 hujus
1285 2457 1466 2526 operis
1495 2466 1642 2511 textu
1670 2457 1974 2512 docuimus.

456 2541 550 2597 27.
603 2541 754 2598 Disc.
807 2545 882 2600 De
929 2545 1262 2602 exaltatioue
1314 2547 1580 2602 ineat-nati
1641 2549 1798 2603 Verbi
1849 2565 1974 2604 cum

387 2647 586 2694 carne,
616 2651 780 2704 quam
825 2636 894 2692 de
927 2637 1146 2708 Virgine
1193 2638 1435 2708 accepit,
1491 2647 1710 2710 totoque
1757 2639 1976 2695 homine

386 2721 640 2794 copulato
667 2725 771 2780 sibi
801 2725 854 2780 in
899 2725 1166 2783 unitatem
1206 2728 1546 2784 substantiae
1587 2745 1752 2801 super
1791 2729 1976 2784 omnia

383 2817 938 2886 supercssentialiter,
967 2829 1022 2873 et
1049 2834 1080 2874 a
1109 2830 1161 2875 te
1187 2821 1405 2891 copiose
1431 2829 1684 2885 suasum,
1712 2829 1768 2875 et
1795 2837 1827 2874 a
1854 2835 1978 2876 san-

383 2905 487 2958 ctis
523 2905 777 2963 Patribus
803 2917 890 2980 est
919 2911 1252 2964 roboratam.
1289 2909 1395 2964 Sed
1425 2920 1608 2965 utrmn
1635 2919 1747 2965 tota
1779 2919 1974 2964 natura

383 2995 620 3052 humana
639 3040 656 3064 ,
694 3015 856 3067 quam
887 2999 1056 3056 solam
1087 3000 1284 3070 partim
1317 3001 1370 3054 in
1399 2993 1592 3056 electis
1641 2999 1976 3055 liberandam

325 3119 328 3123 -
377 3095 736 3156 putaveram,
781 3089 980 3160 partim
1025 3106 1242 3162 semper
1279 3091 1302 3122 ³
1349 3089 1404 3146 in
1461 3093 1706 3162 reprobis
1752 3101 1975 3146 aeterno

2087 1921 2214 1968 una,
2247 1914 2302 1958 et
2337 1905 2584 1974 simplex,
2613 1904 2870 1974 omnique
2909 1904 3300 1974 compositione
3323 1913 3377 1960 et
3401 1904 3682 1960 dissimili-

2087 1997 2272 2052 tudine
2293 2005 2346 2052 el
2375 1995 2776 2068 multiplicitate
2797 1995 3031 2066 partium
3063 1995 3230 2050 libera
3269 2015 3282 2050 :
3311 1998 3552 2068 alioquin
3577 2015 3682 2052 non

2075 2085 2210 2156 jam
2229 2089 2294 2142 ad
2327 2088 2620 2158 imaginem
2651 2087 2744 2144 Dei
2765 2087 2911 2143 facta
2938 2101 3043 2152 εει,
3073 2089 3166 2143 sed
3193 2089 3262 2144 ad
3293 2091 3604 2146 tuorlalittttt
3627 2102 3684 2148 et

2081 2177 2834 2248 corruptibiliumcorporum
2887 2177 3275 2234 multiformem
3335 2181 3677 2244 varietatem,

2079 2267 2224 2338 quod
2243 2265 2558 2323 existimare
2583 2276 2638 2321 et
2667 2267 3045 2322 stultissimum
3069 2277 3174 2332 est,
3199 2277 3253 2322 ct
3279 2270 3678 2340 turpissimmn,

2079 2370 2134 2415 et
2153 2359 2428 2414 omninoa
2473 2359 2528 2394 η·
2551 2359 2776 2415 veritate
2816 2359 3073 2420 alienum.
3125 2359 3297 2416 Porro
3347 2365 3389 2416 si
3439 2363 3676 2420 lnnuana

2079 2459 2270 2504 natura
2301 2451 2476 2520 im:th
2509 2461 2564 2505 et
2606 2449 2902 2504 similitudo
2929 2451 3024 2506 Dei
3061 2461 3169 2516 est,
3201 2451 3446 2522 proiecto
3475 2465 3530 2507 et
3559 2465 3670 2510 tota

2077 2557 2176 2614 per
2227 2551 2397 2596 totmn
2431 2542 2482 2596 in
2515 2555 2574 2596 se
2601 2539 2646 2572 ³³
2675 2539 2788 2612 ipsa
2812 2551 2914 2602 est,
2947 2551 2998 2596 et
3031 2551 3142 2595 tota
3175 2543 3226 2598 iu
3275 2544 3504 2616 singulis
3548 2560 3671 2602 eam

2075 2633 2552 2704 participantibus,
2583 2632 2786 2688 nullam
2819 2634 2872 2687 in
2921 2633 3098 2704 seipsa
3127 2633 3212 2688 vel
3239 2635 3292 2688 in
3323 2635 3508 2706 aliquo
3537 2651 3670 2693 suae

2077 2725 2420 2790 unil'ormiter
2435 2724 2800 2794 simplicitatis
2830 2725 3154 2781 divisionem
3179 2725 3265 2781 Vel
3295 2727 3670 2798 partitionem,

2077 2835 2173 2874 seu
2199 2817 2557 2890 possibilitate
2579 2817 2849 2874 dividendi
2882 2817 2963 2872 vel
2991 2817 3283 2888 partiendi,
3321 2833 3420 2873 seu
3447 2827 3570 2874 actu
3623 2831 3678 2874 et

2076 2927 2242 2983 Opere
2263 2903 2550 2980 recipiens.
2570 2907 2627 2964 Si
2639 2907 2786 2962 enim
2801 2923 2907 2962 una
2929 2921 2980 2963 et
2997 2907 3270 2964 individua
3287 2907 3555 2964 Divinitas
3569 2920 3670 2972 est,

2078 3005 2148 3058 ad
2171 3002 2324 3072 cujus
2341 3000 2634 3070 imaginem
2659 2999 2970 3054 humanitas
2989 2997 3132 3054 facta
3152 3009 3261 3065 est,
3283 3000 3595 3056 necessario
3617 3011 3671 3055 et

2083 3094 2198 3164 ipsa
2220 3096 2338 3146 ‘uua
2367 3101 2422 3146 et
2443 3087 2720 3146 individua
2743 3097 2851 3152 est,
2871 3097 2928 3144 et
2941 3105 3132 3145 omnes
3157 3089 3425 3154 homines,
3457 3089 3676 3144 nemine

383 3176 508 3246 igne
549 3168 918 3249 ﬁrqnendam
964 3181 1230 3246 detineri,
1272 3181 1467 3236 solutis
1513 3181 1684 3251 ipsius
1727 3181 1969 3238 malitiae
1999 3176 2046 3242 C
2076 3193 2323 3254 excepto,
2341 3181 2392 3238 in
2415 3197 2480 3238 ea
2502 3195 2667 3236 unum
2695 3190 2840 3236 sunt.
2857 3179 2924 3234 At
2940 3181 2984 3235 si
3013 3180 3134 3251 quis
3150 3180 3504 3236 immanitatis
3541 3180 3672 3236 sim-

381 3269 703 3326 retinaculis
741 3273 1064 3344 penitusque
1101 3273 1398 3345 disruptis;
1439 3281 1497 3328 ut
1531 3275 1779 3343 superior
1817 3275 1974 3328 docet

379 3361 524 3416 ratio
543 3401 560 3427 ,
589 3377 884 3418 ascensura
911 3371 1026 3428 est,
1059 3381 1168 3434 quo
1195 3365 1466 3436 primitiae
1493 3365 1688 3436 ipsius,
1723 3365 1974 3420 humani-

381 3463 548 3508 tatem
575 3453 780 3510 Christi
812 3447 956 3521 dico,
1003 3455 1244 3512 ascendit
1273 3455 1316 3520 ⁸,
1339 3457 1454 3527 jam
1484 3457 1678 3512 dubius
1707 3459 1968 3524 delibero,

289 3553 294 3556 '
379 3543 638 3611 quoniam
665 3545 808 3599 inter
833 3561 890 3599 se
919 3546 1088 3600 multa
1115 3545 1168 3599 iu
1198 3545 1303 3602 hac
1325 3547 1644 3616 quaestione
1673 3543 1970 3602 colluctan-

381 3645 492 3704 tur.
519 3633 578 3690 Si
607 3637 754 3690 enim
783 3645 894 3692 tota
923 3637 1046 3692 illuc
1071 3653 1364 3692 ascensura
1390 3645 1475 3692 est
1494 3677 1509 3700 ,
1537 3645 1622 3702 et,
1651 3645 1710 3691 ut
1732 3638 1972 3708 apertius

380 3727 588 3788 dicant,
631 3723 964 3782 redituraﬁin
1001 3743 1160 3796 eum,
1202 3743 1362 3798 quem
1393 3727 1671 3799 peccando
1697 3729 1966 3794 deseruit;

379 3819 424 3874 si
461 3831 584 3872 eam
617 3827 786 3872 totam
819 3819 1134 3874 redimendo
1163 3821 1439 3890 suscepit:
1473 3821 1601 3889 quid
1639 3821 1838 3876 dicturi
1875 3837 1968 3876 su-

377 3909 546 3962 mus?
601 3908 792 3964 Nonne
843 3925 1186 3980 consequens
1241 3913 1377 3972 erit,
1433 3911 1636 3966 nullam
1689 3921 1968 3968 aeternam

378 4009 608 4054 mortem
635 4001 892 4056 miseriae
911 4041 926 4066 ,
955 4001 1156 4056 nullam
1186 4001 1470 4072 impiorum
1498 4017 1726 4073 poenam
1756 4015 1970 4056 reman-

377 4091 606 4146 suram?
657 4091 798 4159 Quid
845 4091 990 4146 enim
1037 4092 1092 4146 iu
1139 4091 1224 4147 eis
1271 4093 1629 4162 torquebitur.
1679 4101 1967 4162 postquam

379 4187 491 4235 tota
519 4191 716 4236 natura
738 4221 752 4246 ,
780 4181 936 4252 cujus
959 4189 1014 4236 et
1054 4183 1076 4214 ⁵
1111 4181 1234 4236 boui
1263 4191 1318 4236 et
1345 4183 1466 4235 ntali
1494 4183 1782 4252 participes
1809 4193 1932 4236 sunt
1951 4223 1964 4245 ,

377 4293 486 4332 non
533 4279 712 4334 solum
758 4278 906 4331 omni
951 4287 1126 4332 morte
1165 4287 1327 4348 atque
1371 4277 1576 4332 malitia
1623 4277 1966 4340 liberabitur,

377 4381 566 4423 verum
590 4368 756 4422 etiam
787 4369 840 4420 in
869 4367 1044 4437 ipsum
1079 4368 1247 4422 Deum
1279 4367 1615 4422 revertetur?
1649 4367 1746 4423 Ubi
1773 4384 1904 4439 ergo
1945 4367 1966 4399 ⁶

375 4468 562 4514 aestus
602 4458 689 4512 ille
726 4457 1066 4513 llannnarum
1098 4459 1240 4530 ignis
1269 4459 1508 4526 aeterni,
1541 4460 1593 4513 in
1623 4475 1782 4530 quem
1816 4477 1968 4516 seve-

2075 3274 2374 3345 plicitatem
2389 3283 2442 3328 et
2459 3269 2828 3342 impartibilita
2839 3281 2943 3327 tem
2961 3287 3050 3326 me
3064 3271 3260 3326 dixisse
3285 3271 3427 3326 nulla
3451 3285 3674 3341 praero-

2079 3366 2258 3436 gativa
2283 3363 2328 3396 ⁸⁸
2350 3379 2632 3418 sacrm'um
2652 3363 3468 3433 Patrumauctoritateadjutum
3489 3363 3533 3397 "
3553 3366 3670 3419 exi-

2074 3458 2280 3520 stimet,
2306 3456 2492 3510 audiat
2513 3457 2727 3511 beatum
2741 3455 3036 3528 Origenem
3061 3457 3114 3510 iu
3140 3455 3278 3512 libro
3295 3458 3452 3510 tertio
3471 3457 3524 3510 in
3545 3457 3674 3528 Epi-

2071 3547 2268 3605 stolam
2286 3547 2406 3604 “ad
2431 3547 2704 3602 Bouiauns
2727 3565 2742 3602 :
2765 3546 2876 3618 Ego
2898 3547 3010 3600 dixi
3025 3563 3045 3602 :
3064 3547 3148 3602 Dii
3163 3549 3282 3602 estis
3301 3561 3348 3602 et
3368 3549 3466 3618 [iiii
3489 3548 3676 3604 Excel-

2071 3637 2218 3704 si,'et
2247 3637 2452 3692 addidit
2478 3656 2490 3690 :
2517 3635 2730 3692 Otones.
2757 3635 2904 3704 Quae
2935 3635 3170 3706 adjectio
3197 3655 3358 3692 omn:
3383 3638 3542 3694 simul
3567 3639 3670 3694 sub

2073 3733 2180 3788 hoc
2235 3731 2391 3786 titulo
2426 3729 2722 3784 humanum
2773 3731 3066 3784 connexuit
3113 3746 3304 3800 genus.
3341 3730 3585 3800 Denique
3615 3731 3667 3786 in

2073 3823 2534 3895 consequentibus
2565 3823 2695 3876 dicit
2723 3840 2738 3874 :
2791 3821 2888 3876 νος
2917 3831 3178 3876 autemet
3207 3823 3442 3876 [contines
3481 3823 3672 3876 morie-

2074 3915 2222 3968 mini.
2275 3899 2428 3968 Unde
2470 3923 2518 3966 et
2547 3913 2702 3975 illud,
2731 3913 2870 3984 quod
2917 3913 3166 3982 scriptum
3210 3921 3284 3968 est
3325 3929 3344 3968 :
3373 3912 3439 3966 Et
3469 3916 3670 3982 recogi-

2071 4005 2200 4058 trwit
2235 4003 2372 4058 Deus
2399 4005 2524 4076 quia
2551 4001 2674 4070 fecit
2699 3987 2974 4056 'ltaminem
2995 4019 3152 4072 super
3172 4013 3390 4066 terram,
3414 4015 3461 4057 et
3485 4005 3666 4074 poeni—

2071 4095 2168 4148 tuit
2199 4095 2252 4146 in
2285 4095 2442 4147 corde
2473 4109 2592 4156 suo,
2625 4101 2676 4146 et
2705 4092 2838 4146 dixit
2869 4091 3008 4146 Deus
3052 4109 3070 4147 :
3119 4091 3335 4146 Deleam
3381 4094 3662 4154 hominem,

2070 4199 2221 4252 quem
2269 4183 2390 4252 feci,
2441 4200 2474 4236 α
2505 4183 2644 4252 [acie
2692 4191 2862 4237 terrae
2890 4223 2902 4244 ,
2949 4199 3054 4238 non
3086 4181 3260 4236 solum
3313 4200 3408 4250 pro
3461 4183 3666 4240 excidio

2071 4273 2254 4326 diluvii
2303 4273 2504 4326 dictum
2539 4283 2688 4342 pulo,
2741 4273 2831 4326 sed
2874 4273 3076 4344 aliquid
3111 4289 3178 4326 ex
3221 4273 3319 4328 hoc
3371 4276 3530 4328 etiam
3567 4277 3666 4328 sub

2073 4365 2318 4434 mysterio
2345 4363 2408 4418 de
2425 4363 2620 4434 futuri:
2653 4365 3004 4434 praedictum,
3039 4375 3092 4419 ut
3113 4381 3175 4420 eo
3205 4367 3358 4420 modo
3383 4369 3664 4434 sentiatur,

2071 4455 2212 4528 quod
2247 4456 2446 4510 dictaui
2501 4465 2582 4510 est
2637 4474 2656 4512 :
2711 4455 2920 4510 Deleam
2979 4457 3239 4510 [attritum
3265 4498 3278 4520 ,
3339 4459 3479 4530 quod
3534 4460 3576 4500 ³⁷
3615 4471 3664 4515 et

379 4549 512 4602 ritas
531 4545 826 4616 iustissimi
847 4547 1048 4615 judicis
1081 4541 1252 4602 malos
1281 4549 1514 4604 missura
1541 4559 1658 4614 est,
1684 4550 1873 4605 dicens
1899 4551 1918 4581 ⁷
1949 4569 1960 4604 :
1999 4551 2044 4610 D
2069 4563 2164 4618 per
2189 4546 2496 4617 prophetam
2533 4547 2658 4600 dicit
2693 4547 2834 4600 Deus
2866 4548 2910 4581 ³⁸
2935 4561 2958 4600 τ
2987 4545 3124 4602 Ecce
3163 4549 3300 4602 enim
3339 4549 3486 4604 det‘eo
3529 4551 3664 4605 sicut

373 4637 461 4692 Ite
480 4679 498 4704 ,
533 4629 836 4700 maledicti,
877 4637 934 4690 in
964 4637 1136 4708 ignem
1159 4647 1464 4702 aeternum,
1491 4639 1580 4709 qui
1617 4652 1966 4710 praeparatus

373 4740 452 4784 es!
481 4727 696 4784 diabolo
725 4739 771 4784 et
800 4728 1002 4798 angelis
1031 4729 1146 4800 ejus
1171 4731 1194 4782 ν
1235 4729 1332 4784 Ubi
1375 4735 1480 4784 erit
1515 4731 1840 4802 supplicium
1876 4749 1966 4788 ae-

375 4831 626 4884 teru'nn,
661 4819 715 4874 iu
755 4821 899 4888 quod
937 4820 1064 4874 ituri
1094 4827 1218 4874 sunt
1252 4820 1442 4889 itnpii,
1471 4821 1515 4875 si
1545 4822 1688 4876 nulla
1715 4838 1842 4891 pars
1871 4825 1968 4882 liu-

377 4927 571 4965 tuanae
599 4923 828 4966 naturae
867 4911 1222 4975 reumnserit,
1265 4929 1408 4981 quae
1445 4923 1666 4968 aeterno
1703 4915 1968 4984 supplicio

358 5003 616 5060 obnoxia
637 5001 746 5056 sit?
765 5000 946 5056 Finita
967 5017 1203 5070 namque
1222 5004 1370 5056 omni
1395 5003 1620 5066 malitia,
1644 5005 1768 5072 quis
1797 5005 1970 5060 ntalus

374 5092 717 5149 remmtehit?
743 5091 938 5148 Omnis
960 5093 1104 5146 enim
1136 5093 1309 5146 malus
1334 5093 1540 5146 malitia
1571 5092 1745 5148 malus
1771 5105 1875 5156 est,
1902 5112 1966 5149 ac

321 5187 328 5192 '
367 5199 472 5258 per
499 5187 604 5240 hoc
627 5194 892 5254 pereunte
915 5183 1122 5238 malitia
1149 5183 1346 5252 peribit
1369 5184 1536 5239 etiam
1561 5193 1615 5238 et
1643 5185 1836 5240 malus.
1862 5185 1964 5238 De.

373 5277 592 5334 ﬂcietite
613 5276 816 5347 quippe
839 5291 1004 5332 causa
1043 5275 1414 5330 necessarium
1451 5285 1538 5330 est
1579 5273 1832 5329 elici-tum
1874 5278 1958 5334 sui

2035 4643 2258 4724 ‘nubcm
2295 4642 2594 4714 iniquitates
2625 4653 2744 4696 tua;
2799 4645 2860 4704 Ψ,
2923 4652 2980 4694 ut
3029 4641 3266 4712 rideatur
3311 4640 3490 4694 deletis
3542 4659 3662 4698 eum

2071 4735 2358 4789 secundum
2383 4733 2501 4798 hoc,
2535 4733 2674 4804 quod
2697 4733 2851 4786 homo
2895 4741 2989 4795 est,
3019 4742 3134 4802 post
3165 4731 3294 4784 haec
3317 4730 3494 4800 facere
3544 4748 3662 4786 eum

2071 4829 2263 4890 Deum,
2292 4836 2434 4888 tunc,
2467 4839 2586 4878 cum
2623 4824 2720 4876 erit
2754 4823 2890 4876 Dens
2914 4823 3092 4875 omnia
3141 4823 3194 4876 in
3248 4819 3510 4876 omnibus.
3547 4822 3660 4876 Ma-

2074 4933 2236 4987 gnum
2271 4929 2484 4984 quoque
2517 4913 2821 4983 theologum
2863 4911 3186 4982 Gregorium
3225 4911 3278 4963 iu
3327 4911 3542 4966 decimo
3579 4927 3665 4966 se-

2075 5008 2244 5078 ptiuto
2284 5006 2519 5076 capitulo
2545 5005 2812 5059 sermonis
2839 5005 2904 5056 de
2934 5001 3171 5070 lmagiue
3210 5002 3572 5072 disputantem
3599 5005 3668 5059 de

2075 5097 2414 5152 humanitate
2444 5095 2608 5165 legat,
2634 5095 2724 5148 ubi
2751 5097 2828 5146 ait
2856 5111 2868 5146 :
2900 5091 3039 5158 Quid
3083 5101 3182 5154 est,
3211 5093 3350 5162 quod
3379 5091 3445 5146 de
3469 5093 3555 5146 Itis
3579 5113 3664 5147 ro.

2069 5189 2338 5258 gitmuus?
2383 5185 2598 5250 Sermo,
2641 5187 2730 5257 qui
2776 5186 2902 5238 dicit
2943 5200 2962 5238 :
3013 5181 3160 5238 Fet-tt
3193 5183 3334 5238 Deus
3371 5183 3662 5251 hominem,

2069 5278 2276 5343 inﬁnita
2313 5277 2696 5348 signiﬁcatione
2745 5291 2948 5329 onmem
2989 5275 3366 5330 [inmunitatem
3414 5277 3660 5330 ostendit.

1663 5411 1866 5466 ΗΜΛ
1875 5411 1916 5464 Ε
1959 5409 2362 5468 LECTlO-NES.

451 5532 468 5564 ‘
495 5531 538 5586 Α
571 5541 642 5586 et.
721 5539 742 5571 ι
764 5529 851 5585 CF
883 5531 1118 5600 quisqui:
1147 5529 1274 5600 ruit,
1303 5537 1462 5599 prout
1487 5529 1622 5582 vult.

369 5603 600 5656 dictum.
677 5603 702 5634 ⁸
731 5601 818 5655 (JF
850 5597 986 5654 ratio
1012 5597 1109 5652 est.
1205 5598 1228 5630 ⁸
1263 5597 1474 5652 omnino
1503 5615 1608 5653 om.
1646 5597 1712 5652 Α.

369 5673 455 5742 δε
525 5673 570 5704 ⁸³
611 5673 976 5742 pittct‘ogalira
1007 5685 1116 5725 0m.
1149 5669 1214 5742 Α,
1295 5669 1450 5724 "Sic
1479 5671 1554 5736 A;
1599 5667 1684 5721 lii“
1725 5669 1958 5722 adiuuit.

379 5741 528 5801 deleo
550 5739 870 5812 iniquitati-5
889 5751 1008 5796 tuas
1031 5750 1082 5793 ut
1117 5739 1324 5794 uul'em.

1701 5527 1720 5557 ³
1751 5529 1789 5580 Α
1827 5543 2026 5595 semper
2051 5525 2264 5596 partim.

1783 5599 1826 5628 "
1851 5597 1890 5648 Α
1923 5597 2182 5650 divinum.

2761 5525 2782 5555 ⁵
2814 5535 2862 5576 rt
2889 5539 2998 5578 ain.
3033 5525 3104 5578 Α.
3177 5524 3202 5558 ⁸
3231 5525 3268 5578 Α
3299 5541 3440 5578 vero.
3519 5525 3538 5556 ³
3565 5525 3649 5579 (ρι’

2259 5597 2300 5628 ⁸³
2332 5597 2384 5648 in
2407 5605 2584 5663 partes
2613 5611 2723 5648 om.
2769 5595 2833 5648 Α.
2915 5595 2958 5624 ³⁸
2989 5613 3019 5646 a
3049 5609 3163 5650 om.
3191 5595 3294 5648 Ci“.
3395 5595 3438 5626 ³³
3465 5611 3518 5648 se
3543 5611 3654 5648 oui.

2617 5667 2656 5698 ³⁷
2682 5664 2765 5718 Cl“
2789 5681 2915 5733 quo-
2995 5667 3036 5696 ""
3069 5667 3114 5718 Α
3156 5665 3292 5718 Deus
3319 5665 3474 5719 dicit.
3551 5663 3591 5700 ¹’
3613 5671 3654 5718 Α

2341 5527 2360 5556 ⁸⁸
2391 5525 2480 5578 Sic
2511 5525 2554 5578 Α
2575 5523 2680 5580 CF.

2054 5665 2100 5699 “
2125 5669 2167 5720 Δ
2191 5667 2244 5722 iu
2269 5665 2512 5736 ιψίδιυιιί.
