4210 6220
337 252 443 315 929

1176 243 1264 300 DE
1304 241 1642 301 DIVISIONE
1680 239 2032 297 NATUBAE.
2067 268 2141 279 --
2180 238 2385 295 LlBEll'
2419 238 2740 309 QUINTUS.

2988 208 3017 231 Ι

3496 242 3599 298 930

333 375 621 433 omnisque
649 360 853 417 malitia
887 369 1169 415 interitura
1197 351 1267 416 sit
1290 401 1303 425 ,
1348 360 1442 417 sed
1479 358 1535 414 in
1571 362 1728 428 parte
1757 368 1908 412 crea-
1936 358 1981 417 Α
2009 364 2240 424 quantae
2258 354 2525 424 puritatis,
2551 365 2781 424 quantae
2802 354 3128 422 subtilitatis,
3152 359 3382 427 quantae
3403 352 3606 428 gloriae

334 466 489 511 surae
542 453 943 515 interimentm,
994 468 1047 507 in
1098 463 1255 523 parte
1304 450 1732 523 permanebunt,
1784 448 1909 505 audi

332 560 588 618 magnum
618 545 933 615 Origenem,
963 545 1436 617 diligentissimum
1472 549 1654 598 rerum
1687 540 1907 612 inquisi‘

330 646 527 696 totum.
555 636 607 690 in
635 637 795 692 tertio
824 636 961 692 libro
986 640 1104 713 rupi.
1127 637 1329 713 Ἀρχῶυ
1359 637 1423 692 de
1448 633 1913 692 conSIimmationc

332 730 517 783 mundi
538 772 554 794 ,
595 730 698 785 hoc
727 737 808 785 est
836 730 905 785 de
931 730 1143 785 summo
1171 729 1336 793 bono,
1378 728 1447 783 ad
1477 727 1620 799 quod
1661 726 1910 781 universa

333 819 678 875 rationabilis
711 827 909 875 natura
939 818 1194 885 festinat,
1228 826 1286 873 ut
1315 818 1458 874 Deus
1485 817 1668 871 omnia
1704 816 1758 870 in
1789 829 1912 870 om-

305 889 500 965 inibus
537 908 647 966 sit:
676 925 782 965 non
825 911 970 965 enim
1013 911 1117 965 alia
1156 909 1550 966 consummatio
1597 906 1783 961 mundi
1830 914 1915 960 est

328 1009 550 1071 praeter
582 1001 744 1055 Deum
774 1001 957 1055 omnia
988 999 1043 1054 in
1072 998 1325 1055 omnibus
1354 1014 1475 1055 esse
1505 1006 1829 1050 tractantem
1859 1002 1950 1050 et.

330 1090 601 1148 dicentem
645 1089 685 1143 ¹.
741 1092 892 1154 Quae
929 1090 1034 1143 sint
1064 1104 1187 1160 ergo
1211 1089 1312 1143 ista
1333 1091 1354 1118 ’
1386 1088 1583 1150 omnia,
1613 1102 1747 1155 qttae
1772 1084 1916 1138 Deus

326 1180 547 1251 futurus
586 1179 653 1234 sit
691 1179 747 1235 in
786 1179 1051 1245 omnibus,
1085 1181 1436 1251 requiramus.
1488 1178 1555 1232 Et
1584 1194 1677 1249 ego
1701 1176 1915 1248 quidem

324 1269 581 1336 arbitror,
610 1270 734 1341 quia
766 1272 885 1332 hoc.
911 1270 1052 1340 quod
1079 1270 1136 1325 in
1165 1270 1409 1325 omnibus
1440 1268 1619 1322 omnia
1650 1281 1762 1321 esse
1785 1266 1911 1319 dici~

324 1368 415 1412 tur
440 1359 607 1425 Deus,
631 1361 888 1431 signiﬁcet
918 1359 1076 1431 etiam
1106 1360 1162 1414 in
1187 1357 1410 1431 singulis
1439 1346 1558 1412 eum
1581 1356 1758 1410 omnia
1784 1370 1915 1410 esse.

327 1444 435 1506 Per
460 1450 700 1521 singulos
739 1459 915 1506 autem
956 1451 1134 1505 omnia
1169 1451 1266 1504 erit
1298 1451 1398 1505 hoc
1434 1447 1612 1511 modo,
1652 1455 1731 1511 ut,
1770 1444 1919 1516 quic-

322 1538 453 1606 quid
476 1539 805 1595 rationabilis
828 1556 995 1606 mens,
1012 1547 1298 1611 expurgatu
1319 1538 1462 1594 omni
1484 1538 1731 1592 vitiorum
1750 1535 1916 1606 faece,

324 1641 482 1702 atque
519 1633 666 1706 omni
696 1632 906 1699 penitus
934 1633 1171 1688 obstem
1207 1631 1342 1687 nube
1376 1631 1647 1695 malitiae,
1685 1628 1765 1684 uel
1798 1643 1920 1683 sen-

2015 447 2082 499 sit
2107 445 2337 515 qualitas
2360 445 2593 517 corporis
2618 446 2782 510 illius,
2808 448 2855 500 si
2879 447 3323 532 comparationem
3346 445 3602 517 faciamus

2011 538 2127 608 ejus
2168 538 2239 591 ad
2263 554 2347 601 ea,
2378 554 2512 609 quae
2541 554 2701 601 nunc,
2733 537 2850 592 licet
2891 538 3137 595 caelestia
3165 540 3271 595 sint
3295 549 3344 594 et
3378 539 3609 612 splendi-

2011 628 2230 681 dissima
2257 641 2512 697 corpora,
2536 629 2847 697 manufacta
2891 638 3065 685 tamen
3112 638 3235 683 sunt
3265 639 3315 684 et
3351 628 3581 685 visibilia

2014 719 2094 774 De
2135 720 2229 774 illo
2262 720 2298 751 “
2330 730 2503 773 autem
2534 719 2732 773 dicitur
2760 721 2947 774 domus
2986 736 3097 775 esse
3129 737 3231 775 non
3278 718 3606 790 manufacta.

2013 809 2104 863 sed
2157 819 2370 863 aeterna
2421 808 2475 862 in
2529 800 2711 862 caelis.
2766 806 2908 875 Quia
2961 825 3108 880 ergo,
3169 824 3307 881 quae
3344 808 3604 864 uidentur.

2013 900 2327 971 temporalia
2366 908 2513 965 sunt,
2541 917 2676 970 quae
2724 911 2900 955 autem
2947 917 3050 955 non
3102 901 3365 963 videntur,
3400 908 3615 953 aeterna

2013 999 2158 1053 sunt,
2187 988 2429 1044 omnibus
2461 991 2543 1045 his
2568 990 2896 1061 corporibus,
2921 986 3057 1063 quae
3083 992 3193 1046 siue
3228 992 3285 1045 in
3311 992 3486 1048 terris.
3509 990 3618 1042 sive

2014 1079 2074 1131 in
2112 1077 2273 1132 caelis
2304 1076 2557 1145 uidemus,
2602 1091 2650 1133 et
2692 1095 2829 1151 quae
2860 1082 3022 1135 videri
3066 1074 3309 1150 poss'unt,
3349 1091 3398 1133 et
3424 1092 3587 1134 manu

2017 1167 2160 1237 facta
2191 1179 2313 1223 sunt
2360 1167 2432 1242 [et
2461 1179 2674 1225 aeterna
2704 1173 2848 1241 facta
2895 1169 3041 1243 sunt]
3068 1171 3136 1235 ἰ,
3155 1181 3205 1225 et
3256 1180 3470 1226 aeterna
3505 1187 3611 1228 non

2016 1268 2161 1323 sunt,
2193 1266 2357 1312 multa
2384 1257 2537 1329 longe
2562 1260 2885 1330 praelatione
2913 1258 3181 1329 praecellit
3211 1259 3369 1324 illud,
3397 1254 3539 1334 quod
3562 1275 3611 1319 et

2020 1345 2218 1403 uisibile
2261 1363 2366 1402 non
2395 1356 2492 1415 est,
2523 1364 2616 1403 nec
2645 1349 3008 1418 manufactum
3055 1359 3151 1415 est,
3203 1352 3296 1407 sed
3346 1363 3617 1409 aeternum

2012 1447 2116 1493 est.
2144 1434 2230 1494 Es:
2248 1454 2353 1510 qua
2384 1441 2775 1510 comparatione
2806 1441 2998 1510 conjici
3036 1452 3227 1512 potest,
3256 1454 3484 1513 quantus
3524 1450 3597 1499 de

2020 1545 2128 1592 cor,
2159 1539 2387 1601 quantus
2411 1528 2676 1597 splendor,
2723 1542 3053 1603 quantusque
3080 1532 3260 1605 fulgor
3285 1535 3352 1589 sit
3379 1535 3617 1606 corporis

2021 1618 2346 1689 spiritualis;
2395 1624 2444 1674 et
2490 1636 2669 1676 verum
2720 1616 2834 1676 esse
2882 1621 3013 1676 illud
3061 1624 3201 1696 quod
3248 1624 3444 1682 dictum
3483 1637 3601 1684 est.

322 1723 424 1775 tire
466 1720 545 1778 uel
583 1723 874 1797 intelligere
920 1724 999 1781 vel
1044 1726 1273 1795 cogitare
1317 1733 1505 1795 potest,
1556 1723 1734 1779 omnia
1778 1719 1911 1776 Deut

2027 1709 2172 1777 Quia
2213 1709 2397 1766 oculus
2411 1727 2516 1766 non
2536 1712 2583 1744 "
2606 1712 2750 1776 uidit,
2777 1729 2869 1768 nec
2905 1714 3053 1795 auris
3074 1716 3300 1781 audivit,
3324 1735 3418 1774 nec
3439 1720 3494 1773 in
3519 1736 3609 1774 car

321 1814 415 1881 sit,
463 1822 560 1870 nec
599 1814 742 1871 ultra
781 1816 901 1887 jam
940 1816 1145 1885 aliquid
1182 1815 1330 1871 aliud
1370 1816 1472 1870 nisi
1512 1812 1679 1870 Deum
1715 1813 1911 1879 videat,

323 1904 496 1963 Deum
533 1916 728 1973 teneat,
775 1909 946 1963 omnis
974 1919 1147 1963 motus
1185 1908 1266 1962 sui
1294 1906 1434 1962 Deus
1461 1906 1648 1961 modus
1666 1902 1732 1959 ‘et
1762 1920 1912 1957 men-

321 2014 449 2053 sura
475 2000 581 2064 sit;
610 2008 659 2053 et
688 2000 764 2053 ita
790 1998 887 2054 erit
919 1998 1096 2054 omnia
1123 1997 1287 2054 Deus.
1321 1994 1445 2052 Non
1470 1999 1608 2051 enim
1629 1994 1747 2065 jam
1774 1996 1916 2057 ultra

319 2086 452 2142 mali
475 2089 701 2161 bonique
726 2087 997 2151 discretio,
1025 2088 1151 2157 quia
1180 2104 1437 2155 nusquam
1464 2088 1685 2141 malum.
1719 2083 1913 2140 Omnia

317 2178 459 2233 enim
490 2180 539 2234 ei
569 2177 713 2235 Deus
741 2190 839 2246 est,
877 2181 965 2235 cui
999 2181 1120 2251 jam
1164 2197 1267 2235 non
1295 2177 1503 2251 adjacet
1533 2178 1775 2243 malum;
1818 2192 1912 2231 nec

320 2269 462 2324 ultra
491 2287 559 2325 ea:
586 2258 777 2327 arbore
813 2272 1011 2328 sciendi
1051 2270 1243 2326 bonum
1285 2279 1334 2327 et
1373 2269 1570 2326 malum
1610 2268 1762 2349 edere
1789 2284 1913 2322 eon—

316 2362 575 2432 cupiscet,
598 2363 691 2434 qui
718 2360 740 2392 ³
760 2379 962 2434 semper
1000 2364 1057 2418 in
1083 2362 1218 2418 bona
1244 2373 1342 2429 est,
1368 2372 1417 2418 et
1448 2362 1534 2416 cui
1561 2361 1740 2416 omnia
1772 2356 1911 2412 Deus

314 2461 413 2507 est.
451 2452 516 2510 Si
557 2470 681 2524 ergo
704 2452 727 2485 ⁸
755 2454 880 2525 finis
907 2455 978 2508 ad
1004 2456 1318 2527 principium
1341 2463 1640 2527 reparatus,
1661 2462 1709 2509 et
1737 2467 1912 2507 rerum

312 2544 490 2599 exitus
529 2545 754 2601 collatus
784 2545 983 2612 initiis,
1020 2546 1258 2602 restituet
1292 2545 1445 2602 illum
1480 2555 1710 2612 statum,
1756 2560 1910 2617 quem

216 2697 225 2705 .
313 2645 442 2691 tunc
467 2635 653 2689 habuit
681 2646 875 2690 natura
909 2634 1265 2704 rationabilis,
1292 2652 1411 2692 cum
1444 2636 1511 2691 de
1544 2635 1687 2709 ligno
1708 2634 1911 2691 sciendi

315 2727 510 2779 bonum
543 2735 593 2781 et
622 2726 826 2781 malum
866 2728 888 2761 ³
918 2728 1073 2783 edere
1101 2744 1206 2783 non
1235 2727 1435 2799 egebat,
1473 2737 1532 2784 ut
1564 2739 1739 2784 amoto
1766 2733 1910 2786 omni

320 2815 565 2872 malitiae
595 2806 776 2885 sensu,
815 2829 863 2873 et
908 2817 1284 2876 admincerum
1308 2821 1331 2855 ⁸
1365 2822 1655 2893 purumque
1682 2820 1906 2889 deterso,

318 2904 489 2969 solus.
529 2910 621 2975 qui
652 2918 727 2963 est
757 2925 915 2976 unus,
947 2906 1091 2975 Deus
1122 2910 1289 2968 bonus
1320 2913 1407 2966 hic
1432 2913 1478 2967 ei
1503 2910 1596 2981 ﬁat
1624 2915 1822 2981 omnia,
1859 2924 1909 2968 et

315 3013 420 3051 non
450 3000 508 3052 in
537 3001 723 3068 paucis
754 2999 1017 3071 aliquibus
1043 2998 1123 3056 uel
1148 2998 1406 3071 pluribus,
1434 3003 1526 3056 sed
1564 3011 1619 3055 ut
1656 3003 1711 3057 in
1737 3003 1908 3058 omni-

2012 1804 2240 1859 hominis
2270 1804 2315 1836 ²δ
2342 1804 2601 1871 ascendit,
2629 1823 2766 1877 quae
2790 1810 3124 1880 praeparauit
3168 1811 3305 1867 Deus
3343 1814 3426 1868 his
3451 1816 3483 1845 ¹”
3521 1831 3615 1885 qus

2013 1884 2239 1968 diligunt
2276 1913 2418 1952 eum.
2459 1894 2586 1952 Non
2639 1908 2815 1953 autem
2860 1899 2906 1932 ¹⁶
2947 1900 3294 1957 dubitandum
3324 1914 3422 1969 est,
3450 1884 3579 1960 natu

2015 2004 2128 2043 ram
2158 1989 2395 2060 corporis
2443 1989 2605 2060 hujus
2642 1990 2811 2046 nostri
2852 1990 3119 2048 voluntate
3160 1992 3275 2059 Dei,
3318 1998 3409 2066 qui
3452 1997 3608 2053 talem

2011 2074 2136 2146 fecit
2156 2091 2295 2141 eam,
2339 2093 2503 2149 usque
2529 2078 2598 2133 ad
2625 2077 2772 2135 illam
2798 2080 3106 2151 qualitatem
3136 2083 3179 2115 ¹⁷
3209 2084 3540 2140 subtilissimi
3564 2104 3609 2142 et

2014 2170 2288 2240 purissimi
2319 2187 2381 2225 ac
2417 2171 2829 2251 splendidissimi
2858 2178 3093 2247 corporis
3121 2190 3274 2247 posse
3301 2196 3334 2233 a
3366 2176 3615 2237 Creatore

2011 2261 2251 2329 produci,
2299 2272 2455 2332 prout
2510 2277 2684 2318 rerum
2731 2276 2901 2320 status
2949 2270 3225 2336 vocaverit,
3266 2282 3315 2324 et
3370 2274 3613 2328 meritam

2014 2352 2346 2408 rationabilis
2390 2364 2615 2409 naturae
2652 2358 2964 2427 papascerit.
3006 2358 3241 2432 Denique
3281 2380 3401 2417 cum
3444 2366 3618 2418 satis»
3664 2352 3671 2355 ’

2015 2455 2120 2500 tate
2141 2456 2189 2501 et
2217 2445 2523 2504 diuersitate
2543 2442 2768 2503 mundus
2794 2451 3043 2523 indiguit,
3065 2469 3158 2522 per
3176 2453 3410 2510 diversas
3436 2472 3609 2511 rerum

2014 2537 2178 2607 facies
2205 2538 2501 2612 speciesque
2541 2543 2685 2596 omni
2716 2542 3003 2613 famulatu
3024 2546 3262 2614 praebuit
3303 2565 3360 2603 se
3387 2553 3611 2608 materit

2013 2627 2296 2693 conditori,
2336 2633 2514 2702 utpote
2545 2632 2769 2688 Domino
2796 2646 2844 2689 et
2885 2634 3125 2691 Creatori
3159 2656 3279 2705 suo,
3303 2631 3405 2711 quo
3434 2643 3610 2697 diver-

2012 2735 2099 2778 ‘sas
2127 2724 2430 2778 caelestium
2475 2736 2903 2799 terrenorumque
2933 2727 3019 2801 [de
3057 2731 3392 2801 simplicitate
3414 2743 3466 2788 et
3492 2737 3599 2790 uni

2013 2824 2120 2870 tate
2142 2831 2428 2886 corporum
2477 2829 2593 2889 post
2638 2818 3096 2893 resurrectionem]
3126 2823 3169 2862 ’⁸
3206 2840 3271 2877 ex
3312 2840 3373 2879 ea
3399 2826 3613 2882 duceret

2012 2906 2232 2974 formas.
2264 2904 2396 2961 Cum
2436 2923 2556 2961 vero
2585 2924 2665 2962 res
2687 2909 2759 2962 ad
2792 2908 2927 2964 illud
2958 2914 3217 2982 coeperint
3247 2914 3517 2983 festinare,
3555 2928 3611 2972 ut

2012 2995 2115 3050 sint
2151 3013 2327 3051 omnes
2353 3010 2552 3062 unum,
2596 3000 2731 3054 sicut
2776 3010 2850 3055 est
2881 2997 3044 3055 Pater
3077 3018 3194 3057 cum
3236 3002 3381 3060 Filio
3422 3024 3608 3075 unum,

315 3085 412 3142 bus
457 3086 568 3158 ipse
615 3089 684 3141 sit
730 3069 944 3153 omnia,
993 3106 1114 3145 cum
1150 3069 1413 3161 nusquam
1451 3106 1615 3156 mors,
1645 3107 1903 3162 nusquam
1933 3069 1977 3129 (ἶ
2008 3098 2379 3159 consequenter
2406 3088 2628 3160 intelligi
2674 3091 2854 3159 datur,
2889 3093 3053 3163 quod,
3095 3095 3183 3147 ubi
3216 3114 3394 3151 omnes
3442 3093 3606 3153 unum

314 3180 537 3234 acttleus
572 3180 778 3246 mortis,
814 3196 1074 3251 nusquam
1103 3182 1320 3236 omnino
1353 3182 1551 3237 malum
1580 3195 1599 3234 :
1627 3194 1750 3236 tunc
1788 3199 1906 3237 sere

316 3262 459 3321 Deus
494 3268 676 3322 omnia
704 3268 760 3322 in
792 3268 1034 3324 omnibus
1062 3270 1184 3325 erit.
1232 3268 1418 3327 Verum
1447 3273 1604 3326 istam
1632 3272 1906 3343 perfectio-

316 3373 435 3411 nem
488 3375 554 3412 ac
601 3356 975 3415 beatitudinem
1022 3360 1421 3415 rationabilium
1467 3372 1782 3437 naturarum
1828 3364 1904 3418 ita

313 3449 527 3501 demum
576 3449 798 3520 quidam
848 3450 1154 3517 permanere
1203 3452 1256 3506 in
1306 3467 1367 3506 eo
1412 3460 1576 3516 statu,
1609 3468 1710 3523 quo
1744 3470 1904 3522 supra

311 3538 573 3603 diximus,
601 3548 823 3609 putant,
868 3539 925 3595 id
968 3550 1077 3608 est,
1116 3551 1174 3595 ut
1220 3540 1389 3597 Deum
1425 3544 1605 3597 omnia
1644 3543 1900 3607 habeant,

311 3640 361 3681 et
411 3627 555 3683 Deus
596 3629 674 3683 eis
718 3630 786 3684 sit
831 3629 1047 3697 omnia,
1105 3631 1151 3686 si
1205 3632 1504 3688 nullatenus
1547 3650 1638 3690 eas
1684 3637 1905 3690 societas

312 3708 542 3775 naturae
606 3722 901 3789 corporalis
947 3722 968 3754 ⁷
1026 3731 1260 3778 am‘oueat
1313 3731 1358 3779 ⁸.
1428 3723 1676 3797 Alioquin
1748 3729 1907 3780 aesti-

311 3821 500 3872 mant,
563 3808 792 3880 gloriam
847 3827 1085 3865 summae
1131 3811 1469 3867 beatitudinis
1519 3810 1798 3884 impediri,
1859 3816 1911 3870 si

310 3902 609 3956 materialis
652 3899 981 3957 substantiae
1008 3901 1348 3957 interseratur
1373 3896 1648 3960 admistio.
1694 3905 1775 3960 De
1802 3924 1905 3977 qua

310 4008 368 4045 re
413 3991 626 4062 plenius
672 4009 706 4045 a
754 3993 923 4055 nobis,
973 4008 1109 4062 quae
1147 3992 1202 4046 in
1240 3993 1595 4062 superioribus
1635 4012 1907 4051 occurrere

306 4091 638 4150 potuerunt,
708 4091 1034 4152 pertractata
1083 4092 1240 4155 atque
1291 4084 1493 4155 digesta
1549 4096 1695 4142 sunt.
1745 4086 1906 4142 Nune

303 4188 456 4238 vero,
518 4173 773 4242 quoniam
823 4172 1115 4242 apostolum
1166 4172 1397 4230 Paulum
1442 4179 1753 4233 mentionem
1800 4181 1907 4251 spi-

307 4263 522 4317 ritualis
570 4263 810 4332 corporis
856 4262 1057 4332 fecisse‘
1089 4265 1418 4331 invenimus,
1475 4267 1703 4337 qualiter
1746 4270 1905 4325 etiam

306 4355 431 4409 inde
484 4354 674 4410 sentiri
726 4353 915 4408 debeat
973 4352 1039 4409 de
1092 4356 1229 4421 hoc,
1287 4357 1689 4422 tantummodo,
1749 4372 1902 4428 prout

304 4460 613 4513 possumus,
644 4444 995 4515 requiramus.
1050 4443 1318 4511 Quantum
1356 4463 1481 4519 ergo
1519 4464 1702 4503 sensus
1729 4461 1904 4504 noster

305 4551 494 4604 capere
537 4544 735 4606 potest,
794 4532 1102 4605 qualitatem
1147 4536 1439 4607 spiritualis
1473 4543 1708 4611 corporis
1742 4542 1900 4597 talem

303 4626 579 4695 quandam
612 4642 726 4680 esse
770 4628 1050 4691 sentimus,
1093 4627 1149 4681 in
1189 4644 1292 4697 quo
1333 4629 1627 4686 inhabitare
1659 4639 1684 4673 ο
1720 4635 1899 4690 deceat

254 4756 271 4788 ί
302 4731 409 4768 non
454 4715 633 4770 solum
674 4724 889 4771 sanctas
931 4731 1163 4787 quasque
1197 4717 1554 4792 perfectasque
1592 4725 1636 4754 “’
1672 4724 1900 4791 animus,
1935 4769 1943 4775 .

303 4823 487 4862 verum
526 4808 693 4861 etiam
715 4822 921 4861 omnem
959 4805 1106 4861 illam
1148 4819 1464 4876 creaturam,
1493 4828 1627 4883 quae
1655 4811 1903 4870 liberabi-

302 4910 390 4953 tur
428 4917 461 4955 a
514 4900 767 4956 servitute
808 4897 1176 4968 corruptionis.
1232 4898 1311 4954 De
1355 4918 1457 4973 quo
1479 4919 1694 4974 corpore
1744 4909 1903 4962 etiam

300 4988 441 5044 illud
478 4987 772 5060 Apostolus
816 4988 954 5042 dixit
977 5001 997 5040 :
1023 4986 1251 5043 Domum
1290 4990 1560 5050 habemus.
1586 5010 1689 5048 non
1718 5012 1907 5052 manu-
1954 5006 1958 5009 ‘

302 5079 529 5147 factum,
554 5090 825 5133 aeternam
884 5080 937 5132 in
982 5079 1160 5143 caelis,
1185 5079 1241 5133 id
1284 5091 1359 5135 est
1395 5084 1754 5139 mansionibus
1783 5088 1908 5142 beao

300 5178 499 5223 torum.
539 5169 628 5223 1'2:
670 5172 770 5221 hoc
820 5185 944 5235 erqo
973 5181 1327 5237 conjecturam
1370 5187 1554 5236 capere
1601 5191 1899 5249 possumus,

2005 3193 2151 3253 sunt,
2195 3182 2315 3254 jam
2368 3183 2650 3239 diversitas
2697 3200 2801 3239 non
2847 3190 2965 3240 erit.
3018 3185 3329 3258 Propterea,
3389 3207 3612 3260 namque

2006 3274 2164 3327 etiam
2209 3274 2253 3306 ¹⁸
2280 3274 2592 3330 ιιοινίδεῑτηιιε
2628 3276 2873 3333 inimicus
2902 3276 3168 3344 diabolus,
3204 3281 3293 3348 qui
3325 3298 3465 3337 mors
3510 3302 3606 3352 ap-

2005 3361 2256 3431 pellatur,
2311 3362 2512 3417 destrui
2558 3364 2774 3430 dicitur,
2826 3376 2901 3420 ut.
2930 3385 3093 3441 neque
3144 3354 3284 3425 ultra
3348 3375 3498 3428 triste
3543 3380 3611 3429 sit

2006 3450 2229 3522 aliqttid,
2263 3453 2351 3506 ubi
2379 3469 2521 3507 ntors
2540 3469 2649 3511 non
2670 3452 2771 3521 est,
2794 3472 2960 3529 neque
2984 3458 3246 3515 diversum
3271 3462 3358 3525 sit,
3386 3465 3476 3518 ubi
3504 3481 3606 3519 non

2005 3552 2081 3596 est
2135 3536 2399 3599 inimicus;
2442 3545 2657 3601 Destrui
2702 3563 2831 3602 sane
2879 3550 3190 3627 navissiatus
3238 3555 3481 3611 inimi.us
3532 3562 3609 3611 ita

2008 3636 2380 3711 intelligendus
2403 3649 2502 3707 est,
2536 3656 2640 3696 non
2684 3652 2751 3696 ut
2776 3642 3075 3699 substantia
3104 3646 3243 3718 ejus,
3282 3666 3416 3718 quae
3441 3669 3472 3704 a
3504 3651 3610 3707 Deo

2008 3717 2164 3801 facta,
2191 3741 2287 3798 est,
2331 3742 2545 3803 pereat,
2573 3732 2665 3789 scd
2693 3745 2747 3789 ut
2772 3738 3097 3806 propositum
3129 3752 3175 3794 et
3223 3717 3463 3797 uoluntas
3506 3747 3610 3799 ini-

2009 3825 2184 3891 mica,
2238 3841 2374 3897 quae
2433 3843 2538 3882 non
2592 3845 2625 3881 a
2674 3827 2822 3893 Deo,
2877 3830 2969 3884 sed
3036 3832 3101 3885 ab
3154 3833 3268 3902 ipso
3313 3840 3603 3905 processit,

2005 3917 2247 3993 iiuereat.
2304 3917 2618 3977 Destruetur
2667 3936 2788 3990 ergo
2838 3936 2943 3976 non
3001 3933 3057 3977 ut
3098 3941 3203 3979 non
3246 3928 3349 3989 sit,
3401 3930 3493 3981 sed
3544 3940 3606 3984 ut

2006 4008 2250 4063 inimicus
2294 4018 2341 4063 et
2385 4025 2526 4063 mors
2581 4026 2684 4065 non
2736 4012 2824 4064 sit.
2870 4008 3021 4067 Nihil
3071 4015 3208 4068 enim
3263 4020 3607 4088 omnipotenti

2005 4097 2323 4167 impossibile
2359 4111 2465 4162 est,
2525 4090 2620 4152 nec
2685 4099 2982 4155 insanabile
3038 4113 3113 4157 est
3168 4096 3368 4176 aliquid
3412 4110 3607 4177 [actori

2002 4203 2125 4240 suo.
2158 4186 2441 4257 Propterea
2475 4190 2613 4243 enim
2638 4188 2760 4258 fecit
2780 4193 2981 4255 omnia,
3010 4202 3067 4246 ut
3094 4206 3262 4249 essent
3289 4209 3337 4251 et
3361 4215 3443 4260 ea,
3475 4217 3604 4271 quae

2006 4276 2150 4347 facta
2177 4289 2320 4343 sunt,
2347 4290 2406 4333 ut
2431 4290 2623 4345 essent,
2652 4299 2744 4336 nec
2769 4299 2882 4338 esse
2909 4301 3014 4340 non
3035 4300 3245 4356 possent
3276 4285 3363 4352 ".I
3384 4289 3609 4360 l’mpIer

2007 4371 2148 4440 quod
2190 4371 2610 4426 immutationem
2638 4372 2851 4443 quidem
2894 4379 3301 4450 varietatemque
3335 4385 3456 4451 reci;
3478 4386 3604 4448 ient,

2007 4462 2174 4515 itaut
2225 4478 2323 4532 pro
2370 4463 2570 4519 meritis
2606 4465 2682 4518 uel
2726 4467 2778 4518 in
2827 4467 3063 4535 meliore,
3106 4471 3192 4543 'vel
3240 4474 3309 4526 in
3348 4476 3610 4530 deteriore

2005 4552 2299 4607 habeantur
2349 4562 2538 4620 statu;
2606 4555 3003 4633 substantialem
3040 4576 3156 4615 vero
3188 4564 3456 4619 interitum
3518 4585 3605 4644 ea,

2002 4661 2138 4716 quae
2176 4661 2209 4698 ιι
2244 4644 2354 4698 Deo
2376 4647 2446 4699 ad
2476 4648 2575 4702 hoc
2597 4645 2761 4718 'facta
2788 4661 2933 4713 sunt,
2963 4662 3016 4706 ut
3048 4667 3213 4709 essent
3260 4668 3308 4711 et
3336 4674 3607 4728 permane-

2006 4744 2139 4799 rent,
2168 4735 2394 4801 recipere
2440 4752 2544 4790 non
2585 4750 2825 4806 possunt.
2859 4741 3070 4811 itaque,
3110 4738 3265 4813 quod
3282 4747 3605 4805 Ambrosius

2006 4825 2061 4879 in
2089 4827 2341 4895 ainbiguo
2370 4826 2681 4896 reliz'guerat,
2712 4827 2979 4900 Origenes
3013 4834 3268 4891 declarat.
3287 4837 3431 4893 Nam
3456 4845 3600 4910 quoii

2006 4916 2096 4971 illo
2121 4918 2198 4970 ait
2230 4935 2246 4970 ε
2275 4917 2553 4984 Docemur,
2576 4921 2715 4991 quod
2739 4940 2843 4977 non
2876 4942 3080 4994 semper
3116 4931 3391 4986 daemonia
3429 4952 3600 4988 mane-

2006 5011 2155 5067 bunt,
2184 5022 2250 5059 ne
2281 5005 2486 5060 malitia
2514 5024 2696 5063 eorum
2734 5014 2897 5076 possit
2924 5030 3040 5068 esse
3076 5032 3348 5085 perpetua,
3377 5022 3597 5076 dubium

2003 5103 2109 5157 est,
2146 5112 2173 5143 τι
2220 5096 2273 5151 id
2296 5108 2312 5124 ‘
2352 5096 2449 5162 rlit,
2474 5106 2654 5178 utrum
2684 5100 2991 5158 substantia
3016 5107 3338 5162 daemonum
3368 5111 3603 5168 simulet

2004 5202 2192 5242 etaiam
2240 5189 2478 5244 malitiae
2521 5191 2797 5261 periturae
2834 5194 2968 5261 sint,
3008 5212 3077 5251 an
3109 5198 3445 5256 solummodo
3485 5219 3602 5257 ma-

1591 5265 1847 5328 VARIAE
1883 5276 2288 5335 LECTlONES.

356 5355 390 5410 .²
414 5362 741 5409 tractantem
763 5364 811 5407 et
831 5355 1090 5407 dicentem
1116 5367 1226 5406 om.
1248 5352 1315 5407 Α.

300 5426 317 5455 ί
344 5423 435 5480 (2F
462 5427 531 5478 azl
556 5426 823 5477 incertum
852 5435 1175 5490 purumque.

307 5493 413 5564 9A
445 5494 738 5564 perfectas.

310 5561 353 5609 ’Ψ
390 5568 431 5616 Α
445 5561 625 5618 enim.

845 5488 885 5524 η
928 5492 1018 5547 Sic
1052 5488 1166 5555 CF;
1196 5490 1238 5544 Α
1265 5488 1384 5545 Ille.

552 5725 839 5786 PL'IBOL.
889 5718 1128 5785 CXXII

1648 5784 1679 5793 ο,

1393 5354 1413 5384 ⁸
1433 5352 1479 5407 Α
1502 5368 1655 5407 ergo.
1679 5359 1866 5407 inquit.
1897 5367 1909 5407 ἰ

1271 5370 1315 5405 ι.
1368 5370 1413 5434 _'
1433 5370 1479 5407 Α
1502 5370 1655 5424 ergo,
1679 5370 1871 5429 inquit,
1897 5370 2021 5421 ista.
2099 5370 2227 5419 'Sic
2247 5370 2349 5427 CF;
2376 5370 2419 5422 Α
2446 5371 2592 5440 quia.
2668 5370 2691 5403 ⁸
2713 5373 2760 5427 Α
2780 5374 2962 5442 igitur.
3043 5386 3062 5418 δ
3091 5393 3112 5432 ε

1271 5420 1413 5507 ἶβις
1439 5421 1556 5507 CK;
1587 5428 1639 5507 AA
1668 5434 1952 5507 corporali.
2023 5435 2047 5468 ⁸
2070 5434 2248 5502 Conj.,
2278 5437 2367 5492 AF
2400 5441 2707 5507 admoveat;
2739 5442 2779 5503 Ο
2806 5445 3112 5501 admoneat.

1484 5491 1527 5571 ’ξ
1551 5502 1598 5545 et
1613 5491 1838 5571 aeterna
1864 5502 2009 5571 facta
2033 5515 2152 5558 sunt
2178 5491 2288 5558 om.
2312 5508 2381 5561 Α.

787 5561 1098 5644 qualitatem
1128 5574 1238 5644 oin.
1268 5561 1362 5644 Ar
1410 5560 1453 5644 ⁸2
1487 5561 1551 5614 de
1578 5560 1917 5644 simplicuuie
1948 5583 1997 5627 et
2027 5575 2228 5628 unitate
2256 5560 2532 5644 corporum
2554 5560 3282 5641 33c;dilecttoéiiil'oiiilYii:

306 5646 417 5687 om.
446 5635 513 5687 Α.
593 5634 643 5668 Io
684 5631 778 5687 Sic
800 5628 922 5696 CF;
951 5630 996 5686 A
1028 5640 1311 5699 propterea
1340 5643 1391 5683 θ.
1422 5628 1460 5681 i.
1511 5644 1566 5685 ο.
1598 5643 1654 5684 u.
1686 5650 1853 5693 essent
1900 5642 2016 5697 ideo
2046 5660 2149 5697 non
2196 5659 2305 5698 esse
2347 5628 2709 5718 itonpoioioi}

2099 5366 2227 5442 istc
2247 5366 2419 5442 CFiA
2446 5371 2592 5442 quia.
2668 5370 2691 5403 ⁸
2713 5373 2760 5427 Α
2780 5374 2962 5442 igitur.
3043 5386 3062 5418 δ
3091 5389 3139 5432 et
3162 5380 3358 5433 malum
3390 5398 3500 5436 om.
3527 5392 3595 5442 Α.

3211 5458 3234 5489 ο
3267 5456 3296 5489 Δ
3338 5456 3547 5489 [subitum

2820 5453 3112 5501 idrttoneat.
3211 5458 3234 5489 ο
3261 5453 3300 5502 A
3335 5453 3598 5512 habitare.

2820 5511 2868 5545 ³⁵
2895 5515 2939 5567 Λ
2967 5517 3254 5571 hominum.
3332 5520 3375 5560 ¹⁸
3414 5524 3461 5575 Α
3500 5527 3594 5577 eis.

3373 5590 3414 5619 "
3438 5595 3597 5647 etiam

2481 5507 2526 5540 ³³
2553 5511 2596 5562 A
2632 5525 2741 5563 nec.

3038 5749 3115 5809 30
