4210 6210
421 256 517 316 9M

1273 260 1362 318 DE
1401 261 1740 320 DlVlSlONE
1779 262 2124 320 ΝΛἸῚΞΒΛΕ.
2165 293 2233 306 -·
2272 263 2470 322 ωηιξη
2511 263 2829 331 QUINTUS.

3589 257 3696 316 942

419 387 671 462 sequere,
691 381 749 429 et
766 389 866 444 ego
889 382 940 429 te
957 374 1422 462 praegredientem
1446 379 1813 451 subsequr}.
1860 381 2002 438 Dtsc.
2037 387 2084 445 Α
2114 398 2216 437 una
2239 385 2472 440 essentia
2500 384 2552 440 in
2574 383 2748 441 tribus
2773 383 3109 449 substantiis,
3133 383 3200 438 ad
3223 381 3378 451 cuius
3404 380 3692 453 imaginem

420 461 712 520 Praecede.

492 556 582 610 3i.
614 555 754 612 Μιθ.
781 557 859 614 De
879 559 1056 615 reditu
1081 561 1454 630 humanitatis,
1475 565 1846 636 cluniumque,
1869 580 2011 637 quae

424 647 480 702 in
509 647 624 718 ipsa
655 657 711 702 et
739 658 958 720 propter
989 650 1162 722 ipsam
1204 651 1350 708 facta
1390 663 1549 722 sunt,
1581 657 1634 712 in
1661 657 1778 728 ipsa
1805 665 2011 714 etcum

426 741 539 807 ipsa
569 741 622 795 in
651 741 972 813 principium
1001 758 1158 799 suum
1190 755 1506 804 tractamus.
1545 748 1666 806 Non
1693 751 1836 807 enim
1867 765 2012 810 nunc

423 832 495 886 dc
542 833 844 889 substantia
886 835 1240 903 daemonum,
1268 855 1430 910 quam
1475 842 1727 899 conditor
1767 843 2011 900 omnium

427 921 628 978 bonam
659 931 716 978 et
755 925 1220 997 incorruptibilent
1253 931 1309 986 in
1337 933 1422 989 eis
1455 933 1613 1000 fecit,
1645 947 1827 1009 sermo
1856 919 2014 992 nobis

425 1024 533 1083 est,
557 1027 740 1074 utrum
763 1027 821 1075 et
845 1019 967 1091 ipsa.
985 1033 1208 1095 purgata
1239 1037 1584 1085 convertetur
1605 1029 1671 1084 ad
1689 1031 2012 1102 principium

401 1125 606 1202 suum,
649 1107 801 1180 'quod
848 1116 1276 1185 praevaricando
1320 1118 1579 1184 deseruit.
1624 1137 1694 1176 an
1743 1137 1959 1195 semper
1982 1139 2016 1180 a

427 1202 888 1273 contemplatione
935 1205 1184 1264 veritatis
1211 1223 1306 1266 sua
1329 1213 1687 1282 perversitate
1713 1214 2017 1275 exorbitata

429 1293 618 1366 fugiet.
655 1295 767 1351 Hoc
791 1297 1009 1353 interim
1033 1299 1370 1357 solummodo
1395 1301 1459 1356 ad
1490 1319 1682 1373 purum
1726 1306 1794 1360 de
1828 1320 1893 1361 ea
1921 1319 2015 1379 co;-

429 1387 766 1457 gnoscimus,
799 1387 946 1458 quod
985 1404 1090 1445 non
1127 1391 1369 1461 punitur,
1421 1407 1522 1448 nec
1560 1380 1802 1465 unquam
1835 1396 2022 1466 punio:

434 1489 542 1541 tura,
573 1487 630 1535 et
651 1479 795 1550 quod
818 1481 1052 1550 dignitas
1079 1496 1212 1538 suae
1240 1483 1447 1552 primae
1471 1485 1818 1552 conditionis,
1844 1485 2021 1557 prius-

430 1587 595 1642 quam
645 1572 969 1644 superbiret.
1027 1574 1414 1647 hominemque
1459 1577 1750 1648 deciperet.
1807 1592 2022 1649 semper

433 1662 846 1719 immntahiliter
881 1665 1087 1734 absque
1125 1664 1236 1722 ulla
1275 1665 1586 1738 demptions
1612 1668 1667 1724 in
1705 1684 1770 1724 ea
1815 1653 2024 1736 manet,

2115 475 2328 531 trinitas
2374 490 2590 546 quotins
2648 474 3006 532 humanitatis
3051 471 3387 547 intelligitur,
3435 486 3576 544 quae
3613 479 3698 527 est

2111 583 2242 631 esse,
2291 565 2439 632 velte,
2487 569 2648 630 'srirr,
2701 575 2758 621 ut
2797 576 3015 622 sanctus
3070 564 3399 637 Augustinus
3441 564 3496 618 in
3545 559 3699 618 libris

2089 660 2525 719 Confessionnm
2544 679 2762 718 suarum
2789 664 3046 734 disputat.
3073 662 3271 719 Beatus
3299 655 3479 719 autem
3502 659 3700 732 Diony-

2111 751 2226 809 sius
2263 751 2590 822 Areopagita
2626 753 2852 809 eandem
2887 753 3182 808 trinitatem
3228 750 3545 810 essentiam.
3587 749 3700 803 vir—
3737 820 3742 826 θ

2099 853 2284 903 'tutem
2313 853 2369 901 et
2406 846 2776 923 operationem
2805 845 3081 916 perdocet.
3127 842 3238 900 Nec
3275 842 3419 898 inter
3442 856 3503 899 se
3530 841 3702 896 disso-

2116 945 2280 1005 naut,
2319 937 2422 992 nisi
2461 937 2516 993 in
2559 934 3045 1010 signiﬁcationibus
3075 933 3482 991 vocabulorum.
3517 930 3702 1002 Neque

2115 1029 2222 1085 hoc
2258 1029 2314 1084 in
2347 1027 2626 1096 omnibus;
2666 1029 2833 1084 ambo
2865 1027 3130 1098 siquidem
3161 1023 3532 1090 esse-dicunt,
3566 1037 3706 1078 unus
3787 1073 3792 1078 .

2117 1129 2302 1177 autem
2327 1117 2488 1201 votis,
2517 1119 2656 1174 alter
2679 1118 2956 1175 virtutem.
2985 1116 3093 1174 Nec
3125 1119 3178 1174 in
3216 1119 3320 1205 hoc
3339 1114 3493 1185 juxta
3522 1128 3702 1170 rerum

2117 1211 2542 1284 speculationem
2570 1211 2715 1268 inter
2738 1225 2801 1268 se
2828 1211 3171 1282 discrepant;
3207 1209 3352 1288 nulla
3379 1209 3522 1264 enim
3553 1214 3709 1262 natu-

2120 1302 2288 1360 ralior
2315 1312 2371 1358 et
2397 1303 2801 1359 substantialior
2838 1303 3012 1359 virtus
3037 1313 3122 1358 eSt
3145 1299 3515 1364 lnunanitatis,
3543 1313 3708 1368 quam

2123 1395 2262 1451 bene
2291 1393 2447 1450 velle.
2477 1393 2628 1450 Unus
2643 1391 2796 1460 .itetn
2839 1393 2917 1449 ait
2949 1394 3114 1458 scire,
3141 1393 3279 1448 alter
3314 1391 3707 1463 operationem.

2126 1484 2360 1560 Et_quae
2391 1492 2478 1540 est
2513 1483 2856 1542 rationabilis
2891 1491 3119 1541 naturae
3163 1483 3443 1556 operatio,
3497 1491 3710 1554 praeter

2125 1559 2360 1647 seipsam
2390 1584 2446 1631 et
2471 1574 2642 1632 Deum
2663 1586 2844 1641 suum,
2865 1584 3128 1646 quantum
3159 1568 3328 1630 datur
3363 1573 3488 1630 sciri
3512 1573 3560 1637 ³,
3589 1572 3712 1641 quis

2128 1675 2350 1739 superat
2375 1683 2594 1724 omnem
2624 1667 2911 1724 scientiam
2929 1707 2944 1734 ,
2979 1667 3160 1724 scire?
3181 1666 3340 1723 llaec
3369 1679 3602 1736 namque
3627 1673 3716 1721 est

432 1757 784 1827 πιαιωιιίιειιιο
811 1759 864 1813 in
887 1763 1192 1826 aeternum.
1213 1767 1267 1818 Et
1288 1761 1430 1831 quod
1453 1762 1725 1833 impietas,
1751 1777 1914 1834 quam
1941 1778 2027 1819 su-
2059 1749 2104 1813 Β
2131 1761 2396 1818 naturalis
2430 1770 2618 1817 nostra
2648 1761 2894 1832 Operatio
2912 1800 2926 1828 ,
2957 1775 3095 1829 quae
3135 1775 3244 1816 non
3272 1769 3582 1822 extratnos,
3619 1756 3716 1812 sed

435 1848 729 1918 perbiendc
777 1857 1116 1916 attraxerat,
1156 1853 1374 1922 penitus
1409 1853 1640 1923 peribit,
1681 1863 1765 1911 ‘ne
1809 1853 2026 1911 divinae

434 1941 665 1997 bonitati
692 1937 980 1998 coaeterna
1008 1931 1127 1999 ﬁeri
1157 1932 1348 2017 possit.
1380 1945 1457 2000 De
1484 1941 1658 2000 salute
1678 1955 1860 2002 autem
1887 1944 2024 2029 ejus,

439 2042 536 2088 aut
572 2030 950 2101 conversione,
996 2049 1092 2091 seu
1137 2037 1194 2092 in
1231 2053 1453 2094 causam
1494 2054 1648 2094 suam
1691 2040 1866 2095 reditu
1905 2056 2031 2112 pro-

435 2134 624 2196 pterea
659 2125 792 2181 nihil
836 2126 1064 2183 delinire
1101 2131 1532 2198 praesumimus,
1569 2131 1824 2200 quoniam
1854 2123 2032 2203 neque

439 2219 655 2275 divinae
678 2219 956 2280 historiae.
980 2235 1158 2292 neque
1179 2230 1488 2278 sanctorum
1511 2221 1756 2288 Patrum,
1786 2223 1878 2293 qui
1905 2237 2028 2280 eam

437 2321 760 2380 exposuere,
812 2321 1018 2366 certam
1062 2312 1131 2368 de
1177 2312 1280 2367 hoc
1322 2313 1697 2378 auctoritatem
1728 2314 2025 2380 habemus;

431 2387 607 2472 atque
647 2402 768 2458 ideo
816 2400 960 2458 illam
1001 2402 1392 2460 obscuritatem
1437 2403 1653 2460 silentio
1701 2405 2030 2463 honoriﬁca-

439 2501 584 2557 mus,
617 2507 686 2546 nc
717 2491 879 2560 forte,
910 2507 1052 2564 quae
1087 2500 1241 2548 extra
1275 2509 1375 2550 nos
1403 2503 1530 2550 sunt
1558 2504 1599 2562 ι,
1629 2510 1895 2566 quaerere
1941 2511 2035 2554 co-

419 2582 664 2654 nantes,
693 2587 814 2658 plus
837 2583 1033 2644 cadere
1068 2588 1121 2642 in
1155 2603 1402 2644 errorem
1421 2629 1437 2651 ,
1462 2605 1623 2657 quam
1655 2589 1948 2646 ascendere
1975 2589 2032 2645 in

441 2680 730 2754 veritatem
770 2681 930 2737 nobis
957 2683 1258 2754 contingat.
1299 2681 1532 2738 Proinde
1569 2684 1714 2752 quod
1744 2691 1897 2738 extra
1935 2699 2051 2740 nos

443 2789 552 2829 non
580 2779 683 2837 est.
707 2783 951 2830 nostram
985 2783 1232 2830 naturam
1256 2775 1278 2806 ⁸
1317 2769 1458 2838 dico,
1481 2773 1619 2830 duce
1642 2774 1753 2832 Deo
1774 2790 2038 2846 quaerere

445 2867 724 2922 debemus.
780 2864 927 2922 Diae.
974 2864 1050 2934 ita
1084 2876 1318 2937 oportet.
1369 2865 1505 2922 Nam
1557 2883 1666 2923 non
1710 2867 1886 2924 solum
1938 2883 2065 2925 nor

445 2957 598 3028 ipsos
633 2971 741 3014 non
773 2952 1141 3027 prohibemur,
1179 2972 1367 3014 verum
1403 2959 1569 3022 etiam
1593 2957 1848 3029 iubemur
1872 2975 2038 3030 quae-

446 3059 590 3113 rem.
629 3048 842 3104 dicente
879 3046 1168 3106 Salomone
1207 3063 1229 3104 :1
1277 3047 1403 3105 Nisi
1449 3053 1750 3122 cognoveris
1789 3053 2035 3118 teipsum,
2058 3053 2100 3122 ς

2130 1856 2269 1911 intra
2298 1870 2398 1910 nos
2423 1855 2720 1912 constituta
2743 1863 2850 1911 est.
2878 1853 3018 1922 Quid
3043 1854 3189 1908 enim
3211 1867 3369 1908 nosse
3393 1852 3714 1924 appetimus.

2128 1948 2234 2004 nisi
2260 1961 2481 2003 causam
2513 1937 2754 2003 nostram
2785 1946 2926 2003 intra
2949 1961 3046 2002 nos
3075 1935 3330 2000 incil'diili
3361 1941 3714 2015 providentia,

2128 2048 2187 2098 et
2213 2039 2355 2096 ultra
2387 2054 2486 2097 nos
2514 2039 3044 2110 incomprehensibili
3077 2039 3310 2093 vit-tute?
3347 2037 3424 2093 Ae
3454 2036 3634 2092 dehis
3664 2037 3715 2090 in

2107 2133 2504 2205 superioribus
2540 2132 2696 2190 libris
2729 2125 2881 2190 satis
2909 2134 3050 2189 inter
3077 2149 3174 2186 nos
3198 2142 3282 2187 est
3309 2139 3512 2194 actum,
3541 2140 3599 2184 ut
3634 2147 3721 2183 ar-

2129 2225 2325 2280 bitror.
2351 2222 2490 2281 Mss.
2520 2223 2667 2281 Satis
2691 2221 2945 2298 proflicte
2970 2242 2984 2279 :
3015 2225 3111 2280 sed
3143 2224 3333 2288 eadem
3368 2233 3632 2292 repetere,
3664 2229 3722 2276 ut

2133 2313 2333 2371 clarius
2366 2313 2708 2379 eluoescant,
2745 2323 2853 2369 nun
2881 2321 2934 2370 te
2969 2313 3148 2387 pigeat
3189 2327 3288 2369 nec
3317 2315 3534 2384 pudeat.
3572 2313 3719 2368 Dtsc.

2134 2403 2501 2476 Nequaquam.
2530 2405 2666 2462 illac.
2689 2405 2785 2460 Est
2800 2403 2968 2477 igitur
2985 2404 3293 2461 humanitas
3310 2392 3535 2476 simplex
3559 2419 3726 2474 qune-
3777 2471 3782 2477 ι

2135 2497 2300 2562 dam,
2326 2505 2383 2552 et
2425 2497 2478 2552 in
2527 2497 2830 2553 rationibus
2871 2497 2986 2553 suis
3017 2483 3086 2552 in
3130 2497 3400 2555 inlini-tum
3443 2494 3724 2566 multiplex

2137 2596 2403 2649 creatura,
2432 2588 2890 2658 quemadmodum
2911 2596 2969 2644 et
2993 2603 3088 2644 sua
3115 2601 3280 2646 causa
3311 2589 3367 2644 in
3389 2589 3564 2660 seipse
3596 2588 3726 2642 sim-

2135 2677 2271 2750 plex
2289 2687 2372 2734 est
2397 2688 2452 2734 et
2479 2677 2763 2750 plusquam
2795 2677 3048 2750 simplex,
3075 2689 3131 2736 et
3159 2680 3211 2733 in
3237 2672 3614 2734 occasionibus
3644 2692 3723 2732 rc-

2137 2785 2262 2825 rum
2285 2770 2355 2824 ah
2395 2783 2464 2824 ea
2513 2767 2775 2826 factarum
2820 2767 3030 2826 inﬁnita
3076 2779 3131 2826 et
3171 2769 3455 2842 plusquam
3497 2769 3724 2824 infinita.

2137 2860 2238 2920 Eat
2261 2869 2440 2916 autem
2467 2877 2631 2918 causa
2658 2862 2778 2933 ejus
2801 2874 3012 2918 summa
3039 2875 3110 2918 ac
3147 2861 3169 2898 ‘
3218 2862 3334 2918 sols
3363 2874 3461 2933 per
3487 2875 3546 2917 se
3575 2859 3730 2916 boni-

2143 2964 2246 3020 tas,
2279 2956 2366 3011 cui
2397 2955 2668 3011 simillima
2705 2963 2789 3010 est
2829 2954 3159 3010 humanitas.
3211 2953 3281 3010 Ut
3315 2955 3460 3011 enim
3496 2953 3584 3010 illa
3617 2963 3726 3010 tuta

2143 3049 2344 3117 ubique
2382 3048 2434 3102 in
2466 3048 2640 3116 seipsa
2666 3053 2791 3112 est,
2815 3047 2894 3102 ita
2941 3058 2994 3102 ot
3031 3046 3162 3112 ista,
3202 3047 3509 3118 quoniam"
3561 3045 3727 3102 simil-

445 3112 584 3192 uads
603 3136 662 3193 in
691 3141 802 3194 uias
838 3154 1074 3223 gregum.
1114 3138 1230 3196 Non
1271 3141 1416 3196 enim
1452 3112 1610 3224 longe
1649 3157 1678 3197 a
1709 3112 1887 3198 brutis
1913 3112 2033 3198 ani;
2064 3112 2111 3178 ε
2143 3112 2269 3195 lima
2301 3139 2478 3210 imago
2495 3112 2645 3204 est“,
2669 3137 2866 3209 ubique
2895 3139 2946 3194 in
2975 3141 3153 3210 seipsa
3185 3112 3294 3196 tota
3318 3149 3423 3195 est.
3451 3138 3519 3193 Et
3541 3154 3730 3210 qucrn-

449 3227 683 3284 malibus
707 3230 904 3294 distat,
941 3231 1030 3300 qui
1064 3230 1298 3299 seipstun
1331 3247 1787 3303 communemque
1813 3233 2034 3288 immani

450 3322 668 3393 generis
693 3334 944 3379 naturam
985 3325 1214 3390 iuuet-tit.
1250 3325 1459 3396 Moyses
1492 3327 1616 3380 item
1644 3341 1661 3381 :
1695 3328 1920 3382 Attende
1943 3325 2040 3382 tibi

449 3414 574 3483 ipsi,
604 3415 702 3478 ait,
729 3425 785 3470 et
811 3413 1117 3494 iegejteluti
1149 3417 1202 3471 in
1233 3417 1390 3482 libro,
1421 3419 1795 3487 Operationum
1825 3403 2043 3474 animae

454 3507 758 3564 historiam.
788 3506 848 3565 Si
876 3510 1020 3564 enim
1050 3511 1333 3582 nosipsos
1374 3521 1548 3567 nosse
1575 3520 1631 3566 et
1655 3527 1920 3583 quaerere
1943 3529 2042 3590 ne;

451 3599 652 3666 lamus,
683 3601 928 3671 profecto
960 3600 1028 3656 ad
1059 3603 1144 3668 id,
1174 3605 1318 3674 quod
1355 3619 1514 3674 supra
1552 3620 1649 3661 nos
1679 3615 1780 3671 est,
1819 3619 2041 3662 causam

453 3692 664 3749 scilicet
692 3702 953 3760 nostrum,
986 3695 1165 3774 redire
1193 3708 1298 3750 non
1315 3694 1706 3762 desideramus,
1732 3712 1796 3751 ac
1823 3711 1920 3767 per
1943 3699 2044 3752 hoe

456 3783 508 3838 in
539 3785 804 3855 grabbato
829 3784 1063 3841 carnalis
1092 3785 1356 3842 materiae
1391 3797 1670 3858 morteque
1707 3787 2048 3858 ignorantiae

449 3873 775 3944 jacebimus.
813 3875 966 3951 Nulla
1006 3877 1206 3948 quippe
1241 3876 1343 3932 alia
1379 3879 1464 3932 via
1504 3887 1590 3933 est
1623 3879 1692 3934 ad
1730 3875 2048 3948 principalis

456 3966 688 4036 exempli
725 3967 1074 4044 purissimam
1111 3967 1625 4037 contemplationem
1668 3983 1760 4038 pia
1807 3985 1884 4024 .er
1923 3982 2051 4039 pro-

461 4055 640 4112 simae
664 4056 766 4112 sibi
791 4071 920 4113 suae
941 4056 1196 4129 imaginis
1214 4058 1573 4114 certissimam
1605 4073 1692 4116 nor
1750 4075 1874 4115 tali].
1904 4060 2049 4116 Inter

458 4149 756 4220 principale
787 4166 1022 4221 namque
1046 4151 1355 4219 exemplum
1387 4153 1784 4224 imaginnnquc
1809 4160 1865 4209 et
1889 4156 2044 4210 simi-

458 4238 741 4297 litudinem
771 4241 873 4306 sui,
915 4243 1018 4297 hoc
1041 4253 1129 4298 est
1166 4245 1308 4299 inter
1331 4243 1498 4298 Deum
1540 4253 1595 4300 et
1631 4244 2046 4312 humanitatem,

460 4329 668 4386 nullum
705 4330 1056 4387 interstitium
1083 4334 1439 4389 coristitutum
1467 4343 1569 4392 est.
1605 4334 1756 4390 Hanc
1778 4335 2048 4391 rationem

2141 3230 2433 3286 admodum
2457 3229 2639 3285 divina
2671 3229 2888 3286 bonitas
2917 3229 2970 3284 in
2999 3232 3253 3286 omnibus
3280 3229 3730 3300 participantibns

2141 3337 2201 3381 se
2225 3329 2334 3378 tota
2366 3330 2468 3384 est,
2496 3331 2552 3377 et
2575 3320 2777 3378 nullius
2798 3321 3023 3388 malitia,
3055 3337 3147 3377 seu
3180 3321 3430 3384 stultitia,
3459 3335 3550 3376 seu
3581 3320 3725 3392 igno-

2140 3414 2315 3468 rantia
2339 3413 2658 3484 prohibetur
2677 3421 2964 3484 penetrare
2989 3411 3394 3468 universitatem
3421 3411 3488 3465 ab
3513 3426 3574 3466 ea
3603 3426 3733 3466 con-

2142 3503 2310 3562 ditant
2341 3521 2354 3556 :
2384 3503 2460 3558 ita
2493 3502 2800 3558 humanitas
2831 3501 2888 3559 in
2910 3516 3098 3558 omnes
3121 3501 3368 3559 homines
3394 3499 3731 3562 diilunditur,

2141 3604 2199 3651 et
2222 3604 2330 3656 tota
2365 3594 2420 3649 in
2443 3594 2693 3650 omnibus
2713 3603 2818 3660 est,
2842 3603 2900 3650 et
2919 3591 2944 3628 ⁹
2975 3602 3090 3651 tota
3118 3594 3172 3650 in
3194 3592 3439 3665 singulis,
3461 3593 3577 3648 sive
3603 3592 3728 3648 boni

2143 3685 2253 3740 sint
2275 3684 2390 3740 sive
2413 3683 2560 3742 mali.
2589 3683 2798 3740 Nullius
2829 3684 2973 3740 enim
3012 3683 3241 3740 stultitia
3279 3681 3574 3753 repellitur,
3616 3681 3732 3738 nul-

2143 3775 2248 3832 lius
2278 3775 2480 3831 malitia
2507 3775 2799 3841 detinetur,
2821 3774 3023 3833 nullius
3045 3775 3178 3830 vitio
3196 3760 3581 3846 cor-rumpitur,
3614 3763 3746 3830 sor—-

2145 3868 2369 3926 dibusve
2393 3868 2671 3941 polluitur,
2701 3885 2838 3942 pura
2865 3870 2920 3926 in
2952 3869 3235 3934 omnibus,
3261 3868 3313 3924 in
3349 3867 3596 3939 superbis
3624 3883 3730 3923 non

2145 3963 2382 4027 inﬂatur,
2418 3964 2470 4018 in
2499 3964 2858 4035 pusillanimis
2902 3979 3012 4021 non
3052 3965 3311 4030 tabescit,
3347 3963 3402 4018 in
3439 3960 3734 4031 majoribus

2145 4055 2464 4126 corporibus
2490 4071 2600 4112 non
2636 4059 2722 4110 est
2764 4057 2956 4126 major,
2994 4071 3168 4126 neque
3204 4057 3258 4112 in
3301 4053 3602 4110 minoribus
3637 4053 3736 4108 mi-

2147 4145 2538 4225 nor,.aequalis
2565 4147 2618 4202 in
2647 4147 2919 4212 erunibus,
2949 4146 3246 4217 aequaliter
3271 4143 3327 4202 in
3353 4157 3481 4200 suos
3511 4141 3740 4214 partici-

2148 4253 2244 4309 pes
2282 4239 2626 4308 proveniens,
2673 4236 2864 4300 melior
2909 4237 2964 4295 in
3009 4237 3166 4295 bonis
3204 4251 3310 4292 non
3343 4244 3428 4292 est
3467 4243 3630 4299 quam
3679 4233 3734 4287 in

2148 4326 2332 4392 malis,
2380 4343 2554 4397 neque
2601 4327 2840 4382 deterior
2881 4327 2933 4382 in
2982 4325 3139 4383 malis
3164 4341 3323 4396 quam
3363 4324 3418 4383 in
3460 4323 3640 4390 bonis,
3680 4322 3733 4378 in

461 4424 736 4478 intuentes
749 4422 941 4479 Graeci
967 4424 1356 4480 humanitatem
1373 4427 1659 4504 ἀνθρωπίαν
1683 4426 2046 4498 appellat-ure,
2077 4463 2128 4526 Β
2152 4419 2378 4491 integris
2397 4419 2716 4490 corporibus
2752 4433 2858 4478 non
2893 4428 2978 4474 est
3015 4417 3294 4488 integrior,
3322 4432 3486 4488 quam
3531 4416 3587 4470 in
3612 4409 3735 4480 'ltis,

460 4515 564 4570 huc
587 4525 672 4571 est
696 4517 1037 4584 ἁνωτροπίαν.
1059 4509 1274 4572 sursum
1299 4529 1489 4572 versus
1509 4520 1942 4584 conversionem,
1969 4518 2055 4574 vel

455 4603 565 4664 ἄνω
598 4613 831 4682 τηροῦσα
861 4609 1012 4665 ὀπίαν
1031 4646 1046 4672 ,
1078 4607 1184 4664 hoc
1210 4616 1313 4673 est,
1343 4621 1558 4662 sursum
1589 4622 1666 4662 se.
1688 4625 1817 4663 rans
1849 4613 2044 4664 visum.

461 4700 543 4755 Ad
578 4699 858 4756 Creatoris
886 4700 970 4754 sui
1013 4699 1280 4770 siquidem
1322 4699 1864 4769 contemplatiunem,
1905 4698 2050 4756 nulla
2105 4708 2111 4714 ‘

460 4792 564 4848 alia
597 4792 913 4862 interposita
941 4800 1214 4856 creatura,
1237 4789 1546 4847 humanitas
1569 4802 1751 4849 creata
1770 4801 1871 4847 est.
1904 4792 2046 4855 MAG.

458 4885 575 4957 Age
603 4884 806 4955 itaque.
829 4885 927 4940 Dic
953 4897 1180 4955 quaeso,
1205 4892 1434 4953 puta-sne
1463 4884 1608 4939 illam
1631 4885 2046 4951 humanitatem,

461 4981 606 5034 inter
627 4991 792 5048 quam
819 4987 874 5034 et
897 4992 1062 5033 suum.
1083 4977 1396 5044 Creatorem
1437 4976 1581 5032 nulla
1613 4987 1860 5032 creatura
1891 4979 2056 5034 inter=

461 5069 720 5133 cluditur,
751 5080 914 5124 unam
945 5069 1216 5138 quandam
1247 5068 1544 5136 simplicem
1567 5109 1579 5131 ,
1615 5067 2054 5137 inseparabilem-

463 5176 591 5231 qnc,
625 5160 914 5230 partitione
962 5160 1012 5212 in
1046 5174 1106 5214 se
1141 5160 1254 5228 ipsa
1283 5169 1559 5214 carentem
1595 5157 1616 5188 "
1643 5171 1890 5212 naturam
1922 5163 2048 5214 sub-

462 5254 699 5309 sistere?
735 5253 878 5306 Dtsc.
918 5251 1032 5306 Non
1071 5252 1230 5307 aliter
1275 5253 1545 5307 existimo.
1601 5251 1847 5319 Alioquin
1879 5251 2056 5323 imago

469 5348 563 5402 De’
607 5365 712 5402 non
743 5355 845 5402 est.
885 5348 974 5416 qui
1007 5360 1146 5401 unus
1183 5354 1237 5402 et
1265 5345 1442 5400 unitas
1469 5343 1844 5414 inseparabilis
1867 5353 1972 5405 est,
2001 5353 2056 5398 et

2152 4527 2292 4582 quae
2331 4510 2377 4544 "
2400 4512 2685 4566 occasione
2715 4511 2894 4582 aliqua
2923 4509 3288 4579 integritatem
3315 4523 3472 4568 suam
3496 4515 3587 4566 aut
3613 4521 3737 4576 per-

2153 4605 2288 4662 dunt
2314 4610 2409 4656 aut
2441 4619 2547 4656 non
2589 4603 2878 4672 attingunt.
2918 4599 3285 4673 Paradigma:
3321 4598 3516 4656 solaris
3551 4598 3738 4654 radius

2153 4697 2350 4754 munda
2397 4707 2648 4768 penetrat
2692 4699 2752 4750 ‘et
2791 4693 3090 4758 immunda,
3126 4693 3254 4748 dum
3291 4691 3364 4747 sit
3393 4692 3451 4746 in
3487 4691 3738 4746 omnibus

2153 4787 2407 4852 mundus,
2433 4801 2608 4856 neque
2639 4785 2824 4856 purior
2847 4785 2902 4838 in
2933 4783 3116 4839 nitidis
3143 4781 3385 4851 “,quam
3410 4782 3462 4834 in
3488 4779 3738 4836 sordiDUs

2153 4878 2626 4935 incontaminatus.
2665 4876 2758 4930 Est
2785 4874 2926 4931 enim
2959 4873 3010 4928 in
3051 4872 3336 4934 omnibus,
3365 4883 3506 4939 quae
3546 4868 3740 4924 illumi—

2157 4981 2288 5038 nat,
2316 4969 2456 5026 lucet
2484 4971 2535 5023 in
2567 4967 2832 5030 tenebris,
2875 4975 2948 5029 et,
2989 4963 3238 5029 mirabile
3265 4963 3445 5026 dictu,
3482 4960 3737 5014 tenebras

2157 5064 2212 5122 in
2254 5065 2312 5117 se
2365 5076 2472 5114 non
2515 5059 2664 5124 sinit,
2695 5057 2820 5112 dum
2867 5053 3216 5111 tenebrarum
3263 5066 3457 5109 causas
3495 5050 3636 5104 intra
3681 5063 3740 5102 se

2157 5149 2596 5220 comprehendit,
2639 5163 2746 5203 non
2773 5147 2946 5203 solum
2979 5144 3312 5204 umbrarum,
3355 5157 3542 5195 verum
3571 5142 3740 5194 etiam

2157 5241 2522 5297 absentiarum
2555 5238 2780 5292 ratione.
2815 5236 3004 5290 Nullae
3033 5235 3229 5307 quippe
3257 5233 3510 5288 tenebrae
3533 5239 3651 5283 sunt
3687 5230 3738 5283 in

2155 5346 2348 5392 natura
2384 5349 2595 5397 rerum,
2633 5345 2772 5398 quae
2811 5330 3010 5382 lumine
3047 5344 3152 5381 non
3195 5321 3736 5382 circumscribuntur.

1718 5473 1974 5529 YARME
2013 5466 2415 5530 LECTIONICS.

541 5581 554 5608 ι
587 5573 678 5630 Sic.
723 5571 842 5628 CF:
894 5572 933 5626 Α
976 5587 1182 5642 sequar.

473 5715 590 5780 CF;
619 5717 660 5772 Α
707 5715 934 5770 mundis.

1274 5573 1295 5600 ²
1325 5579 1444 5624 sum
1476 5583 1582 5623 om.
1632 5567 1738 5622 CF.
1817 5567 1839 5598 ³
1868 5566 1913 5620 Α
1944 5577 2186 5618 naturam
2215 5571 2464 5612 nostram.

469 5625 756 5714 partitione
774 5625 1084 5699 carentem.
1162 5645 1184 5676 ⁸
1214 5641 1305 5696 Sic
1336 5639 1458 5708 CF;
1492 5640 1530 5692 Α
1573 5640 1722 5692 scire.
1805 5638 1824 5668 ⁶
1852 5637 1892 5692 Α
1943 5647 2011 5690 et.
2089 5635 2108 5666 ⁷
2142 5632 2184 5686 Α
2213 5643 2385 5696 quam.
2464 5628 2486 5659 ⁸
2515 5625 2562 5681 Α
2591 5636 2660 5681 et.

2549 5555 2566 5586 "
2609 5554 2700 5610 Sic
2746 5551 2862 5625 CF;
2904 5550 2946 5604 Α
2989 5551 3386 5625 inseparabilem
3437 5543 3492 5625 in
3537 5560 3736 5625 sentis;

2751 5623 2775 5657 ⁹
2802 5615 2857 5678 σι’
2892 5637 3002 5680 om.
3050 5615 3157 5680 CF.
3235 5617 3276 5650 ‘°
3307 5622 3349 5674 Δ
3389 5620 3496 5690 qui.
3578 5615 3615 5646 “
3650 5615 3741 5672 Sic
