4210 6234
573 215 678 275 94:5
1890 321 1895 326 t
1953 235 2237 300 JOANNIS
2269 240 2465 301 SCOTl
2662 326 2663 331 γ
3082 236 3083 239 ‘
3730 253 3833 311 θα

573 337 629 392 Si
658 340 801 393 enim
832 342 884 395 in
913 343 1230 414 corporibus
1258 356 1402 411 sunt,
1429 351 1675 420 quamvis
1704 352 2013 423 longissume
2036 370 2162 426 pro—
2188 357 2233 416 Α
2264 362 2404 427 quod
2435 375 2541 418 non
2566 351 2708 419 iccit.
2740 363 2853 418 Non
2879 363 3023 419 enim
3040 372 3259 433 peccata
3283 364 3545 421 naturalia
3567 374 3712 428 sunt,
3737 367 3833 420 sed

572 433 894 502 tendantur,
928 446 1202 505 postremo
1248 451 1426 497 tamen
1468 443 1633 501 solari
1674 446 1793 505 luce
1822 451 2151 507 muniuntur.

570 523 624 577 Si
660 524 711 577 in
738 525 1046 596 spiritibus,
1078 546 1306 601 quorum
1336 535 1591 592 tenebrae
1628 537 1926 610 ignorantia
1956 543 2153 597 verita-

570 618 638 671 tis
662 628 809 684 sunt,
840 623 1140 691 sapientiae
1169 626 1412 683 claritate
1445 630 1607 685 linem
1630 633 1917 703 accipiunt.
1950 634 2154 691 Simili-

565 719 647 763 ter
674 712 817 766 nulla
847 715 1088 771 absentia
1120 728 1221 784 est,
1256 736 1396 791 quae
1426 739 1531 778 non
1561 725 1741 791 abeo,
1777 728 1929 795 cujus
1957 731 2154 786 abson-

564 802 638 855 tia
662 811 761 863 est,
793 818 1011 862 causam
1042 812 1295 866 nascendi
1325 814 1584 885 accipiat;
1615 833 1740 872 nam
1764 819 1808 890 si_
1833 819 2011 878 lumen
2042 836 2144 879 ttOn

562 894 940 971 praecesserit,
973 898 1213 955 absentia
1246 901 1385 972 ejus,
1414 920 1555 975 quae
1584 909 1838 965 tenebrae
1860 923 2005 978 sunt,
2039 931 2142 969 non

560 996 835 1054 sequetur.
868 986 1099 1061 Ideoque
1127 1008 1195 1048 ex
1237 1011 1344 1051 uno
1370 1013 1566 1069 genere
1603 1011 1729 1056 sunt
1763 1005 2061 1073 absentiae,
2092 1020 2145 1064 et

558 1089 667 1137 res,
696 1092 923 1145 quarum
949 1083 1228 1140 absentiae
1264 1097 1418 1161 sunt,
1448 1099 1508 1145 ut
1552 1090 1640 1147 lux
1667 1103 1720 1150 et
1750 1099 2028 1165 tenebrae;
2059 1119 2144 1155 so-

558 1178 658 1220 nus
686 1178 737 1222 ct
763 1170 1034 1228 silentium
1061 1216 1076 1235 ,
1116 1175 1286 1232 forma
1317 1190 1370 1233 et
1413 1168 1735 1250 inibrmitbs,
1768 1198 2059 1260 ceteraque
2092 1195 2141 1246 id

555 1273 744 1329 genus.
778 1260 885 1318 Sed
923 1266 1046 1335 quis
1076 1267 1251 1338 dignis
1291 1270 1536 1329 laudibus
1580 1277 1868 1349 imaginem
1915 1282 2005 1336 Dei
2050 1285 2140 1339 de-

556 1356 898 1421 monstrare,
956 1360 1277 1428 congruisve
1325 1364 1769 1425 similitudinibus
1823 1382 2141 1443 comparare

554 1445 759 1511 potest'
790 1446 857 1501 Et
886 1459 944 1503 ut
966 1465 1265 1519 cognoscas
1298 1458 1677 1527 aequalitatem
1703 1462 2054 1520 humanitatis
2082 1467 2137 1521 in

551 1536 803 1592 omnibus
825 1538 1152 1608 hominibus,
1178 1547 1754 1610 intuerecommunem
1779 1556 2014 1626 speciem
2043 1559 2138 1613 bu—

555 1643 838 1687 manorum
865 1648 1171 1703 corporum.
1204 1637 1393 1697 Nullus
1416 1645 1559 1699 enim
1589 1645 1749 1702 homo
1776 1648 1884 1709 alio
1920 1638 2137 1713 homine

2256 450 2578 511 voluntaria.
2622 454 2829 511 Etenim
2859 472 3019 512 causa
3061 459 3222 511 totius
3264 459 3465 526 peccati
3496 465 3599 521 est,
3640 457 3750 513 sive
3776 458 3831 511 in

2255 546 2467 615 augelu,
2494 548 2608 603 sive
2637 549 2689 603 in
2730 548 2979 613 homine,
3019 548 3235 619 propria
3263 562 3622 617 perversaque
3649 548 3834 601 volun-
3910 562 3921 569 ·

2253 644 2337 691 tas
2370 654 2384 691 :
2414 637 2582 707 ipsius
2610 649 2789 695 autem
2825 654 3114 710 perversae
3142 638 3434 693 voluntatis
3461 638 3624 693 causa
3654 638 3705 691 in
3734 650 3833 691 na-

2253 729 2514 787 turalibus
2554 734 2788 788 motibus
2821 733 3157 788 rationabilis
3191 742 3245 787 et
3274 731 3649 786 intellectualis
3675 746 3830 785 crea-

2250 831 2404 878 turae
2438 834 2543 878 nun
2576 823 2867 894 invenitur.
2896 823 3105 879 Etenim
3137 824 3336 877 bonum
3367 838 3530 877 causa
3563 820 3689 877 mali
3722 836 3828 877 non

2249 923 2423 980 potest
2457 927 2577 969 esse
2598 918 2653 979 ος
2690 914 2979 970 incausalis
3007 908 3191 985 itaque
3227 922 3343 978 est,
3371 912 3629 982 omnique
3679 921 3829 967 natu-

2232 1004 2343 1057 rali
2378 1006 2587 1076 origine
2629 1007 2843 1063 carens.
2886 1006 3022 1061 Hinc
3057 1006 3183 1060 illud
3223 1005 3469 1060 mirabile
3496 1014 3553 1060 et
3592 1004 3830 1076 inexpia-

2246 1097 2424 1152 nabile
2446 1099 2652 1162 oritur,
2696 1099 2964 1169 quomodo
2992 1097 3131 1154 mala
3174 1097 3422 1153 voluntas
3446 1097 3826 1169 praevarican~

2209 1183 2378 1242 ~tium
2427 1192 2759 1260 angelorum.
2787 1199 2843 1245 et
2894 1189 3359 1257 hominum,~dunt
3404 1189 3476 1243 sit
3518 1188 3827 1248 incausalis,

2244 1283 2409 1335 tutius
2435 1282 2641 1350 peccati
2674 1282 2945 1352 totiusque
2983 1295 3188 1352 poenae
3214 1281 3417 1349 peccati
3453 1295 3614 1356 causa
3641 1277 3824 1333 efﬁcax

2239 1381 2343 1425 est.
2375 1370 2443 1426 Et
2467 1373 2513 1428 si
2556 1373 2919 1442 quisdixerit,
2961 1373 3170 1427 initium
3198 1371 3373 1426 utnuis
3398 1370 3602 1442 peccati
3642 1370 3686 1401 ¹⁹
3708 1385 3826 1425 εδει·

2241 1466 2547 1536 supcrbiam
2566 1507 2581 1531 ,
2612 1467 2793 1523 videat
2820 1482 2941 1521 eam
2970 1467 3023 1522 in
3067 1475 3257 1521 natura
3294 1480 3474 1520 rerum
3512 1478 3619 1519 non
3648 1461 3822 1517 subsi—

2236 1566 2404 1611 stere.
2443 1555 2626 1628 Neque
2652 1559 2801 1613 enim
2826 1561 3061 1613 essentia
3087 1568 3192 1621 est,
3219 1572 3395 1627 neque
3422 1555 3624 1616 virtus,
3655 1567 3827 1623 neque

2237 1648 2502 1717 operatio,
2535 1634 2719 1722 neque,
2743 1650 2994 1706 accidens
3023 1650 3185 1704 ullmn
3227 1645 3511 1720 naturale;
3535 1651 3823 1700 est'autem

554 1721 842 1778 humanior
870 1737 997 1807 est;
1032 1744 1154 1782 nam
1192 1732 1236 1787 si
1268 1732 1447 1804 aliqua
1476 1734 1805 1794 deformitas
1826 1744 2136 1814 contigerit,
2172 1729 2217 1793 B
2249 1741 2469 1798 intimae
2498 1742 2714 1798 virtutis
2735 1740 2993 1806 defectus,
3024 1754 3415 1812 perversusque
3446 1735 3827 1791 dominationis

552 1816 633 1871 vel
668 1816 965 1873 formarum
993 1820 1317 1890 differentia,
1348 1828 1455 1885 non
1490 1844 1559 1885 ex
1593 1841 1785 1888 natura
1814 1835 2010 1898 evenit,
2041 1839 2136 1892 scd

548 1908 634 1963 vel
680 1923 746 1965 ex
790 1914 1136 1982 corruptione
1166 1932 1460 1989 corporeae
1505 1906 1852 1996 integritatis,
1892 1930 1977 1984 vel
2011 1931 2132 1999 qui-

547 2002 777 2057 busdam
816 2008 1217 2075 accidentibus,
1257 2028 1396 2083 quae
1436 1999 1777 2075 extrinsecus
1797 2020 2133 2088 .adveniunt,

548 2094 918 2167 quasdamque
955 2097 1182 2169 singulis
1207 2102 1513 2162 hominibus
1540 2106 1872 2165 dill‘erentias
1907 2110 2130 2176 addunt,

546 2186 673 2240 dum
696 2188 768 2242 sit
800 2206 903 2245 una
933 2194 1143 2262 species
1172 2202 1225 2251 et
1251 2198 1518 2266 generalis
1556 2203 1806 2257 omnilms
1842 2219 1909 2259 ex
1936 2214 2131 2260 natura

499 2289 503 2293 ·
545 2277 888 2336 unil'ormiter
930 2283 1214 2355 impressa.
1238 2288 1401 2368 .Unus
1435 2306 1626 2349 sensus
1654 2311 1947 2366 corporeus
1976 2298 2133 2368 quin-

542 2373 885 2440 qucpertitus
925 2380 1285 2434 communiter
1306 2384 1558 2440 omnibus
1603 2385 1774 2452 inest,
1804 2392 2051 2459 quamvis
2078 2393 2129 2447 in

547 2461 735 2518 multis
780 2463 954 2534 ipsius
989 2484 1193 2537 organa
1233 2473 1249 2504 ¹
1296 2474 1572 2541 deficiant,
1618 2478 1806 2534 oculos
1848 2480 1999 2546 dico,
2035 2496 2131 2536 au-

542 2570 760 2628 resque,
788 2570 1079 2632 ceteraque
1106 2564 1463 2624 instrumenta
1482 2611 1495 2633 ,
1525 2571 1579 2624 in
1624 2572 1822 2647 quibus
1846 2570 2085 2629 exterior
2109 2577 2130 2609 ⁸

541 2661 739 2703 sensus
760 2662 1032 2721 oneratur.
1060 2652 1197 2721 Quid
1220 2656 1401 2711 dicum'
1418 2657 1486 2714 de
1508 2660 1718 2716 ratione
1742 2673 1795 2717 et
1822 2664 2131 2721 intellectu?

544 2740 734 2797 Nonne
757 2746 1007 2801 omnibus
1034 2749 1357 2818 generaliter
1381 2754 1586 2821 insunt,
1610 2757 1857 2826 quamvis
1881 2774 1988 2813 non
2014 2775 2130 2814 ont-

469 2859 473 2863 ι
549 2848 644 2886 nes
666 2833 745 2889 cis
774 2835 912 2891 bene
937 2848 1191 2909 recteque
1217 2844 1475 2898 utantur?
1505 2843 1653 2901 Multi
1683 2846 1947 2916 siquidem
1975 2859 2128 2903 natu-

548 2922 750 2979 ralibus
777 2926 933 2982 bonis
982 2929 1266 2987 abutentes
1306 2940 1562 2989 aeternae
1598 2943 1728 2991 sua'e
1768 2939 2129 2997 damnationis

543 3034 739 3075 causas
762 3020 1101 3079 invenerunt.
1119 3024 1437 3096 Similiaque
1458 3030 1741 3087 manifesta
1765 3031 1958 3088 iudicia
1981 3050 2127 3090 com-

2239 1831 2527 1901 appetitus,
2555 1833 2695 1887 sicut
2720 1832 2981 1903 scriptum
3011 1839 3095 1887 est
3129 1852 3142 1886 :
3178 1830 3316 1898 Quid
3345 1827 3575 1899 superbit
3603 1839 3748 1881 terra
3775 1831 3824 1879 et

2237 1924 2389 1986 ciuis,
2418 1924 2666 1993 quaniam
2691 1924 2908 1995 projecit
2934 1924 3119 1980 intima
3148 1939 3243 1977 suo
3270 1923 3324 1977 iu
3347 1924 3447 1976 vita
3469 1920 3604 1975 sua?
3627 1919 3690 1974 Et
3718 1917 3823 1973 ini-

2239 2016 2374 2070 tium
2400 2017 2624 2083 dicitur,
2645 2033 2752 2072 non
2775 2032 2960 2080 causa,
2987 2017 3113 2087 quia
3136 2015 3306 2087 prima
3335 2012 3643 2085 progressio
3661 2021 3745 2067 est
3769 2020 3823 2066 et

2237 2111 2473 2163 manatio
2497 2108 2862 2179 primordialis
2887 2109 3125 2180 peccati,
3156 2110 3208 2165 iu
3235 2123 3342 2179 quo
3363 2123 3551 2163 omnes
3566 2120 3824 2177 peccare»

2239 2209 2384 2255 runt.
2419 2201 2488 2255 At
2529 2202 2574 2256 si
2622 2202 2846 2256 omnino
2893 2200 3028 2256 nihil
3066 2210 3180 2265 est,
3218 2201 3340 2269 quis
3378 2198 3594 2267 sapiens
3622 2196 3823 2251 consti-

2237 2292 2402 2349 tuerit
2429 2292 2596 2364 ipsam
2627 2293 2669 2326 ’ί
2703 2294 2843 2349 inter
2866 2307 3078 2357 causas,
3110 2308 3232 2348 cum
3261 2292 3312 2346 iu
3336 2290 3482 2344 nullo
3504 2289 3820 2344 naturaliter

2235 2390 2530 2445 subsistat?
2575 2387 2806 2445 Punitur
2848 2389 3032 2459 itaque
3067 2385 3453 2443 irrationabilis
3492 2394 3671 2441 motus
3697 2386 3822 2455 per-

2234 2471 2742 2538 ve‘rsaevoluntatis
2781 2463 2836 2538 in
2882 2490 3073 2537 natura
3111 2476 3454 2544 rationabili,
3485 2478 3598 2548 ipsa
3626 2475 3818 2532 videli-

2232 2584 2319 2630 cet
2349 2584 2544 2631 natura
2568 2574 2769 2644 ubique
2793 2574 2847 2630 in
2872 2575 3073 2644 seipsa,
3100 2582 3157 2627 et
3187 2573 3240 2628 in
3271 2572 3520 2627 omnibus
3544 2560 3818 2639 eam'par—

2230 2665 2583 2737 ticipantihus
2624 2664 2786 2729 bona,
2836 2654 3023 2730 salva;
3053 2664 3283 2733 integra,
3332 2663 3535 2724 illaesa,
3576 2660 3818 2726 inconta-

2231 2757 2458 2824 minata,
2500 2757 2936 2825 ineorruptibilis.
2978 2752 3345 2827 impassibiiis',
3386 2750 3734 2809 immutabilis
3772 2749 3817 2782 "

2228 2848 2855 2921 participationesummi
2880 2849 3003 2904 boui
3024 2856 3397 2917 permanente,
3414 2845 3615 2915 ubique
3635 2842 3813 2902 beata,

2229 2941 2724 3015 gloriosissimaque
2748 2942 2790 2974 “
2822 2944 2873 2998 in
2895 2942 3083 3001 electis
3100 2984 3113 3001 .
3143 2942 3197 2996 in
3217 2941 3410 3011 quibus
3434 2936 3716 2994 deiﬁcatur
3748 2931 3815 2997 ¹¹⁵,
3876 2953 3899 2963 ’-

2229 3034 2433 3105 optima
2466 3036 2522 3090 in
2552 3036 2798 3113 reprobis
2821 3075 2838 3101 ,
2877 3051 3014 3106 quos
3049 3034 3321 3094 continet,
3351 3048 3420 3087 ne
3450 3028 3659 3084 illorum
3691 3028 3861 3098 sub;

544 3111 819 3167 utuuiouis
863 3114 915 3168 in
962 3116 1215 3173 omnibus
1256 3120 1520 3175 humanae
1550 3132 1793 3178 naturae.
1826 3122 1976 3191 Quae
2006 3140 2125 3179 cum
2156 3122 2199 3183 Ο
2231 3128 2499 3184 stantialis
2526 3112 2830 3200 preprietas
2852 3127 2918 3182 ad
2940 3126 3164 3182 nihilum
3188 3125 3473 3195 redigatur,
3503 3123 3605 3176 hoc
3622 3128 3725 3185 est,
3747 3134 3819 3173 ne

542 3202 614 3260 ita
645 3206 787 3272 sint,
822 3209 943 3279 quis
995 3222 1143 3267 reete
1182 3211 1205 3242 ³
1232 3210 1724 3284 philosophantium
1757 3231 1999 3287 pureque
2032 3234 2128 3272 na-

544 3312 697 3355 turas
725 3315 906 3357 rerum
938 3303 1339 3373 inspiricutium
1372 3325 1477 3363 non
1518 3309 1774 3366 continuo
1803 3312 2128 3382 pronuncia-

542 3400 625 3445 ret
651 3393 691 3457 ",
720 3394 1117 3451 irrationabiles
1142 3409 1316 3455 motus
1339 3402 1597 3456 malarum
1615 3401 1948 3459 voluntatum
1971 3418 2129 3474 posse

534 3487 721 3553 puniri
748 3489 798 3541 in
824 3488 929 3554 his,
955 3491 1047 3561 qui
1081 3500 1326 3547 naturam
1359 3485 1552 3551 bonam
1580 3505 1636 3552 et
1659 3496 2035 3553 rationabilem
2074 3508 2128 3553 et

542 3579 931 3649 impassibiiem
952 3584 1313 3656 participant?
1329 3586 1393 3642 Et
1409 3589 1858 3658 quemadmodum
1879 3591 2017 3646 mala
2041 3608 2128 3646 vo-

541 3671 722 3727 luntas
749 3675 989 3729 naturale
1013 3677 1210 3731 bonum
1236 3694 1337 3733 non
1361 3680 1712 3751 contaminat,
1738 3682 1809 3737 ita
1832 3683 1993 3737 etiam
2019 3691 2129 3738 tor-

541 3773 781 3819 mentum
804 3766 920 3838 ejus
947 3774 988 3828 ³,
1018 3768 1191 3820 malae
1213 3768 1501 3828 voluntatis
1522 3771 1643 3827 dico
1668 3775 1707 3833 ⁸.
1732 3773 1980 3829 naturale
2001 3777 2127 3830 sub-

533 3855 761 3921 jectum,
778 3857 861 3913 cui
886 3858 1104 3925 accidit,
1126 3868 1177 3915 et
1201 3861 1252 3913 in
1277 3878 1383 3931 quo
1409 3863 1735 3927 continetur,
1756 3880 1861 3919 non
1888 3873 2121 3935 torquet.

539 3950 654 4018 ipsa
684 3949 947 4019 siquidem
973 3961 1187 4018 natura,
1209 3954 1344 4009 sicut
1375 3955 1540 4011 libera
1563 3966 1667 4016 cst.
1682 3959 2003 4029 penitusque
2030 3960 2125 4013 ab-

537 4042 712 4094 soluta
744 4043 811 4096 ab
839 4041 986 4098 omni
1034 4054 1276 4113 peccato,
1323 4048 1395 4102 ita
1434 4049 1812 4107 universaliter
1864 4051 2030 4107 libera
2069 4060 2125 4107 et

537 4132 783 4188 absoluta
811 4142 897 4189 est
938 4135 1009 4190 ab
1032 4138 1179 4192 omni
1215 4153 1385 4208 poena
1418 4141 1642 4209 peccati.
1671 4142 1805 4196 Nam
1842 4153 1897 4199 et
1920 4144 2124 4199 secula-

538 4224 678 4279 rium
703 4238 990 4281 causarum
1016 4226 1261 4296 iudices,
1301 4231 1346 4286 si
1388 4241 1569 4288 tamen
1608 4248 1716 4289 non
1747 4234 1968 4292 libidine
2005 4238 2121 4292 vin-

535 4317 744 4385 dictae,
769 4332 960 4374 verum
1000 4322 1351 4379 correctionis
1386 4326 1557 4395 gratia
1591 4341 1712 4384 reos
1738 4327 2008 4400 suppliciis
2035 4330 2116 4385 di-

534 4426 671 4481 gnos
697 4412 1034 4479 examinant,
1072 4430 1177 4470 non
1217 4426 1462 4472 naturam
1496 4418 1547 4473 in
1586 4420 1696 4483 cis,
1740 4423 1832 4476 sed
1867 4421 2117 4479 delictum

2232 3219 2561 3277 naturalium
2592 3221 2879 3284 bonorum,
2911 3235 3050 3289 quae
3077 3233 3140 3273 ex
3171 3216 3479 3274 conditione
3506 3230 3602 3269 sua
3646 3223 3833 3267 attra-.

2229 3321 2441 3378 serant,
2482 3314 2761 3386 patiantur
2793 3314 3107 3377 interitum;
3141 3311 3339 3384 gaudet
3361 3307 3817 3378 contemplatione

2232 3406 2479 3462 veritatis
2515 3407 2570 3461 in
2611 3406 2730 3471 his,
2760 3405 2852 3476 qui
2887 3404 3181 3475 perlectam
3219 3401 3611 3468 beatitudinem
3643 3398 3816 3469 possi-

2233 3501 2389 3566 deut;
2416 3499 2612 3571 gaudet
2631 3498 3098 3555 administratione
3126 3495 3602 3553 substantialitatis
3630 3495 3683 3548 in
3709 3493 3811 3557 his,

2231 3591 2322 3662 qui
2358 3600 2579 3647 suorum
2610 3591 2927 3648 delictorum
2969 3603 3174 3660 poenas
3204 3587 3453 3651 solvunt;
3484 3586 3536 3639 in
3565 3584 3815 3639 omnibus

2231 3693 2366 3749 tota,
2392 3680 2651 3754 perfecta,
2678 3696 2778 3738 suo
2800 3679 2992 3739 similis
3018 3678 3295 3743 Creatori,
3326 3676 3533 3734 cunctis
3557 3675 3812 3732 vitiorum

2230 3777 2502 3841 sordibus,
2528 3775 2733 3845 quibus
2773 3768 2827 3831 in
2864 3776 2967 3832 hac
2996 3772 3210 3831 mortali
3248 3788 3415 3830 carne
3455 3770 3622 3827 veluti
3664 3768 3811 3837 lepra

2228 3870 2462 3940 quadam
2507 3867 2800 3926 deformari
2854 3875 2910 3923 et
2954 3865 3147 3923 violari
3194 3866 3538 3922 extrinsecus
3588 3862 3814 3933 patitur.

2227 3968 2476 4030 purgata,
2508 3957 2562 4013 in
2586 3958 2876 4029 pristinum
2912 3956 3237 4012 conditionis
3264 3971 3394 4011 suae
3422 3963 3620 4010 statum
3658 3953 3813 4007 resti-

2228 4057 2341 4104 tuta
2370 4058 2706 4114 revertetur,
2742 4049 3101 4120 redemptoris
3126 4056 3185 4104 et
3209 4048 3542 4118 susceptoris
3571 4045 3653 4101 sui
3689 4061 3819 4116 gra-

2228 4140 2301 4193 tia
2343 4146 2614 4195 revocata.
2667 4137 2803 4194 llinc
2839 4138 3000 4195 datur
3034 4137 3288 4209 intelligi,
3330 4137 3474 4208 quod
3520 4138 3573 4191 in
3622 4148 3811 4190 natura

2225 4244 2432 4294 rerum,
2477 4236 2602 4300 post
2643 4227 2827 4283 mundi
2876 4227 3037 4297 hujus
3073 4228 3344 4284 sensibilis
3387 4224 3811 4282 consummatio.-

2224 4334 2348 4375 ncm
2372 4361 2388 4384 ,
2422 4318 2569 4374 nulla
2606 4318 2844 4381 malitia,
2875 4318 3017 4373 nulla
3059 4333 3205 4375 mors
3240 4318 3641 4388 corruptionem
3677 4316 3813 4370 i‘nl'eo

2229 4425 2372 4474 rens,
2407 4409 2551 4465 nulla
2578 4409 2798 4464 miseria
2829 4408 3072 4479 fragilem
3099 4410 3150 4462 in
3180 4410 3281 4464 bac
3308 4407 3488 4462 adimo
3514 4408 3620 4461 vita
3645 4417 3813 4460 mate-

537 4506 775 4576 ιοιηιιετί
802 4514 1078 4576 appetunt.
1112 4508 1377 4576 Quoniam
1409 4524 1536 4566 vero
1564 4512 1756 4567 συείοις,
1797 4528 1894 4583 ρει.
1915 4529 1995 4578 se.
2026 4531 2122 4570 na-
2156 4487 2199 4544 Ι)
2228 4500 2362 4555 ricm
2411 4500 2660 4556 inliciens
2709 4501 3067 4570 relinquetur.
3113 4500 3303 4563 Omnia
3346 4492 3545 4571 quippe
3581 4490 3809 4555 visibilia

537 4595 695 4649 turali
740 4596 985 4667 subjecto
1028 4609 1350 4670 segregata,
1392 4601 1582 4671 punire
1640 4618 1744 4658 non
1793 4614 2018 4673 possunt
2074 4607 2117 4667 ",

538 4697 819 4759 propterea
852 4705 1050 4759 corpus
1092 4684 1250 4746 simul
1291 4708 1413 4747 ctnn
1442 4694 1637 4751 delicto
1672 4696 1917 4765 puniant.
1953 4696 2121 4751 Natu-

538 4794 720 4833 rarum
750 4786 930 4835 autem
959 4783 1195 4849 optimus
1229 4784 1506 4849 conditor,
1538 4786 1815 4855 piissimus
1845 4790 2116 4857 provisor,

528 4872 866 4939 justissimus
894 4872 1209 4929 delictorum
1238 4874 1290 4929 in
1330 4876 1438 4945 his,
1466 4878 1559 4950 qui
1603 4896 1660 4934 sc
1684 4892 1945 4951 spernunt
1977 4894 2066 4939 aut
2094 4884 2116 4916 ⁸

540 4968 821 5030 nesciunt,
852 4968 1027 5027 ultor.
1054 4972 1206 5037 punit
1244 4972 1295 5024 in
1322 4980 1548 5037 natura,
1580 4989 1741 5043 quam
1787 4975 1943 5041 fecit,
1983 4976 2118 5033 deii-

448 5106 463 5125 ,
536 5068 710 5123 ctum,
735 5058 878 5128 quod
907 5074 1010 5113 non
1046 5059 1191 5123 fecit,
1225 5060 1462 5116 liberans
1488 5076 1555 5118 ex
1586 5064 1799 5131 delicto,
1828 5080 2117 5137 separatis-

533 5165 665 5219 que,
702 5150 845 5220 quod
879 5149 1030 5216 fecit,
1074 5148 1435 5223 iucﬁ‘abilique
1473 5156 1632 5212 modo
1664 5158 1716 5210 in
1746 5173 1835 5223 eo,
1876 5160 2017 5228 quod
2044 5160 2122 5215 fe—

539 5241 638 5307 cit,
659 5241 926 5313 impunito
952 5244 1125 5312 punit,
1157 5253 1211 5298 et
1235 5252 1294 5298 ut
1325 5246 1504 5322 verius
1532 5247 1729 5312 dicam,
1759 5252 1936 5320 puniri
1966 5254 2115 5317 sinit.

2224 4600 2278 4645 et
2309 4591 2595 4646 invisibilia
2633 4591 2684 4645 in
2715 4591 2828 4646 suis
2856 4590 3036 4646 causis
3064 4593 3373 4662 quiescent;
3401 4590 3514 4645 sola
3543 4603 3675 4646 vero
3702 4586 3810 4644 illi-

2200 4685 2327 4739 -cita
2369 4683 2617 4739 voluntas
2649 4684 2912 4739 malorum
2938 4685 3214 4739 hominum
3244 4693 3297 4741 et
3319 4684 3655 4760 angelorum,
3686 4673 3839 4738 επεὶ-ν

2222 4776 2363 4829 ciata
2396 4789 2682 4845 pravorum
2712 4776 2793 4835 sui
2824 4775 2867 4808 "
2896 4791 3104 4830 morum
3144 4775 3403 4830 memoria
3452 4773 3816 4830 conscientia-

2222 4884 2330 4937 que
2356 4869 2409 4920 in
2432 4867 2612 4937 scipsa
2643 4865 3010 4937 tarquebitur,
3042 4881 3164 4921 cum
3196 4867 3262 4920 de
3297 4867 3420 4925 bis,
3454 4877 3595 4940 quae
3626 4864 3677 4917 in
3709 4863 3815 4918 hac

2224 4961 2332 5015 vita
2364 4960 2465 5015 sibi
2495 4970 2797 5028 optaverat,
2823 4970 2879 5013 ct
2917 4958 3097 5013 futura
3131 4958 3233 5014 sibi
3275 4956 3635 5027 cogitaverat,
3677 4955 3809 5041 nihil

2228 5052 2487 5108 inveniat.
2531 5051 2596 5106 In
2630 5050 2726 5105 illa
2762 5040 2898 5106 enim
2927 5050 2972 5081 “
2996 5050 3080 5104 die
3113 5051 3351 5118 peribunt
3397 5064 3574 5101 οωηεε
3614 5048 3811 5117 cogitu-

2226 5144 2392 5198 tioues
2416 5160 2615 5197 eorum.
2640 5142 3007 5213 Cogitationes
3032 5141 3168 5196 dixit
3190 5142 3363 5212 peritu
3374 5156 3476 5203 ras,
3497 5154 3602 5194 non
3626 5148 3809 5193 autem

2225 5235 2574 5290 substantias.
2617 5233 2724 5290 Sed
2748 5248 2884 5303 quas
2915 5232 3269 5304 cogitationes
3306 5233 3426 5287 ait?
3466 5230 3643 5286 Vanus
3683 5246 3808 5299 pru-

1820 5362 2071 5423 rauuc‘
2106 5368 2541 5437 Lectiones.

620 5470 637 5500 *
671 5466 761 5521 Sic
796 5466 920 5524 Cl“:
963 5468 1001 5521 Λ
1046 5485 1241 5538 organa
1287 5470 1420 5539 ejus.
1500 5471 1523 5502 ⁸
1562 5473 1785 5526 exterior
1828 5491 1937 5529 om.
1963 5478 2070 5533 CF.

2149 5481 2172 5511 ³
2196 5480 2282 5537 CF
2308 5483 2403 5535 rite

2461 5478 2955 5550 ibilosopbautium.
3034 5480 3049 5511 "
3089 5480 3181 5537 Sic.
3217 5481 3291 5547 C;
3330 5480 3369 5533 Α
3409 5488 3737 5547 pronuntiat,
3769 5475 3804 5531 F

625 5499 631 5500 ’
672 5499 761 5521 um
798 5499 870 5519 ur
907 5510 920 5524 .
963 5499 1001 5521 u
1046 5499 1240 5538 mutuus
1287 5499 1420 5539 qua.
1503 5499 1520 5502 '
1562 5499 1785 5526 σέιιιεηυΐ
1828 5499 1937 5529 mu.
1963 5499 2070 5533 hl'.
2149 5499 2172 5511 '
2196 5499 2281 5537 [ιιι
2308 5499 2403 5535 fﬂt’.
2461 5499 2955 5550 llillOSOPllaﬂllunl.
3039 5499 3049 5511 '
3090 5499 3181 5537 διο
3217 5499 3291 5547 ιλ;
3330 5499 3369 5533 Α
3409 5499 3737 5562 pronuntiat,
3769 5499 3797 5531 l"

536 5549 916 5631 pronuntiarit.
987 5540 1149 5631 λείπω
1196 5557 1305 5594 unt.
1337 5541 1497 5631 θίν’
1519 5542 1876 5631 αὶξῇῃοηιὲᾼ.
1915 5618 1927 5631 1
1954 5549 1973 5580 τ
2006 5551 2046 5619 Δ
2079 5552 2297 5631 possint.
2376 5499 2625 5631 *δέ-ηε..-
2657 5551 2746 5631 ξΔρ
2776 5568 2888 5631 gae
2926 5562 3246 5631 nonyotest.
3281 5624 3289 5631 _
3323 5551 3368 5583 ¹⁶
3397 5552 3437 5604 Α
3476 5566 3646 5631 gulf]!
3683 5565 3808 5631 ῃςς·

541 5609 657 5697 ιρις
682 5608 905 5697 ignium.
931 5610 1026 5697 ﬂ“
1135 5628 1299 5697 cum.‘
1349 5610 1513 5697 "§ic
1555 5612 1724 5695 MT;
1760 5614 1948 5697 F‘rad.
1985 5608 2131 5676 corr.
2171 5623 2506 5679 immutabili.
2584 5622 2627 5654 ¹³
2650 5620 2747 5679 Sic
2767 5608 2893 5683 CF;
2924 5623 2968 5678 Α
3007 5608 3401 5694 gloriosissimo.
3478 5619 3521 5652 ν’
3552 5620 3654 5697 Sic
3680 5617 3770 5677 Cl"
3790 5636 3805 5650 '

545 5680 588 5733 Α
624 5677 851 5741 dei/imi.
930 5679 1091 5736 “sui
1129 5696 1237 5737 om.
1269 5682 1333 5736 Α.
1411 5687 1455 5715 ¹⁶
1481 5686 1617 5740 enim
1646 5677 1757 5742 om.
1786 5686 1857 5741 Α.
