4210 6216
385 328 529 393 955

1237 332 1323 388 ns
1358 329 1695 423 utvtsrous
1727 330 2080 394 NA'l‘UllAE.
2140 368 2160 377 ς

2229 334 2430 398 LIBER
2467 337 2771 407 QUlNTUS
3551 339 3655 399 N6

384 454 527 507 lecto
568 464 749 506 rerum
800 448 1156 515 sensibilium,
1192 451 1386 519 quibus
1416 451 1469 506 iu
1504 450 1608 507 hac
1639 450 1746 507 vita
1775 450 1967 507 insano
1994 453 2043 518 Α
2072 449 2211 509 sicut
2254 453 2513 526 scriptum
2556 465 2640 511 cst
2683 475 2696 511 :
2741 455 2900 513 Ibunt
2955 458 3124 513 sancti
3179 456 3202 489 ’
3273 457 3314 511 ἐ
3371 468 3558 514 virtute
3602 468 3659 510 to

382 541 592 597 inhiant
622 555 840 605 amore,
872 535 1208 612 phantasma,
1236 557 1372 612 quas
1391 538 1849 600 irrationabilibus
1872 536 1971 599 ob?

377 642 634 690 caecatae
678 646 775 703 per
810 633 1069 688 malitiam
1110 635 1324 688 animae
1353 633 1633 703 aﬂ‘ectibus
1664 636 1963 694 attrahunt.

376 722 587 792 Quibus
624 724 922 795 pb'antasiis
978 724 1113 793 ipsi,
1153 727 1245 796 qui
1288 741 1382 784 eas
1422 725 1667 796 lingunt,
1709 728 1965 787 simillimi

375 823 560 871 erunt.
614 812 826 869 Nullam
865 813 1065 885 quippe
1106 817 1387 871 vere-veri
1437 816 1761 877 soliditatem
1818 818 1966 887 inve-

377 902 554 968 nient,
592 902 687 958 sed
724 903 889 959 veluti
925 904 1183 959 inanibus
1218 906 1444 961 somniis
1495 906 1889 976 torquebantur
1923 908 1964 964 ί.

377 994 516 1050 Hinc
551 993 821 1051 Maximus
850 994 1061 1051 decimo
1085 1006 1240 1051 sexto
1269 997 1336 1053 de
1373 997 1654 1067 Ambiguis
1682 1001 1920 1073 capitulo
1950 1020 1964 1055 :

378 1086 484 1153 Qui
511 1087 712 1152 dicina,
740 1086 935 1157 inquit,
961 1089 1225 1160 sapienter
1250 1089 1568 1144 meditantur
1592 1092 1761 1155 verba,
1794 1093 1969 1162 perdi-

374 1180 567 1233 tionem
595 1189 641 1233 et
673 1180 938 1249 infernum
960 1188 1009 1235 et
1055 1181 1196 1250 filios
1234 1180 1541 1250 perditionis
1574 1192 1620 1237 et
1649 1182 1844 1238 similia
1870 1202 1964 1250 np—

371 1271 572 1343 pcllant
609 1290 717 1339 eos,
750 1276 874 1345 qui,
910 1274 1054 1344 quod
1104 1291 1208 1330 non
1248 1285 1347 1339 est,
1387 1276 1589 1330 sibimet
1633 1279 1917 1333 secundum
1945 1278 1968 1317 '

373 1368 563 1423 mentis
598 1367 846 1436 aﬁ‘ectum
882 1365 1270 1422 subsistentia»:
1311 1367 1553 1436 faciunt,
1602 1380 1650 1423 et
1686 1370 1763 1424 sic
1799 1370 1969 1440 phan-

373 1456 525 1543 (\asiis
557 1474 648 1530 per
672 1459 851 1513 omnia
883 1457 1077 1534 similes
1104 1459 1259 1528 ﬁunt.
1292 1458 1431 1535 Quid
1469 1458 1644 1515 dicam
1676 1460 1743 1515 de
1779 1470 1968 1515 sancto

371 1550 676 1624 Augustino
694 1552 749 1607 in
770 1551 1089 1608 duodecimo
1110 1551 1249 1608 libro
1272 1551 1520 1609 Exemeri
1538 1554 1643 1615 sui.
1659 1553 1968 1626 disputante

375 1641 443 1695 de
495 1655 583 1705 eo,
618 1640 763 1713 quod
803 1642 1018 1697 animae
1054 1643 1231 1703 adhuc
1273 1643 1326 1698 in
1373 1643 1474 1699 hac
1502 1644 1522 1677 ’
1551 1645 1965 1701 carne-mortali

372 1720 723 1795 constitutae.
745 1747 852 1788 non
872 1734 999 1788 alibi
1029 1734 1131 1788 nisi
1159 1735 1211 1789 in
1233 1736 1558 1805 phantasiis,
1584 1745 1679 1792 aut
1700 1737 1964 1807 quasdam

372 1822 566 1880 inanes
596 1823 848 1887 laetitias,
883 1834 974 1880 aut
1010 1825 1272 1896 quasdam
1314 1827 1503 1883 inanes
1530 1842 1730 1898 poenas
1751 1827 1965 1899 patian-
1992 1812 2038 1875 Β

373 1928 482 1981 tur,
517 1918 569 1973 in
602 1917 781 1975 futura
813 1934 943 1974 vero
980 1921 1087 1973 vita
1108 1962 1124 1983 ,
1166 1921 1401 1992 receptis
1423 1921 1761 1991 corporibus,
1789 1921 1959 1977 solida

371 2011 622 2068 veritatis
654 2000 1105 2082 contemplatione
1136 2011 1265 2083 justi
1300 2013 1627 2083 gaudebunt,
1656 2013 1804 2084 impii
1830 2029 1962 2069 vero

373 2101 566 2158 inanes
592 2117 772 2158 rerum
802 2103 1135 2159 sensibilium
1163 2104 1427 2175 imagines
1448 2105 1714 2174 patientes
1734 2104 1961 2172 ﬂebunt,

372 2194 523 2250 salva
545 2202 605 2250 et
631 2196 931 2267 impunibiii
957 2196 1010 2251 in
1039 2197 1289 2268 utrisque
1316 2199 1638 2254 substantia.
1662 2198 1778 2253 Duo
1804 2215 1960 2254 nam-

371 2301 480 2360 que
506 2301 701 2356 genera
728 2289 1041 2359 passionum
1068 2298 1196 2345 sunt
1223 2308 1236 2344 :
1268 2306 1432 2345 unum
1455 2330 1473 2358 ,
1509 2305 1618 2359 quo
1648 2288 1880 2347 deiﬁcati
1908 2290 1963 2346 in

373 2376 670 2459 conditoris
709 2377 791 2433 sui
842 2379 1191 2450 purissimam
1236 2381 1598 2453 cognitionem
1654 2381 1991 2453 rapiuntur,.

372 2468 604 2524 alterum
650 2483 782 2525 vero
806 2468 829 2501 δ
855 2511 871 2535 ,
902 2484 1010 2540 quo
1036 2471 1183 2541 impii
1224 2470 1278 2526 in
1315 2473 1789 2542 profundissimam
1822 2473 1965 2529 veri-

373 2559 502 2614 tatis
526 2559 886 2631 ignorantiam
922 2570 1263 2632 merguntur.
1294 2562 1361 2618 Et
1381 2562 1511 2635 quid
1540 2562 1760 2627 mirum,
1787 2564 1831 2619 si
1864 2565 1963 2619 im-

372 2651 470 2722 pii,
505 2652 647 2722 quod
695 2653 749 2708 in
790 2653 896 2710 hac
935 2652 1046 2710 vita
1085 2654 1263 2715 adimo
1304 2656 1359 2710 in
1413 2670 1580 2713 carne
1623 2658 1962 2730 corruptibili

374 2743 576 2798 detenti
609 2757 708 2812 per
731 2744 964 2807 somnia.
995 2754 1051 2801 et
1072 2755 1193 2816 post
1220 2761 1340 2803 eam
1376 2748 1715 2819 pbantastice
1746 2751 1963 2821 patiun-

374 2841 463 2888 tur
485 2835 536 2889 iu
559 2834 793 2900 inferno,
809 2837 1515 2915 spiritualibuscorporibus
1527 2842 1642 2898 suis
1663 2845 1686 2877 ⁸
1710 2844 1962 2914 receptis,

375 2940 439 2980 ac
474 2925 635 2999 veluti
680 2927 1002 3001 gravissimo
1035 2929 1279 2999 quodam
1330 2947 1522 2989 somno
1569 2933 1883 3005 evigilantes
1918 2934 1961 3001 ⁸,

373 3017 682 3088 expressius
711 3018 988 3089 patiantur
1003 3036 1103 3091 per
1126 3011 1495 3091 supplicia,ita
1507 3032 1568 3079 ut
1593 3034 1828 3094 semper,
1860 3026 1963 3081 sic-

373 3123 434 3167 ut
457 3112 536 3168 ait
560 3113 914 3183 Augustinus,
938 3130 1102 3172 verae
1145 3131 1353 3187 poenae
1391 3120 1469 3173 eis
1494 3119 1623 3183 sint,
1649 3118 1818 3177 falsae
1837 3125 1964 3176 vero

375 3201 643 3273 imagines
670 3202 724 3257 in
755 3220 860 3259 non
882 3204 1048 3268 veris,
1066 3220 1196 3261 vera
1218 3208 1456 3270 tristitia,
1482 3223 1642 3264 verus
1669 3208 1843 3264 luctus
1871 3225 1963 3279 pa-
1991 3183 2036 3244 (δ

381 3308 600 3363 vorque,
623 3309 745 3350 sera
766 3296 1116 3365 poenitentia,
1139 3312 1302 3354 urens
1322 3299 1707 3371 cogitationum
1729 3298 1965 3355 ﬂamma.

376 3383 419 3438 Ε
457 3385 732 3470 contrarip
762 3395 940 3441 autem
971 3385 1106 3454 justi
1147 3390 1440 3459 patientur,
1481 3390 1700 3460 quibus,
1736 3392 1966 3460 receptis

372 3474 710 3543 corporibus,
724 3476 1097 3550 deiﬁcatisque
1111 3482 1400 3546 mentibus,
1428 3497 1588 3539 verae
1608 3483 1964 3539 beatitudine:

376 3567 619 3622 eruntin
653 3569 799 3624 veris
843 3571 1405 3642 cou’temptationibus,
1449 3588 1637 3632 verum
1686 3578 1963 3648 gaudium.

376 3669 500 3711 vera
548 3656 771 3722 laetitia,
810 3660 1063 3728 quoniam
1108 3678 1293 3729 omne,
1324 3665 1467 3735 quod
1507 3667 1561 3721 in
1596 3667 1703 3723 hac
1731 3669 1838 3724 vita
1867 3685 1964 3739 per

377 3747 533 3802 tidem
563 3747 856 3821 accipiunt,
901 3750 955 3805 in
1000 3750 1184 3809 futuro
1234 3770 1333 3825 per
1376 3756 1611 3826 speciem
1654 3760 1963 3819 considera-

372 3833 528 3892 bunt.
567 3835 675 3893 Sed
720 3838 895 3907 qualis
934 3840 1048 3912 ipsa
1095 3845 1303 3913 species
1348 3846 1440 3912 sit,
1495 3850 1862 3919 unusquisque
1905 3851 1959 3907 iu

372 3929 552 4000 seipse
578 3930 780 3986 videbit
806 3936 1175 4003 experimento
1204 3954 1221 3992 :
1254 3936 1318 3993 Iu
1348 3939 1503 4011 domo
1540 3940 1560 3970 "
1595 3943 1759 4007 enim,
1791 3943 1963 4013 inquit

374 4020 611 4086 Veritas,
638 4020 817 4079 Patris
840 4025 944 4080 mei
980 4028 1282 4083 mansiones
1305 4028 1504 4085 multae
1523 4042 1665 4087 sunt.
1706 4031 1962 4103 Utrisque

374 4120 553 4187 tamen
580 4122 741 4171 erunt
780 4116 1100 4185 phantasiae
1145 4120 1310 4175 veluti
1355 4121 1524 4187 facies
1567 4126 1831 4194 quaedam
1857 4144 1953 4182 ex-

369 4217 614 4275 pressae,
638 4205 802 4277 justis
829 4209 1054 4278 quidem
1076 4212 1383 4269 divinarum
1412 4217 1956 4287 contemplationem;

372 4312 496 4353 nam
524 4311 630 4361 non
666 4313 764 4368 per
802 4300 1063 4371 seipsum,
1092 4306 1189 4360 sed
1232 4308 1616 4377 perquasdam
1646 4325 1772 4365 suas
1799 4325 1957 4381 appa-

371 4386 601 4443 ritiones
628 4389 935 4446 ‘secundum
968 4392 1309 4452 altitudinem
1361 4398 1784 4471 uniuscujusque
1830 4418 1955 4457 sau-

370 4484 583 4535 ctorunt
643 4482 1117 4552 contemplationis
1186 4488 1459 4546 videbitur
1522 4492 1681 4549 Deus.
1757 4495 1869 4550 liae
1933 4497 1955 4528 '

371 4573 571 4644 quippe
624 4581 751 4630 sunt
812 4576 1023 4643 nubes,
1091 4580 1159 4636 de
1210 4583 1408 4651 quibus
1467 4584 1546 4638 ait
1597 4586 1884 4655 Apostolus
1939 4607 1950 4640 :

376 4664 659 4737 Rapiemur
678 4673 733 4725 in
756 4673 979 4727 nubibus
1005 4674 1208 4729 obviam
1237 4672 1466 4741 Christo,
1509 4677 1682 4732 nubes
1711 4678 1959 4739 videlicet

369 4760 648 4830 appellans
692 4764 996 4818 divinarum
1040 4766 1451 4836 phantasiarum
1497 4767 1742 4824 diversas
1788 4786 1954 4839 appa-

371 4851 598 4909 ritiones
632 4858 927 4911 secundum
958 4856 1379 4928 uniuscujusque
1419 4861 1657 4915 deiﬁcati
1707 4862 1951 4916 altitudi-

370 4960 493 4998 nem
522 4946 785 5003 theoriae.
820 4948 1003 5019 lmpiis
1032 4965 1160 5003 vero
1192 4950 1499 5005 mortalium
1531 4966 1709 5005 rerum
1741 4959 1955 5020 semper

369 5042 531 5091 erunt
567 5038 891 5107 pbantasiae
955 5056 1022 5096 ac
1072 5040 1321 5115 diversae
1377 5039 1652 5112 falsaeque
1720 5045 1952 5112 species,

369 5131 663 5210 secundum
706 5131 951 5189 diversos
995 5133 1259 5188 malarum
1312 5148 1535 5189 suarum
1573 5135 1951 5206 :ogitatiunum

372 5229 569 5278 motus.
606 5220 675 5277 Et
717 5224 1173 5293 quemadmodum
1212 5223 1446 5280 deiiicati
1495 5240 1593 5295 per
1638 5227 1954 5280 innumera-

372 5313 507 5371 biles
556 5313 775 5371 divinae
840 5316 1313 5387 contemplationis
1373 5320 1576 5387 gradus
1632 5319 1951 5384 ascendent,

2071 545 2339 611 uirtutem,
2386 546 2470 600 .in
2532 546 2763 607 nubibus
2825 548 3050 605 visionis
3074 550 3238 619 rapti,
3315 548 3657 621 ridebuutque

2070 632 2240 691 Deum
2286 635 2504 692 deorum
2550 639 2605 693 in
2654 637 2809 704 Sion,
2842 638 2946 696 hoc
2972 649 3076 706 est,
3108 655 3215 696 non
3246 655 3343 711 per
3394 640 3659 712 s'eipsum,

2023 723 2030 730 ’
2069 728 2165 787 sed
2214 728 2266 784 in
2317 731 2535 801 speculo
2582 732 2625 763 ’θ
2676 720 3293 818 ὀὶγὶιιιιθνιιιιθηιειεῑίιθέ
3349 734 3423 790 ita
3468 749 3502 789 a
3551 733 3659 789 Dec

2069 820 2305 892 elongati
2335 835 2556 892 semper
2597 823 2925 880 descendent
2947 825 2988 877 υ
3014 839 3117 895 per
3137 825 3380 881 diversos
3399 824 3661 880 vitiorum

2069 928 2290 969 suorum
2321 915 2613 971 descensus
2640 916 2693 971 in
2724 917 3047 987 profundam
3100 917 3461 989 ignorantiae,
3490 918 3657 993 inque

2071 1003 2322 1060 tenebras
2368 1007 2685 1071 exteriores,
2729 1003 2779 1061 iii
2809 1008 3007 1076 quibus
3032 1009 3129 1063 erit
3171 1011 3328 1080 ﬂetus
3371 1018 3421 1065 et
3461 994 3659 1065 stridor

2068 1092 2325 1168 dentium.
2365 1092 2425 1150 In
2474 1096 2721 1166 utrisque
2760 1098 2964 1163 tamen,
3008 1096 3171 1168 jnsﬁs
3199 1100 3324 1156 dico
3358 1108 3415 1155 et
3454 1098 3665 1171 impiis,

2071 1184 2243 1251 salva,
2270 1193 2328 1242 et
2355 1185 2588 1258 integra,
2618 1174 2674 1260 et
2722 1189 3171 1253 incontaminata,
3221 1190 3478 1260 omnique
3520 1205 3654 1246 con-

2071 1276 2238 1333 traria
2282 1277 2534 1346 passione
2575 1277 2743 1333 libera
2789 1280 2895 1335 erit
2921 1290 2978 1335 et
3021 1294 3237 1352 semper
3262 1282 3365 1336 erit
3417 1282 3654 1336 humana

2070 1354 2261 1423 natura
2292 1384 2308 1429 ς
2340 1368 2586 1439 utrisque
2626 1370 2734 1423 erit.
2764 1369 2957 1425 similis
2983 1388 3270 1443 corporum
3302 1371 3661 1443 spirituaiitas

2069 1455 2248 1513 ablata
2291 1458 2441 1517 omni
2486 1459 2842 1524 animaiitate,
2908 1463 3103 1517 similis
3173 1461 3666 1532 iucorruplibilitas

2068 1551 2346 1609 subtracta
2374 1554 2523 1607 omni
2571 1555 2942 1625 corruptione,
2985 1555 3180 1610 similis
3211 1542 3436 1611 naturae
3457 1556 3658 1627 gloria,

2069 1644 2289 1715 quando
2306 1643 2591 1701 auferetur
2623 1647 2803 1715 omnis
2846 1647 3196 1713 contumelia,
3230 1648 3433 1704 similis
3470 1660 3661 1703 essen-

2071 1737 2166 1799 tia,
2215 1736 2410 1809 similis
2446 1737 2761 1794 aeternitas.
2806 1738 2952 1796 Haec
2989 1747 3115 1796 sunt
3160 1740 3214 1797 in
3246 1741 3665 1811 regeneratione

2065 1829 2339 1903 generalia
2398 1830 2777 1901 naturaliaque
2840 1833 2980 1888 bona
3054 1833 3224 1888 totius
3276 1833 3662 1897 immanitatis,

2065 1921 2423 1992 omnibusque
2469 1919 2922 1992 participantibns
2960 1936 3080 1978 eam
3133 1924 3462 1979 communia.
3515 1922 3661 1977 ilaee

2066 2004 2192 2066 sunt
2224 2010 2351 2065 data
2381 2010 2446 2066 de
2470 2027 2679 2066 sursum
2712 2028 2745 2066 α
2788 2010 2949 2067 Patre
2987 2014 3245 2069 luminum
3270 2008 3663 2078 descendentia,

2066 2102 2122 2158 in
2148 2117 2338 2158 omnes
2361 2102 2689 2173 generaliter
2713 2088 2927 2169 diﬂ‘nsa,
2971 2119 3202 2174 quorum
3242 2103 3659 2174 participatione

2066 2205 2227 2250 nemo
2287 2193 2611 2260 excluditur,
2672 2208 2834 2250 nemo
2880 2195 3147 2265 privatur,
3196 2195 3451 2265 quoniam
3500 2210 3659 2249 nemo

2064 2287 2184 2341 sine
2210 2284 2296 2344 bis
2315 2284 2600 2355 subsistit;
2627 2283 2827 2341 nullius
2859 2284 3015 2340 malis
3041 2287 3083 2317 ¹²
3113 2285 3325 2340 meritis
3352 2284 3658 2355 impediun—

2067 2387 2179 2444 tur,
2217 2392 2286 2433 ne
2327 2377 2557 2445 dentur;
2606 2376 2810 2433 nullius
2857 2376 2997 2432 bona
3049 2364 3255 2447 merita
3283 2377 3656 2447 praecedunt,

2064 2440 2262 2541 quibus
2284 2440 2659 2539 praestentur;
2699 2474 2862 2524 omne
2903 2440 3650 2539 meritump’raeoccupant;

2067 2561 2180 2619 sola
2226 2560 2407 2617 divina
2438 2560 2703 2617 bonitatis
2740 2559 2989 2632 largiﬂua
3026 2559 3359 2630 plenitudine
3406 2561 3661 2639 omnibus

2014 2689 2024 2712 .-
2065 2668 2164 2725 per
2206 2652 2392 2709 omnia
2436 2651 2825 2709 universaliter
2867 2650 3191 2707 inexhausta
3245 2648 3659 2716 eﬂttsione'ma-

2052 2736 2227 2810 nant;
2255 2742 2313 2799 in
2336 2741 2487 2800 nullo
2528 2751 2825 2813 augentur;
2874 2742 2929 2798 in
2977 2743 3126 2799 nullo
3170 2742 3530 2808 minuuntur;
3563 2755 3657 2797 ac-

2042 2830 2299 2906 qualiter
2317 2834 2573 2891 "omnibus
2602 2835 2807 2899 insunt,
2833 2844 2888 2890 et
2928 2834 3088 2889 bonis
3129 2842 3185 2889 et
3210 2833 3406 2901 malis;
3433 2848 3466 2887 a
3508 2830 3661 2890 nullo

2069 2927 2452 2995 retrahuntur;
2483 2926 2832 2982 aeternaliter
2879 2925 2933 2981 in
2959 2926 3215 2981 omnibus
3235 2934 3292 2982 et
3330 2923 3658 2981 subs-tantia-
3677 2968 3707 2984 ..

2069 3018 2196 3073 liter
2224 3018 2638 3089 pernisnebunt,
2681 3016 2831 3074 omni
2880 3018 3230 3090 corruptione
3271 3018 3658 3089 contrariaque

2066 3109 2323 3180 passione
2410 3106 2677 3165 absoluta.
2754 3109 3010 3165 Attamen
3072 3120 3201 3167 sunt
3259 3108 3661 3165 contrariarum

2066 3200 2411 3270 qualitatum,
2440 3200 2708 3256 bonarum
2740 3198 2863 3256 dico
2888 3200 3265 3272 malarumque
3291 3198 3657 3264 voluntatum,

2059 3287 2284 3349 virtutis
2332 3291 2770 3364 ignominiaeque
2811 3290 3052 3361 capacia.
3102 3290 3171 3346 Et
3219 3291 3396 3368 bonae
3437 3290 3654 3361 quidem

2063 3383 2372 3440 voluntates
2399 3391 2562 3453 atque
2612 3382 2841 3445 virtutes
2888 3397 2955 3438 ex
3004 3389 3200 3460 natura
3244 3390 3301 3437 et
3346 3383 3523 3454 gratia
3577 3383 3675 3437 eis‘

2064 3477 2283 3541 adsunt,
2340 3488 2542 3546 pravae
2582 3488 2715 3529 vero
2762 3472 3059 3529 voluntatis
3096 3472 3326 3527 obnoxii
3370 3471 3417 3505 "
3456 3480 3653 3537 motus,

2063 3567 2152 3638 qui
2182 3580 2312 3623 vere
2348 3565 2677 3637 proprieque
2704 3563 2974 3635 superﬂua
3003 3564 3236 3618 naturae
3264 3562 3544 3627 dicuntur,
3588 3578 3655 3618 ex

2063 3656 2210 3713 nulla
2235 3671 2401 3713 causa
2436 3654 2667 3712 naturali
2696 3670 2793 3711 seu
2831 3653 3231 3727 supernaturali
3260 3655 3342 3709 eis
3380 3653 3654 3720 accidunt,

2063 3749 2291 3822 ideoque
2324 3757 2478 3807 extra
2504 3764 2563 3805 se
2589 3747 2751 3804 simul
2774 3758 2831 3803 et
2861 3748 3007 3803 intra
3038 3762 3097 3802 se
3127 3748 3535 3817 impassibiliter
3559 3764 3655 3805 eos

2063 3843 2352 3902 sustinent.
2385 3844 2503 3901 Non
2533 3844 2677 3899 enim
2707 3859 2775 3899 ex
2803 3850 3017 3908 natura,
3056 3841 3137 3897 vel
3170 3841 3349 3914 gratia
3379 3841 3653 3913 provenit,

2062 3937 2206 4007 quod
2251 3952 2353 4008 per
2408 3938 2767 4009 privationem
2815 3934 2948 3989 nihil
2996 3944 3112 4001 est,
3162 3933 3419 4005 quoniam
3476 3946 3653 4003 neque

2064 4029 2366 4087 substantia
2398 4036 2502 4093 est,
2544 4043 2720 4098 neque
2748 4025 2993 4081 naturale
3026 4024 3303 4091 accidens,
3340 4040 3525 4095 neque
3548 4026 3654 4079 vir-

2063 4128 2150 4175 tus
2177 4120 2224 4153 “
2248 4121 2512 4175 naturalis
2538 4117 2948 4188 quadriformis,
2980 4132 3087 4188 qua
3138 4116 3422 4173 rationalis
3469 4117 3650 4171 anima

2060 4223 2308 4278 ornatur,
2330 4211 2687 4284 prudentiam
2717 4210 2863 4275 dico,
2912 4208 3349 4279 temperantiam,
3380 4206 3662 4263 fortitudi--

2061 4319 2207 4369 nem,
2230 4300 2530 4372 justitiam;
2555 4317 2727 4371 neque
2756 4302 2948 4355 barum
2965 4299 3207 4355 bicornis
3232 4298 3378 4363 fons,
3400 4298 3592 4368 sophia
3607 4298 3654 4332 "

2062 4396 2308 4452 videlicet
2361 4402 2416 4451 et
2469 4394 2515 4426 “
2555 4393 2935 4456 mansuetudo,
2968 4406 3111 4461 quae
3158 4405 3229 4445 ex
3277 4390 3507 4445 caritate
3539 4379 3654 4444 ma-

2058 4498 2192 4546 nant
2219 4490 2292 4554 ‘7;
2322 4502 2499 4557 neque
2544 4486 2649 4541 ulla
2675 4487 2893 4547 virium,
2929 4499 3069 4554 quae
3114 4485 3183 4538 ab
3229 4483 3311 4538 eis
3336 4491 3650 4553 erumpunt.

2063 4587 2127 4640 de
2153 4582 2348 4655 quibus
2388 4561 2552 4636 nunc.
2571 4589 2812 4634 tractare
2836 4579 3050 4648 longum
3084 4577 3319 4642 videtur,
3347 4575 3652 4646 proposito-

2062 4689 2167 4745 que
2206 4673 2484 4738 alienum;
2535 4668 2709 4741 neque
2755 4669 3184 4740 supernaturalis
3212 4668 3535 4724 excellentia
3572 4669 3652 4722 in-

2062 4765 2293 4823 eﬂ‘abilis
2323 4762 2683 4819 deiﬁcatiouis
2711 4762 2850 4816 ultra
2874 4774 3091 4815 omnem
3129 4767 3463 4821 creaturam,
3485 4774 3651 4829 quam

2063 4873 2155 4910 nec
2182 4854 2364 4910 oculus
2384 4836 2534 4916 uidit,
2562 4870 2654 4907 nec
2698 4854 2845 4907 auris
2881 4851 3106 4914 audivit,
3139 4868 3230 4904 nec
3271 4851 3325 4903 in
3359 4867 3449 4903 cor
3476 4852 3649 4903 lumti-

2062 4951 2144 5005 m's
2167 4948 2443 5004 ascendere
2474 4953 2670 5017 potest.
2698 4942 2811 4999 Non
2853 4930 2997 4999 enim
3029 4944 3173 4998 inter
3194 4944 3401 5008 omnia,
3427 4944 3520 4998 sed
3558 4959 3649 4997 su-

2061 5056 2160 5110 per
2183 5040 2364 5093 omnia
2390 5047 2767 5108 comparatur;
2793 5049 2897 5091 uec
2921 5036 3061 5090 intra
3092 5042 3393 5105 potestates
3421 5043 3655 5089 naturae

2057 5131 2309 5201 conditae
2331 5114 2642 5187 includitur.
2689 5130 2758 5185 Et
2793 5144 2863 5185 ne
2905 5128 3143 5192 mireris,
3174 5127 3320 5199 quod
3363 5127 3498 5187 dixi,
3539 5127 3644 5180 bu-

2057 5236 2272 5281 manam
2319 5232 2567 5279 naturam
2620 5221 3021 5278 contrariorum
3071 5234 3324 5290 capacem
3391 5233 3536 5280 esse,
3577 5231 3644 5272 ex

2055 5320 2253 5388 quibus
2281 5316 2416 5371 nihil
2453 5314 2674 5386 patitur,
2723 5328 2900 5385 neque
2938 5328 3068 5368 suae
3097 5309 3457 5381 simplicitatis
3495 5322 3644 5363 sere-

1664 5448 1919 5504 VARIAE
1957 5446 2358 5505 LECTIONES.

442 5559 459 5590 ί
484 5558 571 5613 CF
597 5567 933 5631 torquentur.
1012 5564 1033 5594 ²
1056 5561 1149 5617 Sic
1168 5559 1287 5627 CF;
1314 5566 1351 5616 Α
1380 5561 1596 5617 sibimet
1620 5571 1668 5617 et
1693 5565 2007 5618 secundum.
2087 5561 2107 5591 ³
2132 5562 2232 5615 hac
2268 5578 2335 5617 on

372 5627 393 5659 ο
419 5628 501 5659 Pr:-
536 5630 895 5659 -...:..:l....o:t...-
994 5634 1012 5659 ιι
1038 5634 1078 5659 ι·
1108 5634 1158 5659 ε..
1192 5634 1346 5659 -ι-...-.
1444 5633 1467 5659 ι
1514 5635 1536 5659 Α
1584 5633 1721 5659 11..“
1816 5632 1839 5659 ο
1871 5633 1959 5659 ατη
1988 5630 2104 5659 ρι’.
2146 5631 2170 5659 Δ
2212 5633 2335 5659 .‘-.-..'

419 5628 501 5684 CF
533 5628 947 5700 evigilautibuse.
994 5634 1012 5664 ⁷
1038 5634 1080 5688 (ἰ
1108 5634 1159 5686 in
1188 5634 1368 5687 domu.
1444 5633 1467 5664 ⁸
1503 5635 1547 5687 Α
1577 5633 1741 5688 Haec.
1816 5632 1839 5664 ’
1871 5633 1960 5686 Sic
1988 5630 2106 5697 CF;
2137 5631 2178 5685 A
2212 5633 2356 5687 iusti.

419 5712 519 5753 'mt.
598 5702 638 5733 ”
678 5700 770 5755 Sic
813 5702 995 5766 (Ἐπὶ
1053 5706 1199 5758 ntuli.
1326 5704 1365 5734 "
1417 5702 1508 5759 Sic
1546 5702 1666 5766 CF;
1718 5704 1764 5758 A
1812 5704 2086 5757 obmtxios.
2187 5700 2233 5733 ¹⁶
2272 5705 2356 5759 Sic

371 5698 519 5769 dum.
598 5698 638 5733 ﬂ
678 5700 770 5755 Sic
813 5702 928 5769 (LF;
953 5702 995 5757 Α
1053 5706 1199 5758 ntuli.

376 5767 416 5799 "
446 5772 534 5824 Sic
558 5773 646 5827 At)
671 5772 754 5847 tl"
783 5790 863 5827 ac.
916 5767 921 5769 ’
946 5776 983 5806 ’⁷
1014 5792 1147 5839 quae
1180 5791 1244 5828 ca‘
1273 5776 1492 5829 caritate
1520 5783 1732 5828 mimum
1759 5790 1867 5827 om.
1895 5776 1958 5827 Α.

2087 5561 2107 5591 ³
2132 5562 2232 5641 huc
2268 5578 2378 5644 om.
2400 5560 2465 5617 Α.
2542 5562 2564 5592 ’⁵
2612 5577 2729 5645 itero
2750 5577 2861 5617 om.
2884 5560 2985 5616 CF.
3014 5561 3089 5661 u‘
3182 5560 3294 5612 suis
3315 5560 3632 5627 corporibus.

2091 5631 2360 5752 ³Αάηὲἷὶ-
2962 5699 3016 5734 te
3051 5627 3401 5752 is

2990 5699 3016 5734 ⁵
3051 5702 3143 5754 Sic
3170 5700 3255 5753 CF
3277 5717 3288 5727 '
3336 5699 3381 5754 Α
3423 5699 3531 5754 cori

2542 5562 2564 5592 "
2612 5577 2729 5615 vero
2750 5577 2861 5617 om.
2884 5560 2985 5616 CF.
3067 5561 3089 5592 ⁸
3117 5560 3158 5611 Α
3182 5559 3294 5612 suis
3315 5558 3641 5627 corporibus.

2187 5700 2233 5733 ¹⁶
2272 5705 2360 5759 Sic
2407 5704 2524 5766 (Ἐς
2562 5705 2604 5758 Α
2652 5704 2884 5757 uirtutis.
