4210 6214
448 318 554 388 949

1298 323 1386 380 DE
1425 324 1766 383 DIVISIONE
1804 320 2154 388 NATURAE.
2193 359 2268 376 —-
2302 332 2500 392 LIBER
2539 336 2862 406 QUINTUS.

3619 344 3726 406 950

447 449 742 531 quassant.
768 437 1014 531 exaltari.
1039 436 1113 492 ibi
1137 439 1284 494 enim
1308 450 1492 518 erunt,
1515 440 1604 496 ubi
1626 449 1710 496 est
1741 441 1848 508 ille,
1873 459 2033 513 quem
2063 447 2111 505 Α
2139 445 2318 502 dicam
2345 447 2412 506 de
2443 448 2547 517 his,
2577 453 2666 522 qui
2697 432 2855 508 {idem
2877 456 3198 513 catholicam
3226 459 3567 531 proﬁtentur,
3596 477 3723 518 car-

444 531 500 585 in
530 531 632 586 hac
659 529 766 582 vita
817 529 1140 585 dilexerunt.
1171 539 1224 601 et
1265 544 1480 602 semper
1512 545 1636 586 eum
1660 534 1846 588 videre
1875 549 2048 605 appe-

446 623 699 681 lirerunt.

510 715 604 771 39.
633 715 768 772 Hinc
809 714 824 746 ‘
853 711 1092 781 occurrit
1117 718 1436 788 quintupiex
1457 719 1738 776 rationalis
1751 729 2036 778 creaturae

443 809 677 864 tbeoria.
710 807 890 864 Prima
915 811 1058 862 enim
1085 811 1384 880 speculatio
1407 811 1573 882 ipsius
1604 822 1689 866 est
1718 813 1768 866 in
1795 815 2033 884 generali

443 898 530 952 illa
553 907 609 955 et
638 900 911 957 communi
961 895 1420 972 substantialique
1455 903 1676 964 virtute,
1709 919 1814 973 qua
1843 922 2034 961 omnes

439 991 688 1046 homines
743 990 903 1046 simul
940 1001 995 1046 et
1034 992 1204 1048 semel
1245 994 1296 1048 in
1343 994 1520 1061 prima
1567 993 1688 1063 ejus
1723 981 2035 1050 conditione

437 1095 560 1136 eam
592 1081 939 1152 participant,
969 1083 1084 1138 sive
1128 1083 1256 1138 boni
1295 1085 1401 1139 sint
1436 1085 1550 1141 sive
1604 1086 1747 1140 mali.
1783 1086 2032 1142 Secunda

438 1166 490 1230 in
522 1174 962 1241 processionihus
992 1175 1160 1245 ipsius
1185 1177 1236 1230 in
1263 1175 1403 1231 hanc
1431 1175 1597 1231 vitam
1631 1178 1909 1232 mortalem
1938 1194 2034 1248 per

435 1263 772 1340 Singulorum
794 1267 1074 1322 hominum
1116 1283 1181 1323 ex
1233 1269 1552 1338 corporibus
1599 1269 2024 1339 generationem.

435 1349 618 1409 Tertia
667 1355 721 1410 in
765 1356 942 1412 reditu
997 1357 1165 1428 ipsius
1198 1359 1524 1424 generaliter
1567 1375 1664 1430 per
1707 1364 1941 1431 seipsam
1977 1364 2026 1417 in

435 1445 740 1518 angelicum
783 1457 1008 1515 statum,
1041 1464 1200 1520 quem
1227 1451 1464 1506 deseruit
1507 1452 1558 1506 in
1601 1452 1744 1508 hunc
1768 1455 2027 1509 mundum

436 1539 750 1594 sensibilem
781 1536 1002 1607 cadens.
1056 1538 1274 1608 Quarta-
1297 1542 1351 1596 in
1385 1532 1491 1606 bis,
1537 1545 1625 1612 qui
1654 1559 1774 1598 eam
1805 1547 2022 1614 partici-

433 1641 585 1701 pant,
607 1633 738 1688 etin
767 1632 870 1688 bac
894 1635 1109 1688 mortali
1161 1635 1628 1702 carne'viventes,
1651 1639 1860 1707 seipsos
1888 1651 2032 1694 com-

433 1735 766 1800 munemque
808 1739 962 1780 suam
994 1735 1269 1790 naturam,
1301 1742 1366 1782 ac
1411 1717 1782 1798 super-omnia
1805 1733 2025 1784 Creato-

2140 539 2282 596 nalia
2321 549 2502 598 tamen
2533 543 2634 599 sibi
2658 555 2712 598 et
2738 544 2926 601 localia
2948 558 3002 604 et
3023 551 3343 618 temporalia
3371 561 3427 607 et
3449 553 3722 611 sensibili:

2139 631 2277 686 bona
2316 634 2492 688 futura
2522 650 2642 690 esse
2671 637 3009 704 existimant,
3036 641 3288 696 similiter
3311 643 3474 697 etiam
3505 643 3572 698 de
3595 660 3720 714 sup-

2137 721 2312 791 pliciis
2355 722 2708 781 infernalibus
2741 729 3092 785 arbitrantur.
3136 731 3235 788 Ubi
3277 736 3437 788 datur
3475 733 3719 808 intelligi,

2137 815 2280 884 quod
2307 815 2439 871 nihil
2476 817 2527 871 in
2560 810 2749 873 natura
2777 835 2955 876 rerqu
2990 837 3190 892 poenas
3226 825 3480 892 patietur,
3508 833 3725 896 praeter

2136 922 2306 964 vanas
2331 909 2615 980 impiarum
2661 913 2968 967 animarum
3014 914 3370 983 cogitationes
3419 917 3470 968 in
3525 927 3720 971 semet--

2137 998 2268 1067 ipsis
2311 1009 2464 1055 extra
2510 1016 2722 1057 onmem
2775 1013 3044 1069 naturam,
3091 1005 3346 1072 quoniam
3393 1005 3444 1059 in
3496 1019 3722 1062 numero

2135 1103 2454 1149 naturarum
2485 1110 2589 1148 non
2618 1106 2780 1162 sunt;
2813 1113 2879 1151 ex
2911 1097 3048 1152 mala
3077 1099 3222 1152 enim
3250 1098 3527 1153 voluntate
3551 1107 3720 1155 terre—

2133 1184 2324 1253 nisque
2359 1183 2650 1240 desideriis
2697 1187 3039 1243 occasionem
3081 1188 3427 1258 acceperunt.
3461 1189 3720 1256 Utcuim.

2130 1275 2272 1344 quod
2301 1276 2737 1346 sacpediximus,
2774 1275 2913 1330 ultra
2957 1293 3147 1332 omnes
3185 1277 3465 1333 naturales
3492 1278 3721 1333 virtutes

2129 1364 2396 1432 iustorum
2426 1365 2700 1420 beatitudo
2734 1381 2832 1435 per
2875 1367 3170 1422 conditoris
3201 1368 3428 1438 gratiam
3456 1367 3719 1423 exaltabi-

2123 1467 2241 1522 -tur,
2269 1457 2340 1512 ita
2370 1458 2507 1514 infra
2529 1470 2742 1514 omnem
2769 1467 3018 1515 naturam
3043 1461 3328 1532 imttiorutn
3357 1463 3677 1532 supplicium
3702 1465 3724 1494 '

2129 1564 2227 1618 per
2269 1549 2509 1619 ejusdem
2551 1552 2850 1609 conditoris
2877 1551 3144 1620 justitiam
3194 1554 3543 1624 deprimetur.
3581 1554 3722 1623 Quid

2127 1645 2274 1699 enim
2313 1645 2544 1702 interius
2569 1655 2672 1704 Est.
2700 1655 2964 1716 extraque
2990 1660 3206 1712 omnem
3238 1657 3484 1701 naturam
3511 1647 3720 1702 deuter-

2131 1737 2244 1790 sius
2285 1736 2525 1790 vanitate
2584 1738 2888 1791 ranitatnm
2940 1735 3198 1805 falsisque
3248 1736 3722 1807 imaginationibus

437 1828 552 1868 rem
599 1814 845 1870 omnium
891 1826 1239 1886 quaet-entes,
1277 1821 1489 1874 tne-ritu
1518 1833 1650 1874 suae
1685 1822 1937 1890 propriae
1960 1833 2022 1874 ac

2132 1842 2336 1893 rerum,
2365 1845 2505 1899 quae
2532 1843 2746 1900 semper
2769 1828 3058 1898 peribunt?
3083 1802 3217 1885 l-linc
3243 1802 3381 1884 illud,
3399 1827 3642 1886 mirabile
3663 1838 3726 1888 et

432 1907 610 1964 bonae
681 1908 994 1976 voluntatis,
1051 1911 1249 1980 gratia.
1295 1912 1431 1966 duce
1477 1913 1520 1976 ³,
1558 1913 1624 1968 ad
1680 1926 2020 1968 conmmnem

433 2017 564 2060 suae
579 1985 804 2059 notitiae
818 2004 1181 2076 integritatem
1199 2005 1375 2059 redire
1387 2006 1566 2075 adepti
1593 2017 1739 2068 sunt,
1753 2022 1818 2060 ac
1831 2003 2022 2062 deinde

433 2096 574 2152 dono
599 2093 811 2151 divinae
840 2097 1051 2166 gratiae
1073 2112 1238 2176 super
1257 2097 1460 2161 omnia,
1479 2106 1600 2166 post
1622 2111 1681 2153 se
1711 2098 2021 2168 relinquen-

432 2202 518 2248 tes
529 2191 733 2256 omnia,
755 2193 807 2250 in
825 2193 999 2262 ipsum
1015 2192 1184 2248 Deum
1207 2191 1606 2248 transferentur
1622 2193 1664 2246 ³.
1695 2191 1893 2260 Quinta
1907 2204 2024 2261 spe-

430 2281 633 2338 culatio
661 2292 744 2339 est
763 2299 974 2346 eorum,
1002 2282 1094 2354 qui
1126 2283 1505 2339 universaliter
1527 2282 1690 2340 insita
1738 2291 1964 2338 naturae
2003 2281 2024 2312 "

432 2375 599 2441 bona,
625 2389 768 2446 quae
809 2359 1085 2436 omnibus,
1129 2375 1348 2430 nemine
1387 2383 1639 2445 excepto,
1683 2375 1867 2430 divina
1920 2375 2022 2428 lar-

431 2466 602 2536 gitate
622 2475 970 2537 praestantur
992 2474 1049 2521 et
1069 2467 1512 2535 praestabantur,
1537 2463 1924 2535 possidebunt:
1955 2463 2023 2520 ad

429 2571 643 2614 summa
677 2567 858 2615 tamen
882 2559 1024 2614 dona
1063 2559 1084 2591 '
1117 2558 1581 2630 divinaegratia‘e,
1619 2575 1758 2626 tntae
1784 2559 1915 2614 solis
1937 2559 2024 2627 jn-

431 2651 532 2704 stis
557 2651 791 2720 reposita
833 2666 901 2705 ac
933 2659 1260 2721 praeparata
1287 2661 1436 2708 sunt.
1470 2651 1753 2721 pervenire
1783 2664 1888 2704 non
1931 2665 2024 2720 po-

431 2753 633 2806 terunt,
677 2743 934 2826 (proraiam
983 2744 1170 2799 in'ltac
1195 2744 1306 2798 vita
1347 2745 1455 2800 Deo
1479 2745 1689 2801 servire
1710 2743 2022 2809 noluerunt,

432 2837 808 2907 temporalium
857 2844 1039 2907 rerum
1086 2851 1270 2902 amore
1326 2837 1562 2900 detenti;
1610 2853 1717 2908 quo
1777 2836 2024 2893 videlicet

295 2915 306 2926 ’
334 2989 336 2992 ,
431 2946 618 2988 amore
643 2931 700 2986 in
725 2931 833 2987 alia
862 2931 997 2996 vita,
1039 2932 1154 2986 sive
1181 2931 1234 2984 in
1265 2930 1395 2984 solis
1421 2931 1704 2985 animabus
1731 2931 1846 2985 sive
1879 2946 2026 2985 recc.

432 3023 540 3093 ptis
560 3022 900 3093 corporibus,
927 3021 1073 3076 velut
1093 3021 1483 3105 inextinguibili
1507 3021 1719 3076 flamma
1735 3023 2023 3083 ardebant,

429 3111 557 3167 dum
585 3111 693 3168 illic
721 3127 827 3169 non
859 3113 1129 3168 invenient
1155 3128 1244 3172 ea,
1271 3105 1466 3179 qtttbus
1491 3113 1581 3168 hic
1603 3113 2026 3183 intemperanter

431 3201 737 3266 inhiabant,
769 3203 863 3258 sed
896 3218 1082 3277 eorum
1111 3171 1578 3267 mnas‘falsasque
1601 3171 1916 3272 phantasias
1943 3203 2023 3256 ri-
2048 3171 2094 3238 Ο

431 3296 634 3352 debunt
657 3335 674 3361 ,
719 3313 856 3368 quas
903 3311 1022 3350 cum
1055 3295 1236 3352 veluti
1257 3311 1414 3352 veras
1445 3310 1532 3350 res
1567 3294 2024 3365 comprehendere

427 3387 720 3452 voluerint,
761 3388 1077 3442 tnubrarum
1115 3388 1286 3444 instar
1321 3397 1644 3443 evanescent
1667 3390 1711 3448 ⁸,
1766 3389 2022 3457 quoniam

344 3533 349 3538 .
428 3482 660 3538 naturali
687 3481 1032 3557 subsistentia
1066 3496 1170 3540 non
1199 3480 1508 3536 fulciuntur.
1539 3480 1709 3536 Erunt
1728 3481 1896 3546 enim,
1911 3470 2026 3545 sic.

426 3584 488 3629 ut
534 3574 798 3644 scriptum
840 3583 974 3639 est:
1011 3573 1231 3629 Yunia'us
1265 3574 1554 3628 vanitatem
1591 3581 1638 3626 ct
1679 3572 1854 3626 omnia
1877 3573 2025 3627 rani-

431 3675 537 3721 tas.
576 3665 731 3735 ipsae
768 3647 927 3720 erunt
973 3665 1348 3737 cogitationes,
1391 3664 1458 3718 de
1493 3664 1688 3734 quibus
1734 3661 2018 3718 Psalmista

426 3759 524 3824 ait,
549 3758 691 3828 quod
715 3757 877 3814 etiam
903 3755 1070 3828 paulo
1090 3757 1336 3826 superius
1366 3755 1764 3814 introduximus
1794 3773 1806 3807 :
1839 3753 1902 3808 In
1925 3753 2020 3810 illa

427 3849 512 3902 die
540 3849 782 3920 peribunt
812 3863 988 3902 onmes
1018 3847 1357 3918 cogitationes
1385 3861 1585 3900 eorum.
1613 3845 1694 3900 Ac
1719 3845 1764 3900 si
1794 3845 2019 3910 diceret,

424 3951 616 3996 omnes
648 3938 1002 4010 cogitationes
1025 3977 1042 3999 ,
1075 3951 1211 4006 quas
1252 3936 1303 3990 in
1333 3938 1438 3990 hac
1489 3923 1594 3989 vita
1623 3935 1691 3990 de
1721 3934 1886 3989 rebus
1910 3941 2017 3989 ter—

429 4031 574 4086 renis
623 4017 1130 4100 temporalibnsque-
1164 4021 1469 4085 animabus.
1494 4026 1605 4082 suis
1647 4025 1956 4082 carnalibus
1995 4027 2017 4060 "

425 4121 710 4178 desideriis
755 4119 925 4176 dediti
976 4117 1289 4181 iunxerant,
1333 4118 1386 4172 in
1434 4117 1519 4171 illa
1551 4117 1655 4180 die,
1705 4117 1809 4171 hoc
1834 4127 1934 4178 est.
1964 4117 2017 4174 in

425 4211 1033 4284 epparitione‘vcritatis
1060 4210 1332 4282 peribunt,
1360 4210 1576 4280 quando
1618 4209 1686 4265 de
1727 4209 1845 4274 bis,
1873 4224 2018 4279 quae

424 4308 666 4368 viventes
708 4304 762 4359 in
806 4319 972 4359 carne
992 4303 1385 4372 cogitaverant,
1413 4301 1769 4358 resurrecturi
1815 4302 1869 4356 in
1905 4301 2021 4370 spi-

426 4395 532 4452 ritu
557 4396 688 4450 nihil
717 4395 1010 4450 inveoicnt.
1041 4393 1182 4461 Quid
1210 4393 1356 4447 enim
1389 4392 1627 4462 perﬁdus
1647 4389 1903 4455 Iudaeus,
1924 4403 2018 4448 art-

421 4501 622 4556 rogaus
667 4484 965 4548 lsrnaelita,
995 4484 1291 4539 exorbatus
1337 4483 1613 4553 impietate
1661 4499 1904 4554 paganus
1945 4483 2014 4539 de

413 4574 558 4643 falsa
587 4575 866 4639 felicitate,
899 4589 1082 4644 quam,
1102 4573 1206 4628 sibi
1235 4589 1369 4626 vana
1411 4571 1594 4640 opinio
1621 4571 1673 4625 in
1699 4571 1877 4628 futura
1903 4575 2010 4626 vita

422 4668 712 4738 promittit,
742 4665 1013 4720 inventuri
1041 4663 1334 4718 sunt?Aut
1353 4675 1555 4732 quanta
1578 4649 2014 4735 tt'istitia,iqnan—

423 4768 508 4813 tus
555 4742 736 4821 dolor,
782 4757 960 4828 qualis
1002 4751 1224 4811 flamma
1266 4766 1560 4826 perpetuae
1609 4757 1866 4828 egestatis
1915 4772 2014 4812 eos

421 4848 740 4919 torquebit,
798 4847 1016 4918 quando
1073 4845 1205 4900 nihil
1252 4856 1594 4902 terrenarum
1655 4847 2012 4918 cupiditatum

419 4939 840 5006 tuortalinmquc
885 4938 1220 5002 deliciarum,
1277 4955 1414 5014 quas
1463 4955 1558 5009 spe
1600 4957 1738 4996 vana
1789 4943 2015 5001 imbibe-

418 5039 566 5093 rant,
611 5029 903 5097 reperturi,
936 5028 1179 5100 nihilque
1213 5029 1294 5083 eis
1333 5024 1631 5085 remanebii
1662 5039 1878 5102 praeter
1919 5048 2012 5086 va-

417 5135 578 5175 cuam
605 5119 1314 5192 ineomprcbcnsibilemqne
1341 5137 1543 5186 rerum,
1573 5139 1706 5192 quas
1737 5124 1835 5176 sibi
1862 5123 2007 5178 fulu-

416 5225 509 5266 ras
553 5225 676 5266 esse
719 5210 1094 5294 crediderant,
1160 5195 1409 5266 umbram
1465 5212 1776 5282 fugitivam?
1831 5213 2006 5280 Quam

417 5290 634 5368 semper
679 5290 1138 5372 comprehendere
1173 5305 1412 5360 volantes
1439 5315 1496 5361 ct.
1525 5322 1630 5362 non
1677 5307 1916 5363 valentes
1961 5309 2006 5371 ⁸.

415 5394 674 5462 quoniam
721 5393 858 5448 nihil
897 5404 1003 5458 est,
1053 5410 1256 5460 poenas
1299 5395 1448 5452 luent
1484 5407 1764 5461 aeternas,
1807 5408 1867 5452 nt
1901 5414 2007 5455 non

2045 4543 2093 4601 ῐ)

2127 1919 2520 1990 inexplanabile
2567 1921 2824 1977 nascitur.
2862 1921 3115 1975 Attamen
3178 1936 3305 1976 vera
3359 1922 3598 1982 ratione,
3637 1921 3721 1974 di-

2125 2017 2388 2085 vittaeque
2410 2015 2720 2086 Scripturae
2746 2017 3072 2074 auctoritate
3101 2017 3170 2071 ita
3200 2016 3312 2072 fieri
3341 2027 3396 2071 et
3423 2032 3528 2071 non
3553 2017 3713 2074 aliter

2125 2105 2402 2176 probetur,
2426 2107 2696 2177 quomodo
2716 2105 2762 2138 “
2785 2107 2920 2162 ultra
2944 2109 3122 2161 omnia
3146 2110 3409 2165 naturalia
3438 2110 3574 2165 horta
3595 2111 3723 2166 bea-

2127 2199 2402 2256 tificantur
2445 2199 2598 2268 justi,
2635 2215 2700 2256 ac
2722 2199 2887 2254 veluti
2925 2215 2991 2254 ex
3047 2201 3319 2255 contraria
3367 2210 3518 2270 parte
3571 2199 3706 2254 infra

2123 2290 2314 2344 eadem
2345 2289 2610 2365 naturalia
2641 2287 2785 2352 bona
2803 2290 3102 2359 puniuntur
3148 2291 3328 2360 impii.
3357 2301 3410 2346 et
3440 2290 3716 2362 quomodo

2125 2388 2319 2436 natura
2345 2379 2453 2440 illa.
2483 2394 2643 2451 quam
2687 2389 2742 2435 et
2790 2380 2915 2435 boni
2967 2381 3297 2451 participant
3348 2387 3402 2435 et
3443 2383 3587 2445 mali,
3620 2395 3714 2435 ve-

2125 2474 2220 2529 luti
2246 2474 2284 2506 "
2317 2474 2580 2529 medietas
2619 2475 2882 2543 quaedam
2930 2475 3308 2534 constituitur.
3349 2475 3416 2530 ita
3455 2484 3514 2529 ut
3547 2488 3720 2544 neque

2121 2564 2458 2632 beatitudine
2511 2564 2776 2622 bonorum
2820 2576 3124 2637 augeatur,
3174 2581 3350 2636 neque
3399 2565 3718 2623 infelicitate

2126 2654 2392 2714 malorum
2421 2657 2719 2721 minuatur,
2747 2655 2861 2712 suis
2890 2655 3228 2712 solummodo
3254 2656 3590 2714 naturalibus
3617 2659 3712 2716 h0-

2126 2748 2210 2802 nis
2246 2743 2885 2816 subnixa'contentaque,
2910 2739 3151 2802 omnium
3181 2747 3512 2802 substantias
3539 2748 3716 2801 conti-

2127 2855 2282 2904 nens,
2323 2838 2502 2893 omnia
2531 2852 2626 2894 sua
2655 2837 2906 2893 omnibus
2950 2838 3413 2909 participantibns
3455 2853 3517 2894 se
3559 2838 3720 2894 mini-

2126 2937 2310 2986 stt-aus
2369 2929 2436 2984 “.
2491 2928 2776 2998 Siquidem
2833 2927 2962 2985 inde
3006 2938 3092 2986 est
3140 2929 3412 3000 generalis
3469 2931 3717 2985 omnium
3762 2981 3770 2987 .

2125 3018 2322 3082 forma,
2349 3019 2441 3090 qui
2476 3033 2598 3074 eam
2640 3019 2996 3089 participant;
3050 3019 3176 3074 inde
3223 3020 3554 3098 singulorum
3597 3033 3720 3088 spe-

2125 3112 2414 3176 cialissima
2435 3113 2666 3183 species,
2685 3110 3119 3185 pluralitatisque
3147 3113 3392 3168 infinitus
3418 3127 3713 3190 numerus:

2126 3203 2250 3258 inde
2299 3203 2508 3261 numeri
2549 3203 3018 3258 incrementorum
3043 3205 3418 3275 corporalium
3455 3219 3551 3275 per
3599 3204 3714 3258 loca

2125 3306 2186 3352 et
2212 3306 2476 3366 tempora.
2518 3295 2787 3366 Tempora
2833 3310 2976 3350 nunc
3000 3295 3124 3350 dico
3147 3296 3345 3365 spatia,
3368 3294 3567 3366 quibus
3595 3309 3718 3349 cor-

2125 3402 2225 3457 pus
2245 3385 2539 3441 humanum
2566 3385 2633 3440 ad
2660 3386 2959 3455 perfectum
2983 3385 3064 3439 sui
3096 3387 3484 3442 inerementnm
3515 3398 3706 3457 perre-

2125 3478 2224 3542 nit,
2249 3476 2365 3532 loca
2386 3492 2514 3533 vero
2537 3478 2694 3534 sedes
2713 3475 3047 3555 singulorum
3061 3478 3304 3546 corporis
3329 3474 3715 3555 membrorum.

2087 3597 2094 3604 -
2121 3567 2248 3626 lude
2272 3566 2317 3601 ”
2355 3566 2624 3622 naturalia
2651 3567 2950 3622 accidentia
2980 3581 3265 3637 corporum
3293 3568 3706 3634 animarumque
3784 3571 3794 3580 '

2121 3650 2441 3730 procedunt.
2459 3657 2524 3714 Et
2548 3658 2674 3728 quid
2697 3658 2910 3712 dicam?
2929 3657 3002 3714 ita
3027 3658 3114 3713 illa
3133 3659 3446 3714 humanitas
3465 3659 3710 3713 omnium

2121 3751 2388 3825 generalis
2416 3767 2447 3806 a
2481 3753 2758 3806 conditore
2797 3766 2898 3807 suo
2946 3752 3088 3806 intra
3141 3753 3272 3805 duas
3317 3751 3416 3805 sibi
3471 3751 3703 3807 invicem

2121 3843 2400 3916 oppositas
2419 3844 2824 3908 extremitates,
2854 3843 2998 3898 inter
3028 3843 3335 3898 felicitatem
3364 3843 3486 3900 dico
3513 3843 3712 3900 electo-

2125 3950 2240 3990 rum
2270 3942 2326 3990 et
2373 3932 2742 3990 infelicitatem
2785 3933 3136 4004 reprobornm
3173 3935 3366 3989 librata
3403 3943 3504 3998 est,
3551 3945 3613 3989 ut
3658 3935 3710 3992 in

2122 4027 2230 4090 his.
2257 4028 2350 4098 qui
2381 4027 2502 4082 boni
2525 4036 2671 4086 sunt.
2700 4029 2969 4098 quandam
3001 4025 3323 4084 ineffabilem
3356 4027 3716 4096 pulchritudi-

2123 4103 2411 4172 nem'ul-tra
2451 4133 2577 4175 suas
2602 4117 2832 4172 virtutes
2867 4118 3042 4187 gratia
3071 4117 3334 4191 largiente
3379 4118 3447 4173 de
3494 4133 3710 4174 sursum

2119 4207 2369 4279 accipiat,
2403 4209 2456 4264 in
2487 4208 2574 4263 his
2596 4218 2812 4271 autem,
2844 4207 2933 4277 qui
2963 4206 3086 4260 mali
3117 4217 3242 4262 sunt
3264 4249 3278 4268 ,
3303 4205 3506 4264 nullam
3540 4209 3710 4282 turpi-

2121 4303 2359 4358 tudinem
2389 4302 2642 4358 deorsum
2667 4301 2877 4372 justitia
2919 4299 3238 4370 prohibente
3283 4301 3329 4332 ”
3372 4301 3426 4356 in
3474 4297 3710 4371 seipsam

2120 4391 2386 4448 attrahat.
2414 4392 2470 4446 lu
2492 4391 2604 4462 ipsa
2621 4391 2886 4461 siquidem
2903 4390 3102 4446 nullius
3119 4390 3394 4460 turpitudo
3417 4373 3587 4458 turpis
3606 4399 3706 4450 est,

2118 4497 2219 4538 nec
2245 4481 2450 4553 malitia
2497 4489 2678 4544 nocet,
2722 4495 2821 4536 nec
2861 4495 3019 4535 error
3054 4489 3224 4536 errat.
3269 4476 3414 4536 Suus
3461 4482 3708 4537 conditor

2116 4587 2299 4640 omne,
2323 4574 2465 4643 quod
2498 4574 2550 4628 in
2579 4586 2641 4626 ea
2675 4572 2823 4636 ferit,
2850 4581 3099 4638 exornat,
3148 4583 3203 4627 et
3253 4574 3398 4628 nullo
3425 4575 3585 4629 modo
3613 4588 3714 4646 pu-

2118 4667 2194 4720 nit
2215 4682 2229 4732 ;
2253 4679 2416 4721 omne
2438 4679 2639 4730 autem,
2667 4667 2810 4738 quod
2834 4667 2886 4720 in
2911 4683 2973 4722 ea
3003 4683 3109 4722 non
3137 4668 3290 4730 fecit,
3316 4669 3370 4724 in
3396 4681 3459 4722 ea
3481 4666 3712 4726 sustinet

2119 4758 2355 4824 etsinit,
2399 4768 2455 4812 et
2495 4747 2819 4828 impunitum
2856 4758 2972 4811 ﬁeri
3001 4773 3109 4812 non
3157 4759 3442 4829 permittit.
3477 4756 3582 4814 Sed
3620 4756 3707 4812 illa

2119 4861 2288 4921 poena
2335 4850 2620 4919 dupliciter
2667 4849 2985 4918 intelligitur
3034 4864 3050 4903 :
3101 4858 3193 4904 aut
3232 4850 3376 4905 cnim
3421 4849 3616 4906 delicta
3655 4849 3709 4902 in

2067 4941 2078 4946 “
2118 4942 2220 5000 his.
2254 4942 2343 5009 qui
2377 4943 2443 4997 ad
2477 4942 2802 5012 principium
2824 4955 2979 4996 suum
3013 4952 3382 4996 revertuntur.
3414 4955 3513 5011 per
3535 4939 3708 4995 indul~

2115 5029 2349 5100 gentiam
2378 5030 2709 5100 puniuntur;
2745 5037 2836 5083 aut
2864 5029 2916 5083 in
2959 5030 3061 5092 bis,
3093 5031 3186 5096 qui
3233 5044 3263 5081 a
3304 5029 3571 5099 principio
3601 5041 3705 5084 suo

2111 5132 2322 5188 semper
2341 5119 2572 5191 fugiunt,
2606 5129 2862 5189 perpetuo
2891 5129 3223 5190 torquentur.
3595 5131 3602 5136 '

2181 5211 2270 5266 55.
2312 5211 2367 5265 Si
2401 5221 2579 5266 autem
2617 5226 2647 5264 a
2685 5223 2771 5266 me
2804 5213 3053 5282 quaeris,
3078 5229 3182 5282 qua
3211 5214 3420 5269 ratione
3443 5229 3526 5278 ea,
3561 5229 3705 5284 quae

2111 5323 2140 5358 a
2169 5305 2280 5359 Deo
2314 5306 2453 5359 facta
2501 5318 2606 5359 non
2659 5313 2804 5366 sunt,
2854 5304 2997 5360 intra
3039 5320 3120 5363 ea.
3167 5311 3316 5374 quae’
3337 5306 3406 5362 ab
3451 5321 3518 5360 eo
3561 5305 3705 5359 facta

2111 5408 2272 5460 sunt,
2313 5398 2654 5451 continentur
2689 5397 2755 5459 ³⁵,
2789 5407 2881 5451 aut
2929 5400 3202 5480 quomodo
3241 5414 3322 5458 ea,
3367 5413 3508 5469 qttae
3548 5408 3706 5453 extra

1718 5487 1966 5544 νΑῐιιΜς
2006 5487 2408 5546 LECTIONES.

492 5582 508 5613 ¹
541 5581 634 5636 Stc
654 5572 698 5637 (ἶ
727 5577 802 5644 F;
831 5588 874 5634 Α
903 5580 1022 5634 llic.
1113 5568 1147 5612 Ῑ¹
1177 5594 1348 5645 prtum
1380 5591 1510 5638 duce
1535 5601 1645 5638 om.
1681 5585 1745 5638 Α.

417 5649 440 5682 ⁸
466 5653 506 5704 Α
538 5665 870 5706 evanescunt.

1177 5594 1348 5649 prtum
1380 5591 1510 5638 duce
1535 5601 1645 5638 om.
1681 5585 1745 5638 Α.
1850 5587 1870 5617 ³
1904 5585 1996 5639 Sir.
2022 5578 2151 5646 CF;
2191 5587 2232 5639 Λ
2263 5583 2655 5652 transferentes.

969 5651 989 5682 ⁷
1030 5653 1122 5708 Sic
1139 5649 1258 5716 Cl";
1285 5653 1328 5706 Α
1351 5656 1465 5708 suis
1491 5665 1540 5707 et
1565 5655 1895 5711 carnalibus.
1969 5655 1994 5688 "
2032 5664 2206 5709 etnon
2235 5649 2460 5708 ualentes
2483 5668 2586 5707 om.
2628 5654 2692 5706 Α.

2762 5588 2782 5612 δ
2817 5585 2852 5635 Α
2893 5593 3113 5637 nutrit-ne
3138 5583 3318 5636 insita.
3393 5582 3416 5613 ⁸
3442 5579 3526 5636 CF
3541 5581 3705 5637 Itone.

2788 5655 2809 5685 ’
2853 5655 2887 5706 Α
2910 5653 3304 5720 suppliciorum.
3397 5652 3438 5683 "
3469 5651 3559 5708 Sic
3579 5650 3701 5712 Ci";

419 5719 750 5808 axungiam:
824 5722 1042 5808 “refusi
1074 5725 1272 5808 ou'tflA.
1298 5807 1301 5808 ν
1354 5726 1396 5754 ¹³
1423 5724 1650 5808 sic‘g‘i‘;
1675 5727 2121 5808 AAtttinistramlac
2149 5725 2297 5779 bonis
2320 5723 2652 5808 naturalibus
2673 5723 2840 5795 (bonis
2869 5719 3319 5778 notuiuiibnsotn.
3342 5721 3472 5791 CF.)
3547 5720 3590 5752 "
3609 5720 3704 5778 Sic

419 5789 540 5858 CF;
571 5793 610 5849 Α
643 5793 798 5847 unde.
874 5793 918 5826 “
954 5791 1039 5850 CF
1067 5794 1356 5850 exhibetur.
1437 5795 1480 5828 “
1509 5795 1592 5852 CF
1619 5789 1969 5856 sustinentur.
