4210 6288
429 247 462 269 Ἀ
495 290 596 350 est

1863 299 2144 359 JOANNIS
2183 285 2380 358 sigon

3657 301 3756 360 95’2

494 401 783 465 humanam
820 400 1068 466 naturam
1107 419 1507 484 computantur,
1543 412 1683 468 intra
1731 408 2067 482 campaniri
2098 412 2143 471 Α
2173 413 2413 467 omnium
2445 413 2663 471 laudare
2687 412 2901 486 iubetur
2932 457 2942 468 .
2974 410 3209 470 Laudute
3245 403 3525 472 Dominum
3546 417 3754 479 ,dc‘ceeo

497 510 739 571 possunt,
765 502 939 573 primo
975 504 1069 557 tibi
1119 493 1453 573 reSpondebo
1477 498 1635 575 juxta
1676 502 2073 574 simplicitatem

493 591 794 647 catholicae
820 593 943 649 ﬁdei
974 612 989 648 τ
1014 592 1146 660 Quis
1174 596 1412 665 cognorit
1453 609 1662 670 sensum
1703 591 1955 659 Domini,
1984 605 2076 649 aut

492 683 611 753 quis
634 684 968 752 coitsiiinrins
999 687 1114 753 ejus
1148 686 1293 756 fuit?
1318 696 1374 742 et
1408 687 1661 760 quoniam
1695 685 2077 758 investigandas

494 782 618 827 sunt
648 766 808 830 "viae
836 774 977 849 illius
1017 777 1073 830 in
1109 762 1526 848 omnitempore.
1558 777 1665 832 Aut
1690 779 1710 808 ’
1731 777 1999 846 quomodo
2026 778 2077 831 in

495 865 748 935 operibus
771 865 890 939 ejus
911 878 967 924 et
996 864 1325 939 providentia
1356 878 1410 924 et
1434 869 1676 925 bonitate
1697 869 1973 939 etjustitia
2000 884 2082 922 ra-

496 956 573 1013 tio
602 948 907 1029 quaeritur,
942 961 1031 1030 qui
1063 973 1279 1015 omnem
1310 960 1577 1017 rationem
1602 969 1822 1031 superat
1846 969 1900 1015 et
1923 959 2080 1013 intel-

495 1049 723 1118 lectum,
751 1058 806 1107 et
834 1067 997 1123 super
1027 1067 1210 1117 omne,
1230 1052 1375 1123 quod
1416 1052 1613 1109 dicitur
1647 1062 1705 1108 et
1744 1039 2082 1122 intelligitur,

496 1145 801 1203 exaltatur?
826 1149 894 1221 Et
922 1148 942 1180 ³
971 1148 1016 1204 si
1067 1148 1134 1204 de
1170 1147 1370 1226 talibus
1394 1147 1658 1204 rationem
1688 1146 1863 1218 exigis
1886 1185 1902 1213 ,
1930 1147 2087 1217 exige

498 1237 769 1303 similiter,
804 1254 908 1308 qua
937 1239 1149 1295 ratione
1191 1239 1371 1295 omnia
1426 1240 1494 1294 de
1538 1236 1710 1294 nihilo
1750 1235 1907 1315 facta
1936 1243 2082 1297 sunt,

498 1341 604 1395 qua
635 1330 846 1383 ratione
883 1329 1114 1382 mundus
1145 1330 1246 1385 iste
1270 1329 1543 1392 solvetur,
1571 1336 1627 1383 et
1654 1327 1706 1381 in
1739 1340 1933 1380 causas
1959 1339 2087 1380 snas

501 1430 828 1487 revertetur,
868 1438 975 1497 qua
1000 1421 1024 1455 ⁸
1067 1415 1279 1488 ratione
1330 1420 1579 1487 mortalia
1620 1430 1802 1475 nostra
1857 1432 2084 1487 corpora

497 1523 609 1566 non
636 1512 807 1567 solum
839 1513 891 1568 in
920 1499 1244 1584 spiritualta,
1270 1528 1460 1570 verum
1487 1512 1647 1571 etiam
1672 1512 1724 1568 in
1749 1511 1958 1566 animas
1987 1524 2087 1565 no-

498 1610 667 1667 stras,
692 1611 753 1657 ut
791 1604 1053 1674 Gregorio
1081 1606 1254 1673 placet
1283 1611 1326 1671 ',
1356 1604 1685 1669 transibunt,
1730 1617 1837 1673 qua
1877 1601 2091 1655 ratione

500 1706 623 1757 nos,
658 1693 750 1765 qui
786 1695 838 1748 in
867 1695 969 1750 hac
1001 1695 1110 1750 vita
1143 1695 1304 1751 veluti
1337 1695 1358 1727 ‘
1386 1710 1453 1771 ex
1496 1694 1666 1750 tribus
1693 1693 1827 1748 satis
1855 1690 2085 1753 similae,

2175 502 2240 556 lis
2268 510 2321 557 et
2356 512 2535 558 cetera
2554 504 2577 544 ν
2604 493 2658 556 lu
2690 503 2842 571 etijns
2872 506 2977 561 tlne
3016 506 3246 561 mirabili
3279 507 3603 579 'l‘lteoltigiae
3631 521 3757 564 con~

2179 592 2320 645 tuitu
2358 594 2702 664 apertissime
2728 593 2890 649 datur
2914 594 3159 667 intelligi,
3190 598 3333 667 quod
3358 599 3611 654 omniain
3646 596 3762 670 5pi~

2178 679 2431 735 ritualem
2460 682 2704 737 naturam
2733 696 3011 738 reversura
3043 694 3186 739 sunt.
3213 686 3286 740 lta
3310 685 3459 757 enim
3484 687 3733 742 concludi

2180 764 2269 823 tur
2296 786 2310 822 :
2341 768 2526 825 Oninis
2569 774 2785 839 spiritus
2818 772 2993 829 laudet
3030 775 3333 850 Dominum.-
3379 778 3436 836 Si
3473 781 3617 834 enim
3648 782 3758 836 sols

2180 860 2323 916 intra
2352 864 2700 934 semetipsum
2730 864 2907 921 divina
2952 866 3163 924 bonitas
3201 871 3384 939 quieta
3425 872 3628 941 absque
3657 872 3759 929 ulla

2179 954 2499 1021 operatione
2545 970 2941 1026 perseveraret,
2975 954 3079 1014 non
3124 959 3370 1020 fortassis
3418 963 3592 1021 lauuis
3635 980 3763 1021 suae

2182 1044 2523 1099 occasionem
2555 1045 2793 1113 faceret;
2836 1048 2948 1117 jam
2983 1064 3112 1106 vero
3143 1050 3196 1106 in
3230 1054 3410 1108 omnia
3449 1055 3682 1111 visibilia
3709 1065 3763 1111 et

2185 1136 2475 1194 invisibilia
2519 1142 2751 1212 seipsam
2792 1142 3114 1209 diffundens,
3141 1156 3191 1199 et
3232 1146 3285 1201 in
3314 1149 3563 1205 omnibus
3586 1159 3762 1205 omnta

2184 1231 2446 1297 existens,
2489 1233 2862 1291 rationabilem
2902 1238 3425 1311 intellectualemque
3461 1251 3786 1311 creaturam

2190 1322 2255 1375 ad
2294 1324 2528 1395 seipsam
2576 1325 3006 1397 cognoscendam
3053 1341 3379 1389 convertens
3409 1376 3422 1401 ,
3464 1344 3765 1393 ceterarum

2189 1425 2317 1466 vero
2349 1427 2528 1469 rerum
2558 1416 2813 1487 pulchras
2838 1430 2893 1475 et
2922 1421 3578 1496 innumerabiles'species
3606 1428 3771 1483 ratio.

2190 1506 2351 1563 nabili
2392 1519 2448 1565 et
2496 1512 2842 1571 intellectuall
2890 1528 3175 1576 creaturae
3219 1522 3273 1576 in
3320 1523 3604 1579 materiem
3640 1540 3775 1584 suae

2190 1599 2365 1656 laudis
2390 1613 2677 1673 praestans
2700 1649 2715 1672 ,
2762 1609 2836 1664 ita
2864 1612 3043 1671 omnia
3074 1611 3228 1679 fecit,
3272 1624 3330 1670 ut
3359 1614 3502 1672 nulla
3524 1619 3771 1674 creatura

2193 1693 2289 1756 sit,
2318 1710 2457 1765 quae
2484 1710 2589 1753 non
2631 1708 2725 1754 aut
2760 1714 2860 1772 per
2884 1702 3117 1772 seipsam
3157 1715 3212 1760 et
3240 1706 3294 1761 in
3333 1706 3653 1777 seipsa,aut
3677 1724 3774 1778 per

498 1799 729 1854 corpore
773 1785 980 1840 scilicet
1008 1787 1030 1818 τ
1054 1797 1107 1841 et
1147 1788 1323 1841 anima
1362 1767 1417 1843 et
1442 1785 1660 1857 spiritu,
1687 1784 1967 1855 compositi
1996 1798 2088 1837 su—
2123 1760 2164 1819 Β
2195 1789 2337 1844 aliud
2382 1805 2652 1846 summum
2698 1760 2899 1848 bonum
2947 1760 3053 1848 non
3106 1794 3306 1851 laudet.
3352 1760 3472 1855 Alia
3502 1760 3642 1855 ratio
3666 1760 3774 1859 est.

502 1890 657 1940 mus,
699 1876 754 1931 in
803 1874 991 1933 futuro
1028 1876 1192 1933 veluti
1230 1879 1299 1934 in.
1333 1892 1494 1933 unam
1539 1876 1809 1947 quandam
1856 1889 2090 1929 massam

501 1965 804 2037 simplicem
838 1967 1283 2037 fermentabiinnr
1313 1970 1365 2023 in
1396 1966 1807 2039 inseparabilem
1839 1966 2093 2038 spiritua-

502 2055 737 2121 litatem,
765 2044 824 2111 ut
848 2058 1139 2114 Ambrosio
1168 2058 1345 2129 placet
1370 2058 1426 2124 8;
1466 2074 1573 2128 qua
1604 2057 1813 2112 ratione
1849 2049 2097 2112 homines

506 2148 763 2205 mortales
798 2164 896 2219 per
926 2159 1174 2206 naturam
1196 2190 1212 2218 ,
1240 2163 1401 2206 omne
1444 2149 1586 2205 enim
1610 2191 1626 2213 ,
1670 2142 1814 2219 quod
1855 2164 1884 2203 a
1917 2148 2098 2218 seipse

504 2254 612 2295 non
660 2233 869 2311 accepit
916 2254 1057 2307 esse,
1096 2241 1326 2297 mortale
1375 2241 1594 2306 dicitur,
1634 2240 1688 2293 in
1736 2238 2093 2294 immortalem

504 2324 674 2408 Deum
704 2330 1056 2409 mutabuntur
1083 2347 1181 2403 per
1209 2333 1438 2404 gratiam
1460 2332 1484 2387 ἵ
1505 2331 1584 2388 Ac
1609 2347 1676 2386 ne
1701 2332 1913 2403 longius
1940 2346 2098 2407 prae-

505 2423 646 2479 senti
676 2424 889 2492 negotio
913 2418 1200 2479 transitum
1226 2427 1406 2480 facere
1432 2422 1729 2488 videamur,
1755 2422 1800 2479 si
1827 2423 2046 2492 quaeris
2069 2438 2097 2476 τι

513 2527 621 2577 me,
658 2527 765 2583 qua
797 2513 1029 2578 ratione,
1066 2511 1210 2583 quod
1240 2522 1469 2574 nonest
1503 2513 1798 2568 secundum
1827 2521 2099 2573 naturam,

508 2604 603 2660 sed
653 2615 809 2659 extra
861 2614 1149 2671 naturam,
1185 2604 1472 2675 expellitur
1517 2605 1656 2658 intra
1706 2612 1952 2658 naturam
1982 2604 2003 2635 ⁹
2049 2610 2104 2656 et

504 2699 810 2756 sustinetur
837 2708 892 2754 et
927 2699 1170 2769 punitur,
1206 2698 1320 2769 ipsa
1357 2706 1549 2752 natura
1586 2696 1848 2764 impunita
1885 2708 2102 2765 perma-

508 2801 708 2858 nente,
761 2791 1121 2862 omnibusque
1181 2790 1472 2847 contrariis
1515 2789 1855 2859 passienibus
1893 2787 2101 2868 illaesa,

505 2898 766 2954 quaeram
796 2898 825 2937 a
862 2892 933 2944 te.
965 2899 1071 2954 qua
1104 2884 1313 2939 ratione
1338 2898 1424 2947 ea,
1451 2894 1601 2953 quae
1622 2881 1852 2936 virtutes
1876 2879 1919 2910 ‘°
1950 2888 2105 2933 natn~

512 2990 610 3030 rae
633 2973 928 3039 excellunt,
952 2975 1051 3043 qui
1090 2974 1232 3028 intra
1272 2972 1535 3028 terminos
1572 2964 1800 3025 naturae
1823 2968 2102 3024 continen-

512 3074 618 3128 tur,
641 3063 1017 3135 possidebunt,
1046 3062 1152 3118 hoc
1172 3070 1279 3129 est,
1303 3060 1410 3132 qua
1437 3060 1649 3116 ratione
1670 3058 1843 3114 sancti
1872 3064 1927 3113 et
1952 3066 2106 3110 natu-

2196 1894 2298 1957 qua
2341 1878 2521 1934 omnia
2562 1876 2630 1935 de
2673 1881 2845 1938 nihilo
2887 1881 3028 1939 facta
3056 1893 3197 1940 sunt.
3230 1884 3510 1957 Summum
3550 1890 3751 1946 bonum

2198 1973 2338 2041 quod
2364 1989 2392 2027 a
2422 1972 2600 2043 seipse
2627 1968 2683 2028 et
2708 1974 2764 2030 in
2796 1976 2975 2045 seipse
2997 1976 3295 2035 subsistens
3321 1980 3519 2036 bonum
3543 1992 3645 2038 est-
3671 1997 3776 2038 non

2197 2064 2384 2119 debuit
2414 2064 2686 2122 abstinere
2727 2082 2758 2120 a
2800 2067 3111 2125 conditione
3136 2068 3421 2138 bonorum,
3451 2088 3589 2143 quae
3617 2091 3715 2130 nec
3741 2088 3777 2128 .a

2197 2155 2525 2225 semetipsis,
2560 2169 2661 2212 nec
2691 2156 2743 2209 in
2768 2157 3099 2229 semetipsis,
3126 2157 3222 2216 sed
3244 2160 3320 2231 ab
3357 2160 3481 2231 ipso
3499 2172 3555 2216 et
3580 2164 3632 2217 in
3667 2166 3779 2233 ipso

2198 2244 2337 2301 bona
2374 2252 2523 2299 sunt.
2556 2244 2634 2300 Ac
2662 2252 2760 2314 per
2790 2245 2895 2302 hoc
2921 2262 2985 2302 ex
3020 2262 3124 2302 non
3163 2239 3517 2306 existentibus
3542 2254 3774 2309 existen.

2200 2337 2275 2391 tia
2295 2337 2524 2401 creavit,
2549 2352 2616 2394 ne
2636 2335 2803 2392 veluti
2827 2330 3061 2395 invidiae
3082 2338 3586 2411 reprehenderetur,
3611 2354 3781 2401 retra-

2199 2429 2336 2485 hens
2358 2444 2418 2485 se
2446 2444 2476 2483 a
2505 2430 2888 2507 substitutione
2928 2443 3113 2488 eorum
3136 2472 3154 2500 ,
3203 2449 3345 2504 quae
3380 2437 3556 2507 potuit
3586 2436 3779 2493 substi-

2202 2530 2373 2576 tuere.
2400 2504 2649 2591 Alioqu'in
2676 2533 2854 2592 neque
2880 2520 3135 2580 Dominus
3158 2534 3321 2589 esset,
3345 2504 3520 2597 neque
3540 2529 3788 2584 conditor

2202 2620 2538 2676 naturarum,
2566 2617 2741 2680 neque
2767 2606 2985 2667 suorum
3014 2614 3275 2669 bonorum
3304 2616 3706 2688 copiosissimus
3733 2629 3782 2687 et

2205 2701 2258 2754 in
2284 2700 2434 2756 nullo
2461 2696 2716 2756 deﬁciens
2739 2702 2984 2775 largitor,
3012 2717 3185 2774 neque
3202 2705 3538 2776 justissimus
3563 2710 3782 2768 merito-

2207 2797 2326 2846 rum
2348 2791 2538 2862 iudex.
2562 2801 2738 2862 neque
2762 2791 3001 2848 omnium
3024 2795 3294 2864 provisor,
3316 2796 3372 2851 si
3400 2795 3533 2852 nihil
3554 2810 3767 2855 crearet

2276 2881 2366 2937 54.
2407 2883 2518 2938 Cur
2546 2890 2728 2937 autem
2769 2881 3007 2941 mundus
3041 2885 3144 2939 iste
3188 2884 3449 2951 solvetur,
3478 2887 3640 2958 inque
3666 2904 3791 2949 suas
3868 2936 3879 2945 .

2207 2988 2402 3031 causas
2433 2980 2755 3051 revertetur,
2784 2973 2909 3029 talis
2944 2975 3085 3030 ratio
3114 2974 3375 3031 redditur.
3408 2977 3626 3043 Omnia,
3654 2993 3793 3048 quae

2206 3082 2271 3123 ex
2301 3081 2463 3123 causa
2491 3066 2728 3121 omnium
2757 3067 3077 3136 procedunt,
3105 3077 3159 3123 et
3191 3069 3241 3108 ³⁸-
3263 3084 3323 3124 ex
3357 3070 3795 3141 primordialibus

512 3150 607 3212 rae
631 3170 763 3214 suae
795 3157 933 3215 ﬁnes
957 3174 1064 3214 non
1090 3158 1376 3224 excedent,
1405 3166 1461 3213 et
1490 3172 1575 3220 ea,
1607 3170 1746 3226 quae
1778 3153 1916 3211 ultra
1948 3157 2097 3208 natu.
2129 3136 2174 3199 C
2207 3159 2386 3215 causis
2414 3159 2468 3213 in
2499 3174 2561 3213 ea
2597 3160 2903 3216 constitutis
2942 3161 3171 3223 natura];
3207 3170 3352 3227 motu
3397 3187 3554 3226 suum
3595 3173 3792 3242 prim.

512 3267 628 3307 ram
657 3259 807 3320 sunt,
836 3252 975 3308 dona
1003 3252 1257 3328 videlicet
1274 3251 1482 3324 gratiae
1515 3249 1848 3324 suscipiant?
1876 3249 1943 3307 At
1978 3249 2021 3307 si
2051 3248 2104 3305 in

515 3343 873 3407 ltisomnibus
905 3360 1013 3399 non
1054 3342 1229 3400 solum
1255 3343 1505 3407 humana,
1536 3358 1724 3402 verum
1754 3344 1919 3401 ctiam
1946 3359 2109 3415 ange—

515 3436 617 3490 lica
646 3434 829 3490 deiiCit
854 3437 994 3491 ratio
1020 3437 1062 3468 “
1093 3444 1150 3491 et
1178 3433 1557 3507 intelligentia,
1580 3438 1793 3510 patiens
1812 3444 1951 3503 esto,
1981 3438 2110 3493 divi-

513 3543 722 3605 naeque
738 3528 782 3567 η
799 3530 983 3586 virtuti
1014 3526 1545 3603 incom'prcheusibili
1570 3531 1747 3589 locum
1772 3532 1861 3598 da,
1883 3546 2111 3601 eamque
2134 3522 2137 3525 ’

516 3624 736 3683 silentio
777 3624 1099 3692 honorifica,
1135 3624 1416 3696 quoniam,
1445 3624 1571 3680 dum
1617 3623 1684 3678 ad
1712 3638 1830 3679 eam
1854 3623 2109 3695 perveni-

370 3718 375 3725 “
445 3732 454 3739 ‘
517 3728 629 3785 tur,
655 3718 833 3774 omnis
868 3719 1011 3775 ratio
1051 3718 1235 3775 deﬁcit
1272 3728 1328 3774 et
1364 3717 1692 3782 intellectus,
1730 3727 1787 3772 et
1834 3718 1978 3772 inter
2020 3732 2112 3772 ce-

470 3804 473 3807 λ
518 3820 658 3877 tera,
694 3825 839 3884 quae
877 3827 1111 3868 omnem-
1132 3810 1399 3867 rationem
1429 3816 1487 3866 et
1519 3809 1857 3866 intellectum
1886 3824 2114 3878 exsupe-

523 3912 651 3960 rant
679 3903 752 3970 η,
787 3901 1068 3959 humiliter
1111 3902 1352 3960 concede
1377 3916 1538 3977 posse
1573 3901 1688 3957 fieri
1728 3900 1907 3955 divina
1929 3900 2115 3971 provi-

524 3994 709 4050 dentia
734 3996 1153 4052 administrante
1177 4010 1267 4060 ea,
1295 4010 1435 4065 quae
1459 4002 1514 4051 et
1537 4002 1692 4049 extra
1719 4004 1774 4049 et
1801 4004 1989 4050 contra
2018 4011 2116 4050 na-

522 4095 900 4152 turamsunt,
949 4086 1148 4142 virtute
1193 4094 1423 4142 naturae
1453 4084 1705 4141 sustineri
1741 4092 1798 4141 et
1823 4084 1962 4139 intra
1995 4100 2115 4140 eam

512 4178 721 4248 puniri,
745 4179 858 4249 ipsa
886 4193 1102 4249 semper
1131 4178 1185 4233 in
1210 4177 1388 4247 seipsa
1416 4160 1670 4232 incolumi
1694 4164 1975 4231 omnino“
1994 4191 2117 4246 per-

521 4278 830 4325 severante.
863 4270 932 4324 At
956 4271 1000 4325 si
1031 4266 1255 4333 dixeris,
1288 4269 1423 4324 haec
1451 4267 1634 4347 omnia
1663 4266 1877 4322 divinae
1898 4266 2119 4323 virtutis

518 4358 892 4416 inscrutabilia
940 4360 1201 4423 miracula
1220 4400 1236 4426 ,
1267 4360 1514 4430 quamvis
1548 4358 1693 4414 omni
1722 4367 2007 4414 creaturae
2033 4375 2119 4413 ra-

450 4440 453 4441 ν
520 4451 766 4507 tionahili
799 4461 857 4507 et
885 4451 1203 4523 intelligibili
1231 4465 1560 4523 cognoscere
1587 4448 1919 4521 impossibile
1945 4456 2029 4505 est
2050 4450 2115 4514 η,

520 4559 622 4598 cur
646 4543 852 4608 omnia,
881 4556 1020 4613 quae
1048 4542 1188 4614 facta
1218 4541 1492 4606 sunt,et“
1513 4541 1781 4610 quomodo
1801 4539 1943 4596 facta
1966 4549 2113 4605 sunt,

450 4682 455 4688 .
522 4637 630 4693 non
664 4644 842 4691 tamen
872 4636 924 4689 in
963 4636 1216 4691 omnibus
1237 4631 1835 4703 cognitionem‘fugiuut
1856 4631 2025 4695 ¹⁷,ἰιι.
2049 4632 2116 4686 de

524 4730 607 4784 eis
634 4729 779 4783 nulla
806 4729 1066 4785 reddatur
1086 4728 1244 4796 ratio,
1270 4726 1529 4784 cur'facta
1560 4738 1705 4784 sunt.
1729 4726 2014 4802 Propterea
2045 4728 2114 4779 si-

525 4820 767 4889 quidem,
803 4816 1004 4889 inquis,
1034 4819 1215 4872 omnia
1245 4818 1313 4873 de
1339 4816 1505 4873 nihilo
1532 4816 1671 4872 facta
1721 4824 1864 4879 sunt,
1895 4825 1955 4869 ut
1981 4817 2117 4869 divi-

528 4897 632 4966 nae
655 4912 914 4966 bonitatis
939 4908 1237 4980 amplitudo
1257 4921 1311 4963 et
1336 4908 1558 4978 largitas
1577 4923 1675 4976 per
1694 4924 1782 4970 ea,
1804 4923 1940 4977 quae
1966 4906 2115 4973 fecit,

525 5013 586 5061 et
631 5003 1015 5060 ostenderetur
1063 5008 1119 5058 ct
1183 5000 1516 5055 laudaretur.
1580 4998 1770 5053 Nonne
1814 4998 1917 5054 hoc
1967 4998 2122 5052 docet

529 5095 773 5167 psalmus
819 5095 922 5151 iste
966 5094 1282 5166 prophetico
1332 5091 1524 5162 spiritu
1571 5095 1820 5145 cantatus
1848 5131 1863 5154 ,
1911 5092 1962 5145 in
2018 5107 2125 5161 quo

526 5190 709 5245 munis
761 5197 1012 5245 creatura
1066 5186 1356 5243 invisibilis
1412 5195 1469 5241 et
1526 5184 1754 5240 visibilis
1803 5184 2118 5240 Creatorem

2207 3251 2352 3327 pium
2398 3271 2617 3326 semper
2654 3262 2957 3323 appetunt,
3013 3270 3164 3313 extra
3209 3261 3350 3330 quod
3394 3262 3676 3331 quiescere
3707 3278 3797 3318 no-
3870 3270 3887 3289 ’-

2206 3357 2429 3419 qucunt.
2476 3346 2592 3402 Alia
2622 3348 2762 3403 ratio
2794 3368 2808 3404 :
2838 3348 3065 3414 Omnia,
3111 3367 3250 3421 quae
3284 3367 3350 3408 ex
3378 3351 3528 3409 fonte
3553 3355 3794 3409 omnium

2209 3446 2450 3501 manant,
2484 3439 2832 3503 vilescerent,
2865 3440 2977 3495 imo
3014 3441 3179 3496 etiam
3221 3443 3439 3511 penitus
3464 3445 3723 3514 perirent,
3751 3444 3793 3497 si

2210 3530 2276 3587 ad
2306 3530 2510 3587 fontem
2561 3544 2717 3587 suum
2763 3529 2942 3586 redire
2989 3547 3164 3602 neque
3198 3542 3418 3603 possent
3451 3549 3627 3605 neque
3650 3518 3794 3589 redi-

2211 3631 2353 3679 rent.
2383 3624 2453 3678 At
2475 3622 2521 3679 si
2551 3621 2842 3678 visibilium
2876 3621 3080 3677 reditus
3111 3623 3162 3676 in
3191 3640 3317 3679 suas
3350 3625 3645 3680 invisibiles
3672 3640 3798 3680 cau-

2211 3731 2301 3773 sas
2330 3716 2733 3786 prohiberetur,
2766 3713 2922 3772 valde
2968 3716 3196 3770 naturali
3238 3718 3477 3771 omnium
3524 3717 3797 3773 desiderio

2213 3824 2319 3863 non
2350 3807 2903 3873 solnmcontrarium,
2924 3820 3111 3862 verum
3144 3806 3306 3861 etiam
3342 3806 3494 3861 ﬁeret
3524 3809 3793 3864 nocivum.

2214 3895 2458 3952 Mortalia
2499 3909 2628 3951 vero
2673 3906 2898 3964 corpora
2935 3888 3187 3951 nostra“
3210 3911 3318 3951 non
3350 3894 3525 3952 solum
3557 3896 3610 3951 in
3640 3898 3795 3967 spiri-

2218 3987 2422 4057 tualia.,
2469 4002 2659 4042 verum
2705 3988 2870 4041 etiam
2918 3987 2972 4041 in
3014 3988 3223 4042 animas
3264 3996 3478 4043 nostras
3517 3998 3797 4060 propterea

2217 4080 2544 4144 transibunt,
2579 4079 2833 4148 quoniam
2882 4080 3144 4134 naturalis
3186 4080 3480 4136 necessitas
3524 4079 3686 4151 cogit,
3719 4091 3799 4143 ut,

2217 4171 2669 4243 quemadmodum
2710 4170 2891 4225 anima
2941 4171 3219 4228 rationalis
3268 4173 3337 4227 ad
3383 4173 3671 4245 imaginem
3704 4173 3801 4230 Dei

2219 4264 2360 4320 facta
2388 4265 2442 4320 in
2471 4279 2618 4330 eum,
2649 4262 2804 4333 cujus
2832 4263 3009 4335 imago
3036 4272 3119 4320 est
3145 4274 3200 4319 et
3226 4265 3540 4332 similitudo,
3571 4279 3804 4323 reverte-

2222 4367 2330 4423 tur,
2361 4359 2435 4412 ita
2467 4364 2522 4410 et
2552 4346 2769 4425 corpus,
2802 4356 2945 4425 quod
2991 4355 3057 4409 ad
3108 4354 3397 4428 imaginem
3437 4358 3651 4413 animae
3676 4398 3693 4422 ,
3738 4374 3805 4414 ac

2220 4447 2382 4504 veluti
2420 4448 2596 4518 imago
2623 4446 2876 4518 imaginis
2904 4455 2994 4501 est
3028 4445 3255 4513 factum,
3283 4448 3338 4503 in
3369 4464 3524 4504 suam
3560 4456 3801 4515 causam,

2221 4556 2365 4613 quae
2381 4550 2466 4594 est
2490 4539 2691 4603 anima,
2719 4555 2784 4594 ac
2812 4555 2909 4611 per
2934 4556 3055 4595 eam
3078 4541 3244 4596 veluti
3271 4543 3612 4599 medietatem
3639 4559 3805 4615 quan-

2222 4637 2346 4688 dam
2378 4633 2429 4687 in
2466 4632 2637 4703 ipsum
2673 4633 2861 4696 Deum,
2893 4634 2981 4703 qui
3014 4642 3100 4689 est
3138 4634 3296 4689 unica
3335 4636 3574 4691 onmimn
3616 4652 3803 4703 causa,

2223 4732 2487 4785 vertatur,
2529 4723 2673 4776 omni
2705 4721 2919 4778 terreno
2947 4723 3197 4792 pondere.
3223 4734 3278 4780 et
3306 4725 3687 4794 eorporalitate
3714 4728 3804 4781 ab-

2223 4821 2475 4874 solutum.
2510 4816 2675 4887 Cujus
2726 4816 2803 4869 rei
2857 4816 3223 4888 paradigmata
3283 4817 3722 4875 manifestissima
3751 4818 3804 4852 ’⁸

2223 4920 2566 4981 promuntur.
2616 4905 2868 4962 Videmus
2909 4910 3053 4962 enim
3088 4909 3367 4964 humorem
3401 4912 3453 4964 in
3494 4910 3715 4972 funntm,
3749 4919 3803 4965 et

2232 5004 2434 5056 {trinum
2487 5001 2539 5055 in
2586 4998 2892 5065 ﬂammam,
2926 5016 2987 5052 ar.
3014 5015 3111 5071 per
3135 4999 3237 5056 hoc
3262 5002 3541 5057 humorem
3570 5003 3622 5056 in
3652 5003 3804 5056 tlam-
3862 5056 3869 5063 _

2231 5109 2393 5156 nunn,
2417 5091 2688 5146 ﬂammam
2718 5103 2845 5145 vero
2872 5090 2923 5144 in
2955 5092 3168 5160 igneum
3198 5092 3431 5147 transire
3455 5082 3800 5147 elementum.

2229 5182 2443 5255 Pltysici
2472 5182 2635 5235 etiam
2678 5181 2993 5252 perhibent,
3034 5181 3263 5237 solarctu
3312 5182 3521 5237 radium
3553 5183 3802 5246 (tentari,
3881 5242 3885 5246 ,

1823 5319 2080 5375 νΑῐιιΑΕ
2116 5316 2520 5375 [ΕϋΤίΟΝΕΒ.

608 5431 623 5463 ¹
663 5429 702 5485 Α
736 5431 861 5485 sint.
939 5433 960 5464 ³
999 5430 1089 5486 Sic
1113 5431 1183 5496 F;
1215 5432 1254 5486 (Ζ
1282 5442 1362 5497 et;
1390 5431 1487 5484 Aut
1509 5440 1616 5484 om:
1647 5428 1709 5483 Α.
1789 5428 1810 5458 ³
1840 5427 1933 5500 Sit:
1956 5428 2073 5493 ειη
2108 5428 2151 5482 Α
2175 5428 2258 5500 At.
2388 5428 2490 5500 Act
2512 5442 2638 5500 trita.
2710 5428 2737 5500 _"
2774 5438 2827 5481 ut
2852 5414 3103 5500 Gregorio
3131 5430 3295 5500 phire!
3320 5415 3577 5484 onqu..—
3602 5433 3622 5461 ⁶
3652 5434 3805 5485 relati

533 5516 647 5557 oin.
678 5501 744 5557 Α.
820 5504 838 5535 ⁷
874 5502 1069 5556 scilicet
1102 5519 1210 5555 0m.
1259 5503 1323 5555 Α.

537 5573 581 5605 ⁸⁸
620 5573 665 5625 Α
708 5575 845 5625 ratio
894 5572 1089 5641 deﬁcit.
1198 5575 1239 5606 ‘-‘
1274 5573 1313 5626 Α
1350 5583 1398 5626 et
1438 5572 1669 5626 diuinae.

541 5712 585 5767 Α
600 5712 912 5780 manifesta.

1400 5502 1421 5533 ⁸
1453 5512 1508 5555 ut
1554 5500 1825 5554 Ambrosio
1868 5498 2030 5569 placet
2062 5514 2171 5553 om.
2203 5498 2266 5552 A.

1778 5572 1791 5601 ¹
1811 5572 1822 5602 ί
1858 5573 1899 5624 Α
1942 5578 2213 5639 superant.

538 5653 588 5695 et
616 5657 725 5697 om.
750 5642 792 5696 C
817 5642 880 5699 I".
955 5645 995 5680 ⁸⁷
1034 5643 1123 5697 Sic
1153 5643 1192 5694 (Β
1218 5642 1247 5696 F
1276 5655 1289 5706 ,‘
1338 5644 1379 5697 Α
1412 5658 1569 5709 supra
1604 5641 1965 5711 cognitionem
1994 5640 2152 5710 (inut.

2342 5499 2364 5529 ’
2394 5498 2486 5552 Sic
2509 5502 2549 5551 tl
2574 5497 2647 5560 F;
2694 5498 2736 5551 Α
2785 5501 2837 5553 in
2887 5497 3099 5553 nutum.
3131 5497 3138 5500 “
3174 5499 3217 5531 ’⁸
3246 5501 3337 5555 Sir.
3372 5501 3486 5564 (LF;
3516 5502 3570 5555 Α·
3598 5503 3803 5556 rirtnte.

2318 5566 2363 5600 ¹¹⁸
2402 5569 2610 5621 ωηηῑηο
2639 5584 2748 5622 om.
2784 5570 2845 5623 Α.
2945 5573 2986 5604 ⁸⁸
3025 5573 3063 5624 Α
3113 5587 3241 5625 esse.
3338 5574 3381 5603 λθ
3417 5588 3511 5624 cur
3537 5576 3711 5626 oninio
3738 5601 3807 5615 --

2233 5640 2276 5671 ³⁸
2310 5641 2397 5693 Sir
2431 5639 2549 5701 Al“;
2585 5639 2720 5726 εἷς.
2802 5642 2841 5671 ι’
2878 5644 2917 5695 Α
2952 5652 3130 5695 nostra
3158 5657 3397 5705 corpora.
3473 5642 3520 5676 “
3558 5643 3650 5698 Sic
3678 5642 3808 5708 (LF;
