4210 6210
335 240 451 299 953

1172 240 1257 297 DE
1296 240 1638 297 DlVlSlONE
1676 236 2023 295 NATURAE.
2075 268 2137 278 --
2172 235 2370 293 LIBER
2409 235 2735 305 QUINTUS.

3526 231 3631 288 9‘54

332 358 508 426 deque
532 353 861 419 ﬂuminibus,
892 336 1249 425 omnibusque
1284 370 1548 426 aquarum
1595 353 1924 409 collectioui-
1955 356 1998 413 Α
2029 350 2189 421 dibus
2229 349 2390 423 digna
2422 350 2474 417 ';
2516 359 2590 415 et,
2622 360 2682 405 ut
2706 350 3165 420 ln'et'itetdicam,
3193 365 3383 408 omnes
3407 361 3632 407 Virtutes

338 451 435 504 bus
483 448 900 518 madorihnsque
950 450 1179 504 terrenis
1233 451 1286 505 in
1340 451 1575 518 seipsum
1628 448 1917 509 attrahere,

336 538 496 609 inque
543 555 695 595 suam
730 548 978 594 naturam
1011 538 1174 596 veluti
1216 541 1479 611 quaedam
1504 540 1759 594 alimenta
1788 554 1910 594 con-

333 644 569 690 sumere.
765 632 771 637 ’

402 721 491 779 55.
546 721 623 778 De
672 738 738 780 eo
788 733 1005 789 autem,
1055 721 1201 794 quod
1253 739 1384 791 nos,
1424 722 1516 795 qui
1563 722 1615 779 in
1667 725 1768 779 hac
1816 722 1925 777 vita

336 814 618 884 cntttpositi
651 829 879 880 sumus,
923 815 975 869 in
1015 815 1315 887 simplicem
1359 810 1630 886 quandam
1660 816 1925 870 unitatem

333 904 731 973 adunabimur,
786 906 910 961 talis
966 906 1107 963 ratio
1158 916 1260 963 est.
1315 907 1614 979 Oportebat
1656 907 1925 978 siquidem

334 994 623 1063 imaginem
672 996 831 1053 unius
880 1013 944 1052 ac
997 1013 1243 1055 summae
1294 999 1619 1064 Trinitatis,
1673 1013 1814 1068 quae
1872 998 1927 1053 in

334 1087 509 1158 seipsa
538 1087 913 1157 inseparabilis
939 1096 994 1144 et
1021 1090 1251 1161 simplex
1278 1100 1336 1144 et
1364 1091 1721 1160 incomposita
1744 1100 1853 1161 e5t.,_
1871 1089 1926 1143 in

336 1179 598 1255 unitatem
621 1188 677 1235 et
700 1180 1114 1250 inseparabilem
1141 1181 1542 1252 simplicitatem
1572 1182 1769 1253 redigi;
1802 1181 1930 1237 alio-

334 1270 465 1339 quin
492 1270 773 1342 dignitatis
797 1270 1205 1343 amplitudinem
1231 1273 1504 1344 perderet,
1530 1282 1586 1328 et
1623 1274 1929 1343 pulchritu-

329 1360 515 1415 dinem
549 1359 900 1429 deformaret,
932 1366 1075 1433 quod
1125 1363 1240 1419 fieri
1285 1365 1468 1420 divina
1509 1364 1792 1421 clementia
1822 1381 1928 1422 non

334 1454 484 1508 sinit.
561 1454 674 1510 Non
723 1457 868 1512 enim
917 1456 1213 1528 principale
1269 1441 1575 1529 exemplum
1639 1457 1927 1529 imaginem

334 1544 436 1600 sibi
465 1545 695 1599 similem
723 1561 753 1607 a
784 1546 962 1618 seipse
998 1557 1054 1603 et
1095 1550 1390 1605 secundum
1439 1550 1674 1619 seipsum
1705 1549 1927 1612 factam,

333 1633 570 1706 elongari
596 1650 810 1707 semper
855 1651 886 1690 a
936 1652 997 1693 se
1041 1638 1274 1708 quadam
1314 1638 1660 1697 deformitate
1688 1648 1743 1693 et
1776 1640 1932 1694 dissi-

336 1718 639 1783 militudine
668 1737 762 1783 aut
789 1727 965 1799 aliqua
996 1730 1408 1801 compositione,
1449 1746 1544 1786 sua
1591 1731 1933 1800 simplicitate
1970 1713 2009 1771 Β

336 1830 565 1881 remota,
596 1820 881 1889 permittit.
915 1820 1117 1875 Eadem
1151 1821 1288 1876 ratio
1314 1834 1396 1876 est
1426 1824 1493 1876 de
1529 1824 1700 1877 reditu
1738 1833 1938 1876 tmrta-

336 1909 465 1965 liutn
484 1910 785 1977 homitnun,
817 1912 1177 1985 qualicunque
1205 1913 1366 1968 modo
1386 1912 1640 1969 mortales
1664 1915 1931 1977 dicantur,

335 2014 431 2057 seu
462 2001 589 2072 quia
618 2018 718 2058 nec
744 2019 775 2057 a
800 2004 992 2073 scipsis
1023 2019 1123 2059 nec
1161 2005 1217 2058 in
1260 2004 1569 2076 semetipsis
1614 2004 1932 2069 subsistunt,

336 2113 432 2153 seu
455 2097 581 2168 quia
607 2113 779 2169 poena
799 2098 1079 2171 originalis
1100 2101 1309 2170 peccati
1339 2099 1670 2155 mortalitate
1691 2100 1934 2168 absorpti

336 2201 463 2246 sunt
514 2192 568 2246 in
622 2191 787 2245 Deum
838 2205 1032 2261 suum,
1095 2190 1189 2263 qui
1247 2190 1397 2266 solus
1465 2190 1784 2247 immortalis
1830 2199 1931 2246 est.

339 2280 454 2336 Non
486 2280 631 2335 enim
659 2279 975 2335 conveniret
1014 2278 1338 2334 immortalis
1379 2278 1661 2335 Creatoris
1680 2280 1932 2347 bonitati,

342 2371 631 2442 imaginem
662 2384 817 2425 suam
857 2378 1079 2424 aeterna
1113 2378 1286 2425 morte
1321 2370 1570 2426 detineri.
1614 2370 1745 2425 Nam
1792 2371 1935 2441 quod

338 2474 459 2523 eam
508 2464 705 2515 merito
743 2473 1033 2530 perversae
1080 2475 1213 2516 suae
1244 2461 1278 2533 pf
1329 2459 1639 2526 voluntatis,
1683 2478 1790 2532 qua
1832 2462 1935 2517 sibi

336 2549 561 2605 obedire
582 2548 850 2623 noluerat,
886 2547 1167 2604 mortalem
1188 2547 1305 2604 lieri
1331 2549 1572 2619 morique
1593 2550 1933 2619 permiserat.

340 2641 463 2711 plus
495 2640 898 2708 misericordiae
922 2654 1052 2697 suae
1070 2649 1092 2681 ί
1112 2656 1273 2713 quam
1297 2639 1566 2698 vindictae
1605 2643 1933 2698 manifestat.

341 2730 624 2803 Siquidem
674 2731 949 2803 corrigere
988 2746 1135 2798 eam,
1167 2743 1580 2803 correctamque
1605 2734 1671 2789 ad
1703 2734 1937 2803 seipsam

343 2836 626 2888 revocare,
655 2834 758 2875 non
784 2805 966 2876 autem
999 2821 1376 2885 incorrectam,
1400 2812 1937 2894 seinperquc'expul-

340 2928 461 2991 sam
482 2923 532 2970 et
568 2914 622 2970 in
648 2912 918 2969 infinitum
949 2915 1255 2984 elengatam
1280 2913 1302 2946 ⁸
1327 2914 1517 2970 voluit.
1558 2915 1616 2971 Si
1662 2916 1843 2987 itaque
1872 2917 1938 2972 de

342 3007 542 3084 talibus
558 3022 684 3072 non,
707 3008 977 3077 quomodo
995 3008 1136 3064 facta
1156 3016 1303 3074 sunt,
1316 3009 1410 3064 sed
1430 3024 1537 3078 qua
1560 3010 1769 3066 ratione
1789 3010 1932 3067 facta

2025 460 2093 499 ex
2119 446 2381 516 oppositis
2410 446 2509 500 sibi
2536 446 2679 501 vitiis
2706 461 2813 501 non
2845 446 3016 501 solum
3045 446 3257 501 laudem
3289 461 3476 517 cornpa
3489 460 3629 503 rant.
3666 465 3671 470 ·

2029 549 2213 591 verum
2238 540 2402 592 etiam
2433 536 2553 591 sine
2582 535 2795 590 illorum
2826 537 3233 606 comparatione
3269 536 3481 593 laudem
3526 553 3629 591 nor

2029 626 2395 698 adquirerent.
2450 628 2651 683 Eadem
2675 628 2886 684 ratione
2904 628 3183 685 beatitudo
3207 624 3476 699 iustarum
3517 626 3604 701 glo

2031 733 2163 773 riam
2184 717 2285 775 sibi
2300 728 2321 760 ἰ
2347 718 2551 774 invenit
2572 734 2638 773 ex
2659 719 2936 789 suppliciis
2953 718 3261 791 impiorum,
3275 722 3638 794 gaudiumque

2028 809 2200 864 bonae
2234 808 2525 866 voluntatis
2558 825 2626 865 ex
2666 810 2887 865 tristitia
2935 824 3267 880 perversae;
3305 821 3365 868 et
3402 820 3464 868 ut
3505 827 3634 868 vera

2030 905 2169 960 ratio
2195 904 2559 975 pronunciare
2587 919 2695 960 non
2731 904 2978 974 trepidat,
3016 906 3218 971 omnia,
3246 920 3387 976 quae
3416 906 3470 962 in
3518 919 3633 977 par-

2033 998 2173 1054 tibus
2214 996 2586 1052 universitatis
2618 996 2779 1062 mala,
2830 996 3137 1063 inhonesta,
3171 996 3365 1067 turpia,
3407 997 3635 1062 misera,

2030 1086 2403 1158 suppliciaque
2450 1086 2518 1141 ab
2558 1085 2668 1151 his,
2716 1084 2806 1158 qui
2854 1084 3015 1159 simul
3058 1085 3239 1140 omnia
3286 1086 3637 1143 considerare

2032 1198 2139 1237 non
2176 1187 2419 1251 possunt,
2445 1179 2788 1251 iudicantur,
2824 1179 2875 1233 in
2913 1179 3366 1250 contemplatione
3416 1179 3639 1236 univer-

2031 1274 2225 1340 sitatis,
2249 1274 2412 1329 veluti
2437 1274 2602 1328 totius
2623 1272 2899 1344 cujusdam
2922 1272 3166 1343 picturae
3192 1272 3635 1345 pulchritudinis,

2034 1379 2207 1434 neque
2236 1364 2495 1436 supplicia
2518 1350 2667 1429 sunt,
2711 1378 2885 1435 neque
2932 1364 3151 1429 misera,
3201 1380 3377 1435 neque
3428 1366 3631 1436 turpia,

2034 1472 2208 1527 neque
2239 1457 2546 1521 inhonesta,
2590 1470 2767 1528 neque
2813 1458 2949 1514 mala
2994 1467 3138 1515 sunt.
3179 1457 3446 1531 Quicquid
3490 1460 3635 1518 enim

2032 1548 2248 1605 divinae
2292 1548 2665 1617 providentiae
2712 1548 3273 1607 administrationibus
3321 1551 3636 1617 ordinatur,

2036 1637 2235 1694 bonum
2263 1648 2311 1692 et
2338 1638 2622 1708 pulchrum
2650 1648 2705 1693 et
2724 1637 2929 1707 justum
2962 1647 3065 1694 est.
3107 1636 3245 1706 Quid
3269 1641 3412 1696 enim
3442 1639 3637 1695 melius

2038 1740 2143 1793 est,
2174 1744 2334 1798 quam
2360 1740 2504 1784 utex
2540 1730 2907 1799 oppositorum
2959 1732 3361 1801 comparatione
3411 1740 3467 1787 et
3511 1734 3635 1786 uni-

2036 1820 2315 1876 versitatis
2342 1829 2395 1874 et
2433 1820 2730 1875 conditoris
2757 1821 2997 1875 omnium
3036 1820 3152 1876 laus
3179 1819 3468 1879 inetiabilis
3491 1837 3611 1877 com

2038 1911 2303 1982 paretur?
2339 1910 2479 1979 Quid
2509 1909 2727 1979 justius,
2767 1926 2929 1981 quam
2971 1923 3029 1965 ut
3068 1911 3205 1967 bene
3250 1912 3427 1967 meriti
3471 1912 3640 1968 subli-

2038 2002 2339 2057 missitnum
2366 2016 2545 2057 rerum
2572 2002 2842 2067 ordinem,
2870 2001 3009 2057 male
3035 2017 3162 2058 vero
3187 2005 3362 2059 meriti
3389 2004 3632 2065 iulimnm

2037 2090 2371 2146 obtineant?
2427 2089 2566 2158 Quid
2620 2091 2918 2156 hone5tius,
2979 2108 3139 2161 quam
3187 2102 3245 2146 ut
3292 2110 3358 2149 ex
3407 2095 3643 2164 prepriis

2036 2179 2369 2251 singulorum
2397 2178 2801 2236 intétitudinibus
2830 2179 3153 2237 universitas
3187 2197 3365 2237 rerum
3393 2184 3636 2237 omnium

2036 2270 2306 2326 ornetur?
2336 2268 2509 2325 Nemo
2532 2273 2712 2341 itaque
2745 2279 2889 2326 recte
2920 2272 3412 2343 philosOphantium
3441 2275 3633 2330 existi-

2040 2372 2170 2426 mat,
2229 2361 2393 2417 ullam
2444 2360 2705 2417 malitiam
2749 2364 3045 2429 malumve,
3105 2364 3265 2417 ullam
3312 2366 3641 2436 impietatem

2038 2442 2347 2524 impiumve,
2370 2453 2536 2509 ullam
2558 2454 2831 2511 miseriam
2855 2456 3199 2520 miserumve,
3222 2456 3383 2510 ullam
3408 2473 3635 2527 poenam

2037 2546 2374 2617 punitumve,
2404 2545 2573 2602 ullum
2600 2546 2921 2618 Supplicium
2959 2548 3287 2619 suppliciove
3319 2552 3637 2617 olntoximu,

2038 2637 2201 2694 ullam
2261 2638 2648 2710 turpitudinem
2707 2648 2929 2710 torpere
2959 2681 2976 2704 ,
3025 2641 3185 2696 ullam
3239 2643 3636 2701 inhonestatem

2039 2732 2469 2798 inhonestumve,
2497 2732 2552 2789 in
2581 2730 2741 2797 bona,
2769 2744 2819 2787 et
2848 2732 3071 2802 optima,
3108 2744 3163 2789 et
3206 2734 3639 2807 religiosissima,

2038 2832 2093 2879 et
2135 2810 2448 2879 felicissima
2477 2862 2493 2888 ,
2539 2831 2597 2878 et
2651 2823 2951 2891 impunihili
2985 2864 3001 2888 ,
3063 2832 3119 2879 et
3156 2824 3486 2893 beatissima
3518 2868 3533 2892 ,
3588 2838 3643 2883 et

2037 2915 2419 2986 pulcherrima,
2442 2922 2497 2970 et
2518 2915 3202 2971 honestissimadiarmonia
3226 2917 3391 2972 totius
3420 2920 3638 2973 univer-

2040 3008 2216 3061 sitatis
2265 3006 2516 3061 eonditae
2553 3005 2597 3070 ⁸,
2634 3006 2793 3061 etab
2836 3020 2920 3072 eo,
2976 3005 3071 3076 qui
3119 3022 3331 3065 sunmna
3387 3009 3644 3064 honestas

342 3075 490 3168 sunt,
514 3075 740 3153 conaris.
762 3075 1231 3164 astruere;rnnum
1250 3075 1691 3170 quippe—omnem
1719 3109 1940 3173 superat
1965 3075 2009 3139 C
2041 3109 2146 3165 est,
2180 3106 2393 3156 somnia
2438 3096 2801 3167 pulchritudo,
2837 3112 3046 3152 smuma
3072 3090 3386 3165 beatitudo,
3429 3115 3639 3155 sunnna
3714 3106 3719 3111 ‘

345 3187 697 3255 intellectum,
720 3188 950 3255 alterum
983 3188 1380 3259 quodammodo
1405 3191 1718 3247 theoreticis
1744 3208 1936 3263 specu-

345 3277 641 3335 lationibus
680 3280 1167 3351 comprehensibile
1187 3278 1211 3311 ⁸
1236 3295 1344 3336 non
1370 3282 1689 3354 denegatur,
1712 3291 1770 3337 ut
1796 3282 1938 3339 nulla

345 3372 415 3427 de
441 3388 508 3429 eo
528 3372 677 3427 reddi
708 3374 880 3443 possit
907 3374 1084 3429 ratio:
1115 3382 1170 3428 et
1203 3388 1305 3447 ego
1334 3376 1643 3431 nonnullam
1677 3378 1938 3434 rationem

342 3461 412 3515 de
450 3463 721 3535 praesenti
769 3463 1086 3535 quaestione
1130 3464 1369 3520 conabor
1409 3465 1656 3523 reddere.
1715 3464 1942 3523 Videtur

344 3552 500 3619 enim
540 3551 675 3608 mihi
734 3562 1019 3624 propterea
1066 3555 1229 3610 totius
1278 3554 1647 3611 universitatis
1694 3558 1941 3613 conditae

344 3645 661 3701 Creatorem
689 3654 746 3701 et
775 3646 1145 3701 ordinatorem
1180 3645 1580 3704 irrationabiles
1611 3658 1787 3705 motus
1817 3664 1940 3720 per-

344 3750 538 3792 versae
556 3735 821 3791 malorum
843 3744 898 3791 et
923 3736 1200 3792 hominum
1230 3752 1287 3792 et
1313 3738 1626 3809 angelorum
1649 3739 1942 3797 voluntatis

345 3829 487 3883 intra
510 3842 631 3884 eam
654 3826 1072 3899 punirisivisse,
1124 3829 1237 3899 ipsa
1287 3829 1540 3885 videlicet
1587 3832 1941 3888 universitate

334 3920 601 3989 omnibus
626 3919 914 3976 contrariis
954 3920 1298 3990 passionibus
1327 3920 1574 3977 absoluta
1610 3923 1940 3992 omninoque

344 4009 517 4067 libera
563 4024 779 4081 semper
822 4008 1168 4073 subsistente,
1225 4019 1280 4063 ut
1325 4025 1392 4065 ea:
1443 4010 1756 4076 collatione,
1803 4014 1943 4068 sicut

344 4103 419 4156 ait
444 4108 666 4157 sanctus
691 4099 1043 4173 Augustinus,
1066 4116 1337 4169 perversae
1359 4090 1643 4155 uoluntatis
1663 4100 1943 4172 impiorum

347 4191 658 4245 laudaretur
707 4199 757 4245 et
812 4189 1135 4245 exaltaretur
1198 4202 1312 4244 rata
1366 4188 1603 4245 voluntas
1649 4190 1941 4262 justorum.

326 4278 580 4347 Etenim,
610 4288 672 4334 ut
703 4279 819 4351 ipse
844 4282 943 4347 ait,
968 4279 1173 4351 nigrum
1201 4279 1427 4334 colorem
1457 4282 1595 4336 inter
1628 4290 1827 4337 ceteros
1857 4299 1943 4337 co-

344 4374 595 4430 lores-ere
614 4375 851 4445 picturae
869 4374 1150 4437 interserit,
1182 4383 1237 4427 ut
1262 4391 1328 4429 ea:
1344 4376 1737 4445 comparatione
1757 4376 1940 4447 ipsius,

341 4465 474 4522 dum
502 4465 755 4541 obscurus
790 4467 1035 4530 cernitur,
1068 4468 1293 4522 aliorum
1316 4468 1554 4537 colorum
1585 4468 1803 4527 claritas
1821 4486 1944 4542 pro-

346 4557 515 4613 betur.
578 4546 713 4612 Nam
762 4557 904 4627 quod
954 4556 1199 4613 deforme
1243 4573 1341 4629 per
1391 4561 1627 4631 scipsum
1688 4563 1742 4618 in
1790 4573 1943 4635 parte

348 4644 530 4717 aliqua
557 4646 928 4702 universitatis
951 4646 1314 4713 existimatur,
1357 4650 1411 4703 in
1463 4660 1574 4706 toto
1618 4668 1722 4708 non
1769 4654 1940 4710 solum

345 4738 654 4809 pulchrum,
686 4738 939 4808 quoniam
983 4739 1209 4809 pulchre
1245 4739 1550 4796 ordinatum
1607 4752 1710 4806 est,
1755 4760 1942 4814 verum

347 4834 512 4915 etiam
539 4836 806 4905 generalis
834 4821 1428 4907 pulchritudinis'causa
1462 4837 1691 4895 efﬁcitur
1716 4857 1731 4895 :
1761 4852 1815 4896 et
1859 4854 1943 4901 est

320 4912 614 4996 sapientia
640 4941 707 4982 ex
732 4924 1018 4983 collatione
1043 4927 1386 4997 insipientiae
1409 4970 1424 4994 ,
1461 4931 1683 4987 scientia
1713 4949 1780 4989 ex
1824 4936 1937 4991 col-

334 5015 554 5075 .latione
579 5020 938 5090 ignorantiae,
968 5035 1109 5092 quae
1136 5031 1219 5075 est
1241 5028 1263 5061 ⁸
1292 5037 1388 5090 per
1425 5022 1692 5081 delectum
1730 5038 1785 5081 et
1827 5030 1943 5100 pri-

348 5112 644 5175 vationem,
668 5115 775 5166 vita
793 5126 863 5168 ex
882 5113 1283 5184 comparatione
1306 5118 1497 5170 mortis
1524 5133 1622 5186 per
1648 5118 1937 5189 defectum,

351 5205 439 5261 lux
462 5219 535 5263 ex
567 5206 906 5278 oppositione
929 5208 1272 5264 tenebrarum
1295 5225 1393 5280 per
1419 5209 1772 5280 privationem
1820 5216 1937 5271 lau-

2040 3194 2212 3263 quies,
2242 3206 2451 3248 summa
2478 3190 2723 3257 felicitas,
2750 3206 2993 3245 summac
3025 3192 3319 3263 religionis,
3358 3209 3628 3246 suunnum

2033 3275 2239 3339 bonum
2262 3291 2309 3349 θ,
2334 3282 2634 3353 ordinatae,
2665 3298 2823 3353 posse
2850 3298 2970 3338 esse
3002 3283 3064 3337 ιο.
3106 3284 3265 3339 Aliud
3312 3295 3397 3339 est
3421 3287 3563 3341 enim
3595 3288 3635 3320 ιι

2038 3374 2386 3430 considerare
2422 3374 2666 3450 singulas
2703 3374 3072 3428 universitatis
3112 3384 3315 3445 partes.
3370 3376 3510 3432 aliud
3561 3387 3642 3431 to-

2042 3476 2177 3521 tum.
2217 3462 2355 3521 Hinc
2380 3456 2685 3530 coniicitur,
2715 3475 2792 3528 ut,
2826 3468 2968 3535 quod
3008 3467 3059 3520 in
3101 3476 3258 3537 parte
3301 3464 3657 3523 contrarium

2040 3572 2161 3614 esse
2195 3566 2437 3629 putatur,
2483 3557 2536 3612 in
2590 3566 2703 3613 toto
2753 3574 2858 3613 non
2908 3558 3082 3613 solum
3132 3574 3236 3614 non
3285 3561 3639 3623 contrarium,

2034 3644 2229 3706 verum
2257 3649 2425 3706 etiam
2451 3642 2868 3720 pulchritudinis
2898 3660 3243 3721 augmentum
3275 3651 3317 3682 “
3350 3653 3631 3721 reperitur.

2041 3742 2289 3801 lnfernus
2317 3744 2499 3813 itaque
2525 3759 2649 3799 cum
2678 3759 2708 3797 a
2735 3742 2958 3799 Graecis
2984 3744 3110 3807 ἄδης
3128 3785 3142 3810 ,
3173 3744 3276 3799 hoc
3308 3756 3391 3798 est
3418 3742 3637 3801 tristitia

2045 3835 2129 3893 vel
2165 3835 2481 3893 deliciarum
2496 3838 2762 3908 privatio,
2797 3837 2925 3899 dum
2952 3852 3051 3907 per
3075 3838 3310 3908 seipsum
3335 3838 3643 3892 considera-

2044 3936 2149 3992 tur,
2181 3927 2380 3982 malmn
2412 3927 2570 3983 malis
2600 3924 2984 4000 cognoscitur,
3006 3929 3133 3982 dum
3176 3942 3302 3983 vero
3332 3927 3383 3981 in
3418 3927 3640 3987 univer-
3729 3964 3734 3969 ς

2044 4022 2223 4078 sitatis
2256 4020 2621 4093 pulcherrima
2651 4022 2990 4077 ordinatione
3018 4021 3401 4083 conStituitur,
3440 4016 3642 4074 bonum

2045 4115 2201 4171 bonis
2229 4114 2477 4178 edicitur,
2516 4116 2768 4186 quoniam
2799 4130 2904 4169 non
2935 4115 3107 4169 solum
3134 4112 3648 4181 justissimijudicis

2046 4208 2327 4272 severitas,
2359 4218 2685 4278 aeternaque
2713 4208 2756 4240 ¹⁸
2777 4207 3048 4263 sententia
3072 4210 3123 4261 in
3151 4223 3219 4262 eo
3245 4204 3642 4272 manifestatur,

2048 4314 2232 4355 verum
2263 4300 2423 4355 etiam
2455 4300 2733 4354 beatorqu
2767 4297 3041 4353 hominum
3077 4307 3131 4352 et
3167 4296 3478 4369 angelorum
3528 4297 3646 4353 laus

2048 4389 2320 4447 felicitatis
2360 4391 2734 4460 acquiritur,
2790 4399 2845 4445 ct
2900 4390 3245 4460 pulchritudo
3316 4387 3642 4444 cumulatur.

2047 4484 2226 4552 Quare
2252 4483 2433 4553 itaque
2462 4482 2602 4554 intra
2635 4481 2895 4538 terminos
2924 4491 3154 4537 naturae
3192 4481 3308 4536 ﬁeri
3360 4496 3465 4535 non
3507 4479 3648 4537 sine-

2048 4585 2217 4641 retur,
2251 4574 2393 4630 unde
2415 4574 2531 4630 laus
2563 4573 2679 4643 ejus
2710 4586 2764 4631 et
2789 4576 2831 4607 “’
2863 4576 3167 4645 adquiritur
3203 4584 3259 4629 et
3303 4571 3646 4646 pulchritudo

2045 4662 2329 4738 augetur?
2382 4666 2492 4720 Cur
2540 4677 2724 4722 autem
2780 4667 2992 4721 diversa
3045 4668 3331 4736 impiorum
3380 4666 3643 4738 supplicia

2045 4757 2241 4811 inferni
2264 4756 2525 4813 vocabulo
2555 4756 2729 4811 Latini
2751 4757 2926 4811 solent
2949 4756 3276 4826 signiﬁcare,
3302 4771 3370 4811 ex
3392 4755 3649 4825 opinione

2044 4846 2214 4918 vulgi,
2263 4855 2322 4901 ut
2374 4856 2595 4901 sanctus
2644 4847 2976 4918 Augustinus
3021 4848 3073 4900 in
3130 4848 3449 4903 duodecimo
3504 4846 3644 4904 libro

2048 4942 2296 4998 Exemeri
2323 4942 2404 4996 sui
2435 4941 2711 5010 explanat,
2752 4950 3039 4996 tractaturo
3070 4950 3175 4996 est.
3221 4941 3445 5008 Antiqui
3492 4939 3642 4996 enim

2043 5051 2170 5110 spes
2196 5050 2323 5089 suas
2352 5033 2548 5088 fabulis
2575 5033 2892 5103 animasque
2917 5033 3179 5103 sepulcris
3214 5031 3427 5097 dantes,
3459 5047 3645 5103 quem-

2044 5127 2333 5184 admodum
2380 5129 2642 5183 cadavera
2691 5142 2977 5196 corporum
3024 5129 3215 5182 obruta
3242 5126 3527 5196 sepulcris.
3566 5128 3639 5181 ita

2043 5222 2206 5277 etiam
2260 5221 2472 5277 animas
2517 5236 2642 5277 cum
2697 5220 2829 5293 ipsis
2882 5220 3239 5277 cadaveribus
3288 5220 3539 5277 detentus
3586 5220 3641 5276 in

1628 5342 1885 5408 VARIAE
1933 5353 2338 5410 LECTIONES.

935 5468 958 5499 ³
981 5477 1110 5516 suae
1137 5475 1247 5518 om.
1277 5461 1343 5515 Α.

538 5530 831 5585 ratione—
855 5529 1012 5599 digna
1037 5547 1145 5586 om.
1187 5532 1253 5585 Α.

421 5458 439 5489 ¹
466 5473 597 5513 suae
632 5472 743 5513 om.
792 5462 859 5515 Α.

352 5542 534 5599 mra

357 5680 607 5723 ιιιεηιωκ.

687 5670 728 5702 ³³
750 5674 791 5724 Α
824 5684 1035 5727 aeterno
1064 5689 1309 5743 namque.
1389 5673 1428 5704 ”
1458 5685 1506 5729 et
1532 5689 1640 5729 om.
1668 5675 1774 5731 CF.

1441 5461 1462 5492 ⁸
1482 5460 1777 5531 elengotrtm
1802 5481 1912 5520 om.
1941 5468 2007 5522 Α.

382 5531 835 5608 plurumi-one:
855 5531 1012 5608 digna
1037 5547 1145 5586 om.
1187 5532 1253 5585 Α.
1276 5601 1286 5608 _
1328 5541 1347 5571 ⁷
1376 5531 1475 5587 sibi
1504 5548 1614 5586 om.
1638 5531 1744 5589 CF.
1820 5539 1843 5608 _'
1880 5536 1972 5593 Sic
1994 5536 2078 5593 CF
2097 5542 2186 5608 ;_A
2210 5531 2572 5595 honestissima
2590 5542 2750 5595 totius
2786 5543 3136 5597 universitatis
3158 5544 3397 5597 conditae
3423 5544 3638 5597 ordine-

351 5600 510 5652 tione.
583 5607 606 5641 0
637 5600 727 5678 Sic
750 5600 835 5678 (JF
856 5617 871 5666 ;
907 5603 957 5655 A'
979 5618 1236 5655 summam
1270 5601 1461 5678 bonum
1492 5605 2047 5678 suntmoereligiouis.

2085 5467 2107 5499 δ
2135 5469 2177 5522 Α
2218 5469 2706 5539 comprehensibile
2728 5486 2859 5526 esse.
2933 5475 3057 5528 ἐει
3083 5487 3189 5528 om.
3216 5473 3287 5527 Α.
3364 5473 3385 5504 ⁸
3428 5478 3527 5526 rita
3576 5486 3642 5528 ea:

2122 5597 2169 5642 ῖ⁶
2193 5627 2344 5683 posse
2382 5628 2491 5666 me
2527 5626 2634 5666 om.
2670 5616 2737 5668 Α.
2813 5616 2850 5645 "
2894 5615 2934 5667 Α
2974 5618 3106 5667 enim
3149 5625 3244 5669 est.
3318 5616 3363 5645 ¹’
3391 5617 3432 5669 Α
3457 5631 3637 5686 σανςαο
