4210 6208
345 223 455 285 967

1191 230 1280 287 DE
1314 228 1655 289 DlVlSlONE
1693 231 2157 289 NATUME.--~
2193 230 2396 288 LIBER
2429 231 2761 303 QUINTUS.

3523 236 3628 298 988

258 368 267 373 -
596 342 924 414 pen'ertiet,
989 350 1056 399 ut
1100 343 1171 400 in
1221 359 1325 410 eo,
1384 345 1532 415 quod
1592 346 1895 415 corrumpit
1923 386 1937 413 ,
1971 357 2016 414 Α
2042 347 2209 402 etiam
2240 346 2308 403 ad
2338 361 2540 418 corpus
2566 346 2839 417 pertineat
2866 386 2883 410 .
2929 359 3036 399 non
3067 354 3397 413 magnopere
3432 357 3640 412 negati.

345 428 558 501 aliqttid
581 430 994 502 ineorruptibile
1032 444 1329 497 remaneat,
1366 437 1509 507 quod
1535 438 1806 507 corrumpi
1834 452 1943 492 non

344 529 565 593 potest,
606 537 785 593 otique
812 536 1030 594 reperto
1056 524 1171 597 ipsa
1200 527 1483 598 corruptio
1509 529 1823 584 necessario
1850 528 1947 582 de-

348 613 496 678 ﬁcit;
537 616 819 687 «irruptio
844 616 1070 689 quippe,
1109 619 1326 689 quando
1355 619 1493 675 nihil
1516 621 1848 691 corrumpit,
1892 619 1945 672 in

344 708 528 778 seipse
554 709 913 779 extinguitur.
956 710 1062 765 Sed
1100 711 1231 766 haec
1256 711 1362 766 duo
1392 726 1520 765 vera
1549 714 1752 767 refutat
1782 710 1942 766 ratio.

342 799 507 859 Nulla
539 801 685 856 enim
720 810 914 856 natura
944 813 1120 873 potest
1145 807 1451 874 corrumpi,
1492 816 1556 860 ut
1589 807 1945 877 penitusnon

347 888 455 953 sit,
494 899 551 943 et
581 889 649 942 ad
679 889 908 945 nihilum
942 892 1232 961 redigatur.
1285 893 1368 947 Ad
1398 893 1502 948 hoc
1530 895 1726 964 quippe
1754 906 1941 963 creata

347 991 456 1045 est,
501 992 561 1036 ut
592 997 812 1052 semper
833 984 1115 1041 subsistat.
1168 985 1239 1041 At
1263 987 1308 1041 si
1341 986 1620 1042 inchoaret
1648 989 1944 1056 corrumpi,

350 1080 408 1126 et
456 1073 528 1127 ad
580 1072 741 1127 talem
798 1072 961 1128 liuent
1019 1075 1428 1145 perduceretur,
1484 1086 1541 1130 ut
1584 1079 1801 1147 penitus
1845 1094 1942 1133 sua

348 1162 710 1232 corruptione
735 1164 1166 1231 interimeretur,
1204 1168 1449 1236 profecto
1488 1169 1556 1223 ad
1598 1169 1824 1223 nihilum
1862 1187 1947 1225 re-

352 1254 651 1324 digeretur.
710 1253 867 1322 Quod
917 1258 1091 1312 virtus
1143 1259 1417 1313 essentiae
1463 1276 1491 1313 a
1538 1275 1754 1314 suunno
1801 1261 1945 1315 bono

348 1343 606 1399 conditae
632 1345 852 1415 penitus
880 1346 1138 1400 excludit.
1190 1346 1346 1403 Nulla
1381 1348 1565 1419 itaque
1597 1359 1788 1403 natura
1820 1365 1943 1405 cor-

356 1434 533 1506 rumpi
565 1435 806 1499 inchoat,
837 1450 1012 1506 neque
1041 1436 1200 1491 tinem
1233 1438 1664 1510 in’teremptionis
1690 1434 1946 1497 suac'ex-

351 1534 556 1595 peetat.
614 1524 673 1580 Si
723 1533 906 1580 autem
956 1528 1231 1597 quippiam
1279 1545 1309 1581 a
1358 1528 1469 1583 Deo
1513 1530 1716 1584 factum
1758 1531 1948 1602 incipit

347 1616 651 1686 corrumpi,
681 1626 738 1671 et
770 1627 948 1673 tamen
981 1618 1033 1671 in
1061 1634 1129 1671 eo
1156 1618 1475 1687 relinquitur
1497 1620 1642 1689 quod
1671 1623 1946 1692 corrumpi

2044 439 2211 503 dum,
2265 454 2466 510 corpus
2494 438 2726 494 mortale
2769 449 2828 493 et
2873 435 3109 491 animale
3161 445 3216 489 et
3260 448 3537 507 corruntpt
3569 452 3618 496 iet

2045 530 2227 603 puniri
2256 545 2441 601 posse.
2497 529 2638 585 Msa.
2672 528 2914 599 Corpora
2945 528 3111 599 igitur
3134 527 3409 590 mortalia,
3435 527 3483 583 si
3511 541 3641 584 seno

2044 632 2141 675 sus
2165 621 2278 676 sint
2304 621 2551 690 curacio,
2578 619 2854 689 corrumpi
2886 628 2941 673 et
2974 618 3175 688 puniri.
3198 618 3280 673 sin
3312 631 3446 672 rere
3471 632 3634 671 settsu

2042 693 2310 777 carentia,
2343 710 2617 782 corrumpi
2655 711 2996 767 solummodo
3023 710 3276 767 videntur
3305 724 3485 781 posse,
3525 724 3634 765 not:

2046 813 2227 858 autem
2281 802 2528 875 puniri‘.
2582 805 2731 861 Dtsc.
2778 802 2859 857 ita
2905 802 3181 858 existimo.
3240 801 3382 860 Mtte.
3440 800 3638 858 Omnia

2044 894 2232 964 itaque
2276 909 2506 963 corpora
2554 894 2828 955 mortalia,
2871 894 2988 950 sive
3019 893 3361 950 solummodo
3389 907 3640 949 corrum~

2047 996 2265 1056 patitur,
2299 986 2415 1041 sive
2443 986 2605 1041 simul
2636 994 2692 1042 et
2717 995 3147 1053 corrumpantur
3164 994 3220 1040 et
3247 970 3563 1054 puniantur,
3607 999 3639 1041 ι

2048 1078 2163 1133 Deo
2193 1077 2335 1132 facta
2367 1079 2476 1133 nun
2501 1086 2649 1135 sunt.
2700 1076 3003 1133 Praedictis
3038 1076 3309 1147 siquidem
3340 1075 3642 1132 rationibus

2043 1168 2361 1249 confectum
2393 1178 2512 1234 est,
2558 1185 2741 1233 omne,
2772 1169 2915 1239 quod
2948 1186 2977 1223 a
3008 1185 3226 1227 summo
3262 1170 3409 1223 bono
3437 1168 3640 1224 factum

2046 1270 2162 1325 est,
2217 1261 2417 1316 nullam
2470 1263 2903 1333 corruptionem.
2950 1274 3016 1316 ac
3056 1264 3083 1297 ⁵
3129 1275 3228 1331 per
3275 1260 3380 1314 hoc
3431 1260 3637 1315 nullam

2045 1368 2288 1424 poenam.
2330 1354 2591 1423 recipere.
2661 1353 2809 1409 Dtsc.
2862 1346 3117 1408 Munduin
3165 1353 3326 1407 istum
3372 1351 3642 1407 visibilem

2048 1442 2395 1500 sensibilibus
2425 1442 2748 1513 corporibus
2785 1441 3019 1498 maxime
3053 1442 3439 1498 subsistentem
3470 1457 3501 1496 a
3528 1441 3644 1499 Deo

2049 1533 2255 1593 factum
2287 1548 2429 1595 esse.
2456 1534 2580 1604 quis
2624 1533 2726 1588 nisi
2769 1532 3033 1604 insipiens
3055 1548 3263 1609 negare
3284 1530 3646 1604 praesumat?

2050 1622 2204 1698 Maca
2242 1622 2525 1691 Quomodo
2570 1637 2710 1693 ergo
2749 1621 2893 1678 illius
2941 1636 3179 1703 corpora
3216 1629 3647 1690 corrumpuntur

349 1705 695 1777 impossibile
724 1715 846 1770 est,
899 1707 1209 1779 nullamque
1253 1710 1659 1780 corruptionem
1701 1714 1942 1784 recepit,
1972 1712 2021 1773 Β
2050 1715 2135 1772 vel
2178 1714 2521 1786 puniuntur?
2575 1716 2717 1783 Dtsc.
2758 1713 2978 1775 Duobus
3016 1714 3192 1771 modis
3234 1706 3644 1786 corruptionem

346 1799 599 1871 profecto
644 1802 820 1871 ipsum
863 1811 985 1865 est,
1039 1803 1183 1872 quod
1226 1802 1400 1859 solum
1443 1813 1502 1859 et
1536 1813 1707 1863 totum
1756 1822 1788 1860 a
1834 1806 1948 1862 Deo

349 1892 772 1962 incot'ruptibilc
798 1891 1002 1948 factum
1041 1903 1125 1949 est
1148 1934 1165 1961 ,
1212 1896 1358 1964 quod
1392 1896 1798 1967 corruptionem
1839 1913 1945 1953 non

350 1984 550 2055 recipit
575 2024 592 2050 ,
639 2000 706 2041 ac
750 2001 849 2056 per
892 1986 1000 2042 hoc
1043 2002 1312 2058 nusquam
1354 2004 1631 2059 nunquam
1671 1990 1947 2061 corrumpi

349 2076 651 2136 inchoavit.
709 2075 925 2132 Nullum
972 2079 1157 2148 itaque
1194 2094 1418 2163 eorum,
1453 2096 1685 2152 ‘quaea
1733 2096 1946 2138 summo

344 2172 498 2228 bono
538 2172 555 2203 ⁸
604 2173 822 2242 condita
851 2181 995 2243 sunt,
1022 2175 1426 2245 corruptionem
1447 2175 1534 2229 vel
1558 2166 1945 2246 corrumpendi

347 2261 774 2334 possibilitatem
808 2263 1019 2335 recipit.
1056 2263 1197 2320 Mite.
1226 2264 1393 2323 Video
1422 2276 1473 2320 te
1496 2266 1838 2335 resipiscere,
1879 2282 1946 2323 ac

346 2358 422 2413 de
450 2358 572 2421 his.
616 2372 757 2426 quae
806 2357 902 2414 tibi
952 2358 1246 2429 caliginosa
1278 2359 1391 2413 visa
1422 2369 1582 2424 sunt,
1620 2359 1823 2437 claram
1857 2359 1943 2415 in-

347 2448 822 2518 dubitabilcmque
870 2449 1133 2507 rationem
1184 2450 1426 2511 reddere.
1492 2450 1605 2505 Hae
1651 2453 1834 2522 itaque
1877 2451 1945 2506 de

355 2536 877 2606 incorruptibilitatc
915 2553 1099 2592 rerum
1134 2553 1163 2592 a
1205 2538 1315 2595 Deo
1351 2539 1692 2594 conditarum
1722 2539 1942 2595 deﬁnita

346 2630 626 2686 sententia
657 2629 968 2695 considera,
1001 2645 1130 2685 nutu
1154 2647 1335 2696 omne,
1362 2632 1506 2701 quod
1536 2633 1809 2702 corrumpi
1837 2648 1944 2687 non

347 2728 556 2791 potest,
595 2728 774 2791 potest
798 2720 999 2790 puniri.
1038 2720 1188 2775 Dtsc.
1213 2720 1330 2788 Qua
1361 2723 1570 2778 ratione
1602 2724 1653 2776 id
1684 2724 1946 2793 ﬁeri-ms-

345 2811 421 2866 sit
444 2821 488 2879 θ,
539 2827 647 2867 non
696 2811 926 2866 intueor.
973 2809 1195 2866 Videtur
1221 2813 1367 2868 enim
1398 2814 1533 2868 mihi
1563 2829 1724 2869 omne
1743 2855 1756 2874 .
1799 2814 1942 2883 quod

346 2896 627 2971 corrumpi
660 2917 768 2957 non
798 2912 974 2973 potest
998 2942 1014 2966 ,
1042 2903 1218 2972 puniri
1252 2918 1358 2958 non
1390 2919 1547 2974 posse
1566 2945 1580 2967 ,
1613 2906 1753 2959 sirut
1781 2920 1944 2960 omne

256 2989 262 2996 ’
345 2993 708 3065 corruptibile
754 2994 995 3065 punibile
1047 2994 1286 3049 arbitror
1323 3009 1467 3057 esse.
1522 2985 1938 3065 Corruptiouem

2045 1806 2299 1862 dicimus.
2347 1805 2588 1873 Quorum
2626 1820 2766 1862 unus
2800 1806 3022 1876 quidem
3052 1804 3161 1870 ille,
3184 1805 3276 1877 qui
3303 1805 3644 1879 generalium

2044 1895 2442 1953 elementorum
2478 1897 2686 1953 coitum
2724 1912 2824 1967 per
2849 1895 3091 1957 visibiles
3130 1897 3341 1970 species
3385 1897 3441 1954 in
3482 1912 3659 1969 genta.

2044 1989 2313 2045 rationem
2365 1993 2662 2061 procedere
2712 1989 2911 2052 docet.
2970 1996 3027 2046 et
3080 1989 3278 2048 iterum
3325 1989 3644 2063 specialium

2042 2094 2341 2151 corporum
2389 2079 2802 2146 resolutionem,
2835 2079 2888 2136 in
2938 2079 3210 2138 catholica
3257 2079 3528 2138 elementa
3574 2096 3646 2141 es

2043 2173 2244 2245 quibus
2283 2181 2566 2246 compacta
2614 2181 2744 2229 sunt
2787 2171 3063 2239 reditum;
3118 2172 3280 2241 alter,
3308 2174 3647 2246 quouullius

2044 2272 2333 2319 creaturae
2381 2265 2674 2320 essentiam
2729 2271 2786 2318 et
2837 2263 3097 2319 virtutem
3152 2270 3209 2319 et
3268 2264 3641 2336 operationem

2043 2368 2204 2425 posse
2244 2352 2425 2409 vitiari
2470 2353 2818 2417 allirmautes,
2853 2351 3191 2410 rationabilis
3233 2352 3646 2415 intellectualis-

2042 2459 2150 2515 que
2197 2450 2483 2500 creaturae
2530 2443 2837 2499 voluntates
2869 2440 3357 2500 ‘irrationsbilibus
3406 2443 3646 2499 motibus

2041 2535 2317 2607 corrumpi
2368 2535 2752 2606 approbatum.
2809 2533 2874 2589 Et
2923 2533 3134 2604 primus
3180 2532 3402 2610 quidem
3430 2520 3645 2597 ‘tnodus

2045 2624 2423 2695 temporalium
2450 2623 2814 2693 localiumque
2849 2637 3028 2678 terunt
3070 2630 3128 2677 et
3152 2621 3492 2681 sensibilium
3521 2622 3645 2693 plus

2043 2720 2258 2774 videtur
2314 2718 2512 2773 docere
2574 2718 2629 2772 in
2692 2733 2751 2772 se
2813 2717 3043 2772 invicem
3103 2714 3527 2779 transfusionem
3585 2723 3650 2796 et

1996 2806 2001 2815 '
2045 2808 2553 2865 transmutationem
2580 2847 2596 2872 ,
2662 2822 2824 2877 quam
2887 2806 3291 2877 corruptionem
3318 2844 3336 2872 .
3381 2807 3643 2878 quoniam

2037 2917 2240 2964 omne,
2292 2902 2436 2971 quod
2497 2900 2681 2956 divina
2740 2900 3080 2970 providentia
3144 2900 3458 2962 ordinatum
3512 2910 3641 2972 est.

2041 2994 2499 3064 pulchritudinem
2569 2993 2731 3046 infert
2793 2992 3134 3070 universitati
3180 3031 3199 3055 ,
3266 3005 3643 3050 non'corru-

341 3082 619 3154 siquidem
649 3085 924 3153 quandam
956 3100 1183 3153 poenam
1218 3087 1331 3139 tieri
1357 3087 1483 3155 quis
1517 3087 1764 3157 negarit?
1805 3085 1937 3140 Nam
1966 3076 2011 3137 C
2040 3085 2302 3154 ptiouetn.
2351 3083 2405 3136 ιη
2454 3083 2538 3138 his
2584 3084 2732 3137 enim
2779 3082 3036 3138 omnibus
3078 3092 3136 3138 et
3159 3082 3428 3138 naturalis
3463 3083 3486 3117 ⁸
3514 3085 3644 3139 sub-

344 3172 476 3228 dum
516 3187 748 3242 corpora
795 3182 979 3227 nostra
1025 3173 1272 3227 mortalia
1311 3175 1484 3243 ipsum
1504 3160 1795 3236 dolorem,
1845 3173 1939 3243 qni

344 3262 635 3335 repentina
686 3263 939 3319 sanitatis
985 3264 1264 3333 corruptio
1311 3264 1590 3327 delinitur,
1632 3264 1936 3334 patiuntur,

341 3370 409 3411 ea
439 3356 627 3427 puniri
669 3340 956 3411 sentimus.
1007 3355 1236 3411 Animas
1279 3370 1493 3425 quoque
1528 3357 1705 3412 adhuc
1758 3358 1808 3410 in
1860 3359 1940 3413 eis

342 3449 599 3503 detentae
643 3450 835 3519 eisque
881 3448 1278 3518 compatientes
1309 3451 1711 3518 quodammodo
1760 3450 1937 3521 puniri

342 3540 528 3595 nullus
555 3541 805 3611 ambigit,
837 3555 962 3596 cum
991 3542 1132 3597 ratio
1156 3542 1368 3606 doceat,
1390 3542 1691 3613 simplicem
1725 3543 1939 3617 animae

343 3640 601 3687 naturam
634 3647 813 3701 neque
841 3633 1132 3700 corrumpi,
1173 3648 1348 3704 neque
1377 3633 1577 3702 puniri,
1614 3650 1788 3705 neque
1815 3649 1939 3704 pas-

341 3727 601 3782 sinnibus
635 3725 912 3795 corporeis
960 3725 1150 3790 inﬁci;
1203 3726 1439 3796 compati
1487 3734 1665 3779 tamen
1719 3726 1935 3791 dicitur,

342 3820 477 3874 dum
515 3817 810 3887 congenito
851 3816 955 3872 sibi
996 3830 1225 3887 corpore
1271 3826 1328 3872 et
1371 3818 1752 3886 compaginato
1783 3818 1940 3871 auxi-‘-

342 3905 477 3962 lium
509 3915 794 3977 praestare
821 3905 1055 3967 laborat,
1079 3920 1147 3961 ne
1175 3888 1507 3961 destruatur.
1543 3904 1769 3976 Semper
1790 3909 1937 3962 enim

344 4001 557 4070 appetit
587 4012 791 4067 corpus
828 3998 928 4052 sibi
969 3998 1378 4068 superadditum
1421 3999 1474 4052 in
1511 4013 1680 4051 unum
1720 3997 1743 4029 ³
1784 3999 1943 4054 colli.

342 4103 498 4159 gere,
525 4088 581 4142 in
614 4101 855 4158 unoque,
881 4101 949 4141 ne
975 4085 1106 4141 ﬂutat
1131 4097 1187 4142 et
1211 4097 1612 4157 corrumpatur,
1636 4073 1936 4144 continere.

2043 3174 2367 3229 stantiarum
2416 3174 2746 3245 integritas.
2808 3184 2867 3228 et
2927 3173 3252 3243 qualitatum
3306 3173 3645 3231 naturalium

2040 3264 2376 3319 mutaltilitas
2431 3266 2776 3329 custoditur;
2841 3263 3041 3333 quibus
3097 3264 3309 3321 duobus
3364 3250 3643 3322 sensibilis

2041 3365 2323 3412 creaturae
2351 3356 2628 3425 plenitudo
2653 3356 3018 3426 componitur,
3046 3370 3113 3410 ac
3148 3370 3246 3425 per
3279 3356 3385 3414 hoc
3418 3357 3644 3414 abusive

2042 3449 2420 3518 temporalium
2464 3463 2647 3502 rerum
2688 3449 3068 3517 rarietas'per
3101 3448 3436 3529 incrementa
3469 3459 3522 3511 et
3553 3462 3644 3506 re-

2040 3542 2344 3600 solutiones
2376 3541 2833 3596 incremeutornm
2875 3541 3245 3611 corruptionis
3294 3542 3511 3597 nomine
3545 3557 3643 3616 ap-

2038 3633 2289 3706 pellatur.
2320 3631 2379 3688 ln
2399 3633 2510 3687 bac
2534 3630 2704 3686 forma
2736 3631 3025 3686 locutionis
3054 3622 3376 3703 intelligitur
3398 3631 3641 3703 Aposto-

2039 3723 2123 3778 lus
2145 3724 2373 3787 dixisse,
2394 3722 2461 3778 tle
2482 3721 2775 3791 fragilitate
2801 3722 3025 3778 humani
3048 3722 3295 3793 corporis
3318 3724 3636 3795 disputans:

2039 3814 2391 3886 Cormptibile
2416 3815 2514 3868 hoc
2545 3813 2795 3867 induatur
2828 3814 3290 3884 incorruptionem,
3334 3825 3382 3871 et
3414 3817 3639 3873 mortale

2039 3907 2510 3964 immortalitatem.
2559 3904 2627 3971 Et
2660 3904 2785 3960 alibi
2814 3921 2827 3957 :
2860 3903 3066 3974 Corpus
3098 3905 3239 3975 quod
3274 3907 3637 3977 corrumpitur

2035 4008 2291 4070 aggravet
2328 3999 2580 4061 animum,
2628 4006 2673 4050 et
2714 4005 2921 4051 terrena
2958 3995 3215 4049 habitatio
3240 3994 3489 4065 deprimit
3515 4012 3641 4053 sett-

2036 4107 2157 4147 sum
2205 4089 2371 4145 multa
2419 4090 2754 4160 cogitantem.
2823 4088 3033 4155 Quibus
3079 4088 3262 4143 verbis
3309 4102 3416 4142 non
3461 4087 3638 4144 solum

341 4176 911 4248 Mtc.Aniniaitaque
930 4175 1942 4249 adimaginem-Deifacta,sieutnun.-
2040 4181 2261 4237 liumani
2304 4180 2547 4249 corporis
2593 4180 2770 4233 adhuc.
2816 4176 3023 4247 fragilis
3063 4186 3226 4248 atque
3266 4180 3513 4234 mortalis
3542 4193 3634 4236 so-

350 4285 519 4341 quam
558 4271 933 4340 cOrrumpitur
959 4285 1058 4340 per
1082 4270 1339 4340 seipsam,
1370 4271 1443 4326 ita
1470 4287 1754 4343 nunquam
1782 4272 1942 4341 puniv
2040 4273 2300 4329 lutionem
2355 4272 2408 4325 in
2455 4271 2720 4326 elementa
2766 4260 3026 4339 simplicia
3050 4309 3067 4332 ,
3113 4283 3346 4337 quorum
3396 4267 3646 4338 qualitng

274 4389 291 4404 ο
346 4373 454 4417 tur.
511 4360 662 4416 Disc.
696 4358 815 4415 Non
852 4359 1011 4415 aliter
1045 4358 1288 4431 praefata
1319 4362 1478 4419 docet
1510 4364 1671 4418 ratio.
1706 4363 1765 4418 Si
1791 4364 1938 4419 enim
1968 4426 2001 4431 λ
2045 4366 2185 4419 tibus
2228 4364 2281 4418 in
2326 4378 2384 4417 se
2423 4370 2445 4401 τ
2490 4361 2721 4415 invicem
2769 4359 3220 4415 convenientibus
3267 4358 3637 4427 componitur.

342 4452 491 4510 nulla
516 4452 819 4524 spiritualis
840 4426 1142 4507 substantia
1167 4468 1265 4523 per
1281 4455 1514 4524 seipsant
1532 4458 1712 4527 puniri
1736 4466 1936 4527 potest,
1966 4426 2016 4487 ο
2044 4472 2230 4511 verum
2277 4456 2442 4510 etiam
2484 4468 2549 4508 ex
2601 4452 2732 4522 ipsis
2777 4452 2972 4506 iterum
3022 4426 3444 4513 revocationem,
3474 4448 3639 4519 inque
3692 4480 3713 4523 ε

340 4556 550 4615 quanto
578 4545 766 4614 magis.
785 4543 898 4609 illa,
928 4559 1069 4613 quae
1098 4546 1165 4599 ad
1196 4544 1485 4616 imaginem
1524 4548 1613 4602 Dei
1647 4548 1790 4605 facta
1832 4560 1936 4605 est.

341 4638 485 4693 Μλο.
510 4637 652 4705 Quid
684 4652 817 4707 ergo
836 4636 1079 4690 dicemus
1107 4634 1174 4689 de
1201 4638 1474 4705 corpore?
1510 4623 1779 4707 Numquid
1799 4656 1933 4709 quo-

344 4730 492 4784 niam
524 4728 914 4797 corrumpitur,
961 4725 1228 4796 punitur?
1277 4726 1421 4783 Dtsc.
1452 4728 1636 4783 l’uniri
1668 4745 1771 4783 non
1799 4731 1936 4784 dici-

343 4835 488 4885 mus,
516 4820 623 4875 nisi
654 4819 801 4888 quod
836 4831 989 4872 suam
1014 4831 1241 4887 poenam
1266 4821 1454 4882 sentit,
1471 4820 1698 4887 ideoque
1722 4821 1767 4874 si
1792 4821 1941 4875 solus

342 4910 563 4964 aninmo
601 4922 799 4962 sensus
836 4918 961 4971 est,
1015 4906 1158 4974 quod
1197 4922 1263 4960 ex
1304 4908 1534 4961 mortuis
1579 4908 1939 4966 cadaveribus

342 5001 506 5054 datur
537 4997 789 5067 intelligi,
818 4999 1185 5067 corrumpitur
1215 5000 1551 5053 solummodo
1578 5013 1796 5066 corpus.
1824 4984 1937 5058 non

340 5104 527 5146 autem
568 5093 814 5161 punitur.
868 5086 1003 5142 Nam
1033 5099 1090 5142 et
1116 5103 1345 5159 corpora
1377 5104 1557 5142 rerum
1586 5091 1732 5143 onini
1766 5102 1951 5147 sensu'

340 5186 650 5239 carentium
679 5221 695 5248 ,
750 5190 808 5234 ut
838 5189 965 5234 sunt
999 5180 1138 5249 ligna
1170 5189 1226 5233 et
1256 5180 1494 5248 lapides,
1532 5180 1935 5250 herbarumque

341 5275 615 5345 germina,
646 5258 925 5337 corrumpi
956 5268 1206 5330 dicimus,
1236 5282 1342 5322 non
1375 5279 1556 5323 autem
1589 5270 1787 5337 puniri.
1822 5270 1934 5326 Sed

342 5364 387 5416 si
422 5377 617 5417 sensus
659 5357 903 5415 exterior
938 5371 1046 5412 non
1081 5356 1257 5412 solum
1296 5356 1361 5410 ad
1402 5359 1639 5411 animum
1675 5399 1690 5423 ,
1742 5376 1933 5415 verum

2041 4546 2354 4618 spirituales
2420 4542 2966 4611 incorruptibilcsque
3035 4540 3328 4611 qualitates
3399 4539 3636 4599 reditum

2010 4639 2351 4709 signiﬁcat,
2418 4635 2615 4691 terreni
2678 4634 2926 4703 corporis
2977 4625 3396 4691 mutabilitatem
3437 4648 3636 4689 corruo

2043 4728 2243 4799 ptionis
2298 4725 2555 4781 vocabulo
2617 4723 2910 4793 appellans.
2978 4723 3093 4777 Non
3149 4723 3294 4778 enim
3349 4736 3639 4793 prepterea

2044 4823 2147 4876 ista
2189 4821 2462 4875 sensibilia
2500 4830 2555 4874 et
2595 4820 2909 4888 temporalia
2946 4830 3280 4889 spernuntur
3306 4818 3509 4883 abhis,
3541 4821 3637 4890 qui

2044 4913 2341 4985 spn'itualia
2366 4913 2675 4966 desiderant
2692 4921 2751 4965 et
2773 4920 3016 4973 aeterna,
3039 4912 3195 4982 quasi
3222 4911 3357 4964 mala
3381 4910 3514 4976 sint,
3538 4912 3635 4985 sed

2041 5008 2168 5076 quia
2196 5005 2461 5061 instabilis
2491 5014 2546 5061 et
2572 5004 2847 5058 mutabilia
2878 5014 3027 5067 sunt,
3061 5004 3331 5073 [intentique
3358 5015 3635 5060 transmu-

2044 5099 2264 5153 tationis
2283 5112 2416 5152 suae
2438 5097 2491 5151 in
2512 5095 2714 5150 melius
2737 5105 3043 5164 expectant.
3076 5105 3131 5148 et
3156 5095 3207 5148 in
3231 5098 3636 5165 comparatione

2043 5188 2313 5247 stabilium
2347 5185 2871 5253 immutabilinmque
2917 5187 3124 5241 nullum
3164 5188 3635 5244 trausnmtatidnis

2043 5294 2174 5333 suae
2202 5278 2363 5332 linem
2395 5276 2448 5331 in
2474 5276 2669 5331 melius
2689 5277 3092 5345 expectantium
3116 5277 3283 5333 veluti
3309 5279 3633 5349 contempti-

2004 5418 2009 5423 .
2046 5368 2173 5420 bilia
2214 5367 2533 5435 penitusque
2580 5363 2877 5431 deserenda
2906 5363 3629 5435 et—postpouendajudican-

1626 5472 1881 5530 VARIAE
1917 5474 2307 5534 LECTlONES

415 5594 434 5635 ι
464 5593 599 5646 bona
626 5605 739 5644 om.
771 5586 835 5641 Α.
910 5586 932 5660 ξ
959 5585 1005 5639 Δ
1032 5594 1233 5660 potest._
1294 5583 1314 5615 ³
1344 5583 1432 5640 Sic
1461 5585 1579 5653 CF;
1608 5584 1650 5638 Α
1682 5585 1731 5639 in
1753 5586 1850 5641 lter
1873 5589 2149 5660 colligere.

345 5665 386 5719 Δ
416 5662 766 5719 naturalium.
860 5661 881 5693 ⁷
907 5657 962 5713 in
990 5672 1044 5709 se
1071 5669 1180 5708 om.
1208 5656 1272 5708 A.

2228 5591 2247 5621 ⁸
2274 5608 2375 5644 mm
2405 5599 2577 5643 autem
2605 5588 2783 5658 puniri
2812 5602 2920 5641 om.
2947 5588 3011 5641 Α.
3085 5597 3107 5631 ⁸
3129 5589 3171 5643 Α
3203 5601 3271 5642 et.
3351 5587 3372 5620 ‘
3395 5586 3484 5643 Sic.
3510 5587 3625 5654 CF;

2090 5840 2119 5861 ί
