4210 6216
555 174 661 235 959

1946 180 2232 241 JOANNIS
2271 176 2467 239 SCOTl

3716 186 3814 243 960

541 308 657 357 tur.
684 296 968 355 Secundus
994 307 1129 352 vero
1150 292 1343 350 modus
1367 294 1551 349 nonin
1584 308 1764 349 rerum
1794 293 2135 349 mutabilium
2166 302 2213 358 Α
2243 293 2469 348 cumino
2511 308 2617 347 non
2656 307 2778 348 esse
2830 292 3212 364 iutelligendae
3256 304 3417 363 sunt;
3464 304 3609 367 quod
3650 312 3830 357 autem

544 387 1007 446 transfusionibus'
1035 395 1176 440 mtra
1209 394 1458 440 naturam
1493 394 1763 450 versatur,
1804 383 1899 439 sed
1929 384 1981 439 in
2009 398 2135 455 pro-

542 482 785 547 priarum
832 477 1173 534 voluntatum
1227 474 1746 545 perturbationilms.
1798 487 1937 545 quae
1980 482 2133 528 extra

519 577 961 631 -oaturam‘sunt.
991 568 1268 639 quoniam,
1292 585 1430 639 quae
1450 586 1516 624 ex
1545 570 1652 623 Deo
1676 584 1783 624 non
1810 568 2135 634 subsistunt,

541 662 949 733 correptiones,
991 674 1132 731 quae
1176 675 1303 714 vere
1366 660 1626 714 dicendae
1669 663 1796 714 sum
1828 671 2139 729 perversae

542 753 834 809 voluntatis
885 752 1037 818 vitia,
1068 752 1400 807 considerat.
1455 750 1697 807 Proinde
1745 752 1905 822 liujus
1951 751 2137 806 mundi

541 859 768 916 corpora
800 858 907 900 non
938 842 1239 914 corrumpi,
1264 844 1362 899 sed
1410 842 1463 898 in
1506 842 1683 913 seipsa
1727 842 1959 898 naturali
1989 850 2136 899 motu

539 952 607 991 ac
628 922 890 992 varietate
912 934 1218 991 transfundi
1248 933 1607 989 existimanda
1634 944 1782 998 sunt,
1816 951 1883 988 ac
1908 948 2006 1002 per
2035 933 2138 987 hoc

539 1043 716 1099 neque
753 1028 955 1099 puniri.
999 1027 1287 1083 Naturales
1316 1026 1582 1098 siquidem
1616 1027 1898 1098 passiones
1933 1041 2137 1097 poena-

540 1137 663 1178 rum
718 1118 978 1176 vocabulo
1024 1115 1179 1188 juxta
1242 1132 1449 1172 rerum-
1485 1117 1872 1187 proprietatem
1927 1117 1943 1149 ¹
1990 1114 2138 1170 nullo

540 1210 701 1268 modo
751 1211 1103 1284 appellandae
1149 1218 1296 1265 sunt.
1348 1208 1414 1263 Et
1438 1209 1483 1264 si
1509 1211 1633 1277 quis
1661 1209 1878 1273 dixerit,
1908 1208 2135 1263 sensibi-

538 1304 671 1359 lium
702 1318 991 1374 corporum
1036 1302 1090 1356 in
1139 1292 1449 1371 semetipsis
1482 1299 1876 1355 transfusiones
1917 1314 2014 1368 per
2046 1313 2140 1369 ge-

539 1394 875 1454 nerationem
930 1403 989 1451 et
1035 1394 1362 1451 solutionem
1419 1404 1641 1465 propter
1691 1403 1973 1465 peccatum
2036 1392 2137 1446 hu-

539 1476 737 1548 manae
768 1499 994 1547 naturae
1020 1489 1158 1553 ﬁeri,
1192 1503 1259 1545 ac
1287 1504 1384 1559 per
1408 1490 1509 1543 hoc
1530 1488 1798 1557 veraciter
1828 1486 2138 1555 corruptio-

538 1578 642 1641 nes
674 1597 833 1652 posse
867 1580 1304 1646 vocari,.videat
1355 1580 1522 1634 totius
1571 1578 1798 1633 visibilis
1843 1585 2129 1631 creaturae

2238 395 2343 452 est,
2371 382 2594 441 omnino
2624 386 2939 456 impuuibilc
2977 395 2999 425 ⁸
3040 402 3161 444 esse
3189 394 3412 444 necesse
3439 401 3542 457 est,
3575 391 3702 446 dum
3735 394 3813 448 vir

2240 486 2355 533 tute
2398 492 2518 543 sua,
2558 477 2702 549 quod
2743 479 2986 548 punitur,
3033 484 3293 535 sustineat
3362 492 3417 536 et
3448 482 3625 552 puniri
3669 484 3830 540 sinat.

2238 570 2316 627 Ac
2344 586 2444 643 per
2480 571 2583 625 boc
2611 570 2895 625 verissime
2922 570 2991 626 de
3006 572 3198 627 .divina
3231 574 3578 644 praedicatur
3595 578 3832 649 iustitia.

2239 664 2385 733 quod
2411 664 2465 719 in
2494 663 2651 718 nulla.
2672 674 2943 730 'crealura,
2968 682 3131 737 quam
3164 667 3312 734 fecit,
3337 671 3513 732 pitniri
3540 672 3826 742 permittit,

2241 760 2385 832 quod
2414 758 2582 825 fecit;
2616 760 2783 829 punit‘
2799 768 2978 814 autem
3006 758 3152 831 quod
3183 777 3291 818 non
3324 761 3474 819 fecit.
3508 764 3648 821 Dtsc.
3683 764 3829 822 Satis

2238 862 2295 908 et
2345 851 2561 922 copiose
2609 850 2677 906 de
2729 850 2832 906 hoc
2882 853 3099 921 negotio
3133 863 3214 908 est
3252 854 3458 909 actum.
3495 853 3632 911 Mue.
3677 853 3828 911 Satis

2240 942 2417 1015 plane,
2460 943 2516 1003 ,si
2552 940 2845 1012 purissime
2873 958 2938 997 ac
2966 942 3083 998 sine
3109 942 3216 998 ulla
3243 945 3590 1001 cunctatione
3625 945 3836 1017 perspi-

2240 1023 2323 1089 cis
2359 1034 2431 1088 ita
2466 1047 2614 1098 esse,
2658 1040 2716 1088 et
2761 1047 2869 1087 non
2916 1032 3113 1087 alitem.
3143 1032 3289 1089 Disc.
3337 1034 3496 1090 Clare
3541 1037 3808 1107 perspicio

2239 1126 2496 1194 omnique
2506 1124 2738 1196 caligine
2758 1134 2961 1180 remota
2980 1124 3238 1196 intelligo,
3253 1126 3660 1199 universitatem
3681 1142 3832 1183 crea-

2222 1214 2396 1272 ‘turae
2418 1237 2449 1271 a
2479 1217 2588 1271 Deo
2609 1218 2860 1271 conditae
2883 1210 3255 1287 impunibilem
3276 1233 3420 1283 esse,
3441 1217 3703 1291 omnique
3718 1234 3834 1276 eor-

2242 1308 2490 1377 ruptione
2519 1306 2840 1362 absolutam.
2874 1307 3013 1364 MAG.
3049 1306 3358 1365 Redeamus
3380 1324 3511 1381 ergo
3534 1311 3603 1365 ad
3630 1325 3829 1381 propo-

2240 1396 2425 1462 situm,
2474 1397 2579 1465 lioc
2609 1406 2715 1461 est,
2743 1399 2810 1453 ad
2851 1399 3082 1455 reditum
3112 1400 3481 1457 universitatis
3502 1403 3755 1459 conditae
3775 1402 3829 1459 in

2240 1502 2369 1543 suas
2398 1504 2612 1544 causas.
2848 1496 2851 1499 ’

2310 1577 2402 1634 ‘56.
2458 1580 2608 1634 Disc.
2660 1579 2820 1637 Prius
2852 1582 3371 1657 considerandum,
3418 1583 3675 1649 arbitror,
3724 1599 3829 1656 qua

538 1674 785 1733 ordinem
811 1686 866 1731 et
894 1673 1353 1748 pulchritudinem
1393 1690 1499 1729 non
1531 1674 1632 1728 nisi
1665 1673 1716 1727 in
1753 1669 2136 1728 vicissitudini-
2168 1673 2211 1732 Β
2240 1672 2449 1726 ratione
2474 1680 2697 1727 aeterna
2722 1681 2885 1739 erunt
2907 1673 3190 1744 supplicia,
3218 1674 3438 1745 quando
3455 1675 3602 1732 nulla
3624 1675 3831 1733 malitia

537 1770 641 1827 lius
658 1785 836 1825 rerum
855 1771 950 1840 per
966 1769 1082 1825 loca
1102 1779 1158 1824 et
1175 1776 1414 1841 tempora
1441 1776 1719 1830 constare,
1736 1766 1963 1837 illasque
1983 1766 2137 1819 vicis-

536 1858 817 1916 situdines-
856 1874 922 1915 ac
960 1860 1253 1915 varietates
1290 1875 1393 1916 non
1414 1858 1642 1915 aliunde
1670 1858 1771 1911 nisi
1800 1857 1982 1911 divina
2010 1870 2139 1925 pro-

541 1953 779 2009 videntia
827 1961 883 2008 et
932 1953 1401 2008 administratione
1451 1964 1645 2006 causas
1679 1950 1899 2015 ducere,
1930 1956 1985 2003 ct
2016 1947 2136 2017 plus

539 2043 608 2097 ad
645 2043 922 2099 humanae
958 2053 1185 2099 naturae
1212 2044 1601 2106 eruditionem,
1635 2048 1689 2094 et
1721 2039 1787 2094 ad
1817 2037 2132 2095 Creatorem

454 2194 458 2198 _
537 2148 696 2190 suum
740 2137 1141 2191 revocationem
1192 2134 1370 2192 factas
1417 2134 1603 2197 fuisse,
1641 2146 1805 2203 quam
1831 2131 1898 2185 ad
1925 2128 2131 2202 peccati

536 2228 816 2284 ultionem.
860 2229 933 2282 Eo
962 2228 1105 2283 enim
1145 2227 1303 2283 modo
1338 2225 1637 2298 spiritualis
1670 2222 1969 2279 medicinae
1995 2221 2134 2277 ima-

534 2317 922 2387 ginem'suam
963 2317 1109 2372 Deus
1150 2317 1323 2372 voluit
1370 2326 1425 2371 et
1465 2317 1520 2370 in
1564 2316 1803 2385 seipsam
1845 2321 1901 2367 et
1942 2313 2010 2368 ad
2044 2327 2131 2367 se-

538 2409 714 2475 ipsum
755 2416 776 2448 ι
820 2421 1119 2473 revocare,
1176 2414 1238 2462 ut
1306 2419 1488 2461 rerum
1551 2402 1891 2460 mutabilium
1956 2402 2133 2457 taedio

540 2495 763 2569 fatigata
814 2510 871 2553 et
918 2497 1241 2561 exercitata,
1295 2493 1711 2551 immutabilium
1761 2500 2134 2549 aeternorum-

539 2605 648 2661 que
691 2589 1048 2647 stabilitatem
1106 2585 1467 2659 contemplari
1520 2587 1895 2653 desideraret,
1941 2585 2133 2641 arden-

540 2692 733 2752 terqne
790 2691 1046 2736 verorum
1116 2677 1590 2737 iucommutabiles
1645 2677 1854 2749 species
1919 2687 2135 2749 appete-

537 2780 641 2837 ret,
672 2772 726 2827 in
758 2786 990 2843 quarum
1031 2771 1240 2843 absque
1285 2770 1395 2825 ulla
1443 2769 1706 2825 varietate
1733 2767 2134 2838 pulchritudine

540 2865 864 2935 quiesceret.
893 2863 1035 2920 Hinc
1058 2862 1366 2928 conﬁcitur,
1405 2861 1551 2933 quod
1594 2860 1757 2916 etiam
1802 2860 1855 2915 in
1888 2857 2136 2930 superio-

540 2957 693 3012 ribus
750 2955 1060 3027 prae‘sentis
1114 2950 1801 3027 disputationisplurimis
1866 2949 2000 3005 locis
2051 2956 2136 3005 est

2238 1764 2344 1819 erit
2380 1772 2427 1830 τ,
2474 1780 2544 1820 nc
2568 1765 2639 1821 sit
2667 1764 2896 1821 bonitati
2925 1775 3237 1832 coaeterna,
3270 1776 3328 1823 et
3346 1770 3529 1834 omnis
3558 1770 3829 1842 impietas,

2236 1857 2315 1910 nc'
2344 1855 2418 1911 sit
2443 1854 2626 1910 divino
2649 1855 2812 1911 cultui
2845 1870 3157 1925 coaeterna,
3193 1861 3412 1930 peribit,
3438 1871 3495 1916 et
3524 1862 3704 1918 omnis
3730 1877 3831 1921 ne-

2239 1949 2430 2017 quitia,
2458 1964 2525 2003 ne
2546 1950 2619 2002 sit
2641 1949 2840 2006 divinis
2861 1948 3068 2022 legibus
3100 1950 3314 2018 infesta,
3338 1953 3405 2009 de
3430 1961 3619 2010 natura
3646 1971 3829 2014 rerqu

2238 2039 2567 2104 abolebitur,
2593 2048 2669 2104 et,
2698 2039 2839 2109 quod
2865 2056 2997 2095 vera
3017 2040 3179 2113 exigit
3206 2042 3363 2106 ratio,
3403 2043 3692 2100 deﬁciente
3714 2061 3829 2101 ma-

2236 2129 2372 2185 litia-
2396 2130 2576 2186 nullus
2605 2132 2710 2187 erit
2749 2134 2954 2199 malus;
3005 2135 3178 2206 malus
3215 2133 3359 2191 enim
3400 2134 3607 2193 malitia
3654 2137 3830 2195 ntalus

2234 2235 2339 2279 est.
2376 2223 2644 2283 Pereunte
2690 2225 2965 2296 impietate
3015 2227 3191 2283 nullus
3244 2229 3442 2300 itnpius
3486 2209 3827 2299 remanebit;

2236 2315 2416 2370 omnis
2464 2316 2609 2370 enim
2657 2312 2855 2386 impius
2907 2317 3186 2387 impietate
3237 2319 3436 2388 impius
3473 2330 3594 2376 est:
3624 2322 3823 2379 abelita

2237 2405 2523 2473 iniquitate
2550 2406 2674 2474 quis
2702 2398 2920 2476 iniquus
2956 2408 3323 2477 relinquetur?
3350 2407 3612 2464 Malitiani
3642 2420 3824 2467 autem

2235 2504 2293 2548 et
2334 2496 2666 2566 impietatem
2710 2504 2765 2550 et
2812 2495 3151 2567 iniquitatem
3196 2502 3467 2567 perituras
3503 2515 3625 2556 esse
3669 2515 3829 2558 nemo

2235 2587 2561 2659 sapientium
2588 2587 2819 2652 dubitat,
2844 2589 3218 2654 considerans,
3244 2589 3506 2645 malitiam
3536 2607 3643 2647 non
3671 2606 3830 2663 posse

2236 2675 2380 2741 ﬁeri,
2431 2676 2536 2731 nisi
2580 2676 2670 2731 ubi
2708 2677 2936 2755 invenit,
2968 2679 3055 2732 cui
3082 2686 3296 2733 noceat.
3324 2678 3380 2733 in
3415 2679 3598 2736 futuro
3621 2691 3824 2742 autem,

2236 2768 2453 2838 quando
2512 2768 2691 2823 omnia
2744 2770 2802 2823 in
2852 2769 3096 2825 omnibus
3152 2770 3292 2826 Deus
3342 2770 3484 2839 erit,
3542 2781 3599 2828 et
3649 2772 3849 2837 omnis

2235 2867 2485 2915 creatura
2517 2858 2539 2891 '
2591 2858 2917 2915 liberabitur
2955 2876 2987 2915 a
3029 2861 3323 2933 servitute,
3365 2864 3450 2918 cui
3499 2861 3702 2919 malitia
3730 2879 3827 2919 no-

2236 2946 2413 3009 cebit?
2442 2950 2606 3007 Nulli.
2638 2952 2893 3024 impietas
2916 2964 3169 3025 quoque’
3194 2956 3382 3011 eadem
3414 2956 3644 3023 ratione,
3682 2957 3827 3028 quod

540 3044 859 3107 conclusum
906 3054 1072 3117 atque
1121 3044 1426 3110 deﬁnitum,
1481 3042 1682 3097 nullam
1733 3040 1894 3096 aliam
1943 3042 2128 3096 sedem
2158 3037 2200 3098 C
2234 3043 2475 3115 peritura
2529 3042 2622 3111 sit,
2670 3043 3007 3115 intelligitur.
3050 3044 3334 3115 Quomodo
3386 3047 3530 3103 enim
3578 3047 3826 3119 impietas

538 3137 981 3207 rorruptionibus
1029 3124 1328 3208 pocuisque
1383 3150 1546 3207 posse
1602 3134 1868 3204 reperiri,
1915 3141 2132 3203 praeter

542 3228 881 3285 rationabilis
942 3236 1000 3284 et
1052 3227 1437 3284 intellectualis
1496 3234 1784 3283 creaturae
1843 3222 2132 3296 pcrverSos

542 3320 867 3391 illicitosque
911 3321 1163 3393 propriae
1212 3319 1504 3393 voluntatis
1551 3328 1749 3382 motus,
1802 3301 1903 3387 qui
1936 3330 2037 3371 nec
2063 3330 2132 3372 ex

544 3414 674 3480 Deo,
719 3429 821 3469 nec
845 3429 913 3469 ex
969 3423 1163 3469 natura
1207 3411 1426 3469 condita
1470 3412 1786 3469 occasiones
1822 3409 2130 3480 accipiunt,

468 3492 477 3500 ’
540 3508 849 3564 incausales
895 3508 1045 3564 enim
1094 3514 1259 3572 sunt,
1303 3504 1559 3576 quoniam
1610 3521 1709 3577 per
1753 3506 1963 3576 scipsos
2005 3504 2133 3559 dum

539 3608 912 3671 quaeruntur,
971 3600 1104 3655 nihil
1156 3598 1302 3655 aliud
1358 3600 1412 3656 in
1464 3600 1546 3655 eis
1595 3598 1869 3653 invenitur
1915 3606 2136 3668 praeter

541 3678 726 3743 licitae
782 3698 838 3744 et
892 3689 1159 3744 naturalis
1208 3687 1503 3744 voluntatis
1557 3689 1916 3759 privationem
1970 3694 2137 3755 atque

540 3782 836 3837 defectum.
890 3780 1031 3838 MAG.
1079 3779 1255 3836 Omne
1302 3781 1510 3851 itaque,
1556 3779 1701 3849 quod
1723 3778 1998 3849 corrumpi
2026 3764 2133 3832 non

542 3884 721 3947 potest
752 3873 794 3939 ³,
829 3872 1008 3944 puniri
1045 3887 1205 3944 posse
1236 3873 1375 3928 ratio
1417 3886 1521 3926 non
1551 3872 1711 3934 sinit;
1742 3886 1904 3925 omne
1930 3880 2133 3933 autem,

539 3966 685 4037 quod
732 3979 799 4019 ex
845 3980 952 4018 una
984 3963 1228 4019 omnium
1263 3979 1423 4019 causa
1460 3964 1659 4019 factum
1717 3972 1824 4024 est.
1853 3963 2140 4031 incorrup-

476 4044 479 4047 ’
543 4054 692 4109 tibile
746 4068 869 4109 esse
927 4068 1152 4108 necesse
1206 4063 1308 4109 est.
1375 4053 1549 4109 Omne
1611 4053 1797 4121 igitur,
1856 4053 2001 4122 quod
2068 4066 2137 4107 ex

542 4161 647 4201 una
688 4146 931 4200 omnium
980 4160 1145 4201 causa
1178 4144 1381 4202 factum
1422 4154 1525 4209 est,
1563 4160 1769 4216 poenas
1798 4147 1906 4214 pati
1935 4147 2136 4216 impos-

514 4236 697 4297 ‘siliile
721 4248 826 4294 est.
860 4238 1033 4293 Porro
1081 4239 1125 4293 si
1162 4239 1451 4309 impiorum
1497 4237 1760 4309 supplicia
1805 4236 1989 4291 futura
2016 4251 2139 4293 esse

541 4327 723 4384 divina
772 4339 1001 4384 testatur
1046 4330 1364 4392 auctoritas,
1414 4343 1557 4398 quae
1603 4328 1750 4384 nullo
1802 4329 1959 4383 modo
1999 4327 2136 4383 fallit

2234 3135 2339 3191 erit
2363 3143 2417 3190 et
2446 3136 2667 3206 impius,
2699 3136 2917 3207 quando
2958 3135 3218 3192 falsorum
3255 3137 3479 3195 deorum
3504 3139 3682 3195 cultus
3701 3154 3821 3196 om-

2234 3228 2366 3285 nino
2383 3228 2752 3299 extinguetur,
2777 3235 2834 3283 et
2860 3243 2999 3282 unus
3023 3226 3166 3284 Deus
3186 3229 3257 3285 ab
3286 3231 3535 3287 omnibus
3562 3231 3751 3287 electis
3773 3221 3828 3285 ct

2238 3321 2484 3391 reprobis
2508 3321 2559 3376 in
2582 3320 2834 3375 omnibus
2853 3322 3244 3391 eognoscetur?
3267 3320 3531 3391 lniquitas
3556 3323 3825 3392 quomodo

2235 3412 2479 3467 manebit
2503 3411 2570 3477 ⁸⁸,
2605 3411 2821 3481 quando
2850 3425 3008 3467 nemo
3040 3414 3181 3483 leges
3216 3412 3424 3468 divinas
3451 3395 3826 3483 praevaricare

2236 3504 2481 3575 poterit?
2519 3501 2588 3558 Et
2628 3503 2733 3559 hoc
2777 3504 3122 3573 apertissime
3166 3505 3348 3560 divina
3395 3505 3637 3560 declarat
3679 3506 3825 3560 Serio

2236 3606 2417 3666 plura,
2463 3608 2605 3664 quae
2651 3593 2822 3649 dicit:
2858 3593 3119 3664 Deﬁcmnt
3167 3604 3465 3666 peccatores
3510 3613 3542 3655 α
3582 3606 3745 3659 terra,
3775 3606 3823 3650 et

2236 3685 2429 3757 iniqui,
2478 3686 2555 3739 ita
2604 3694 2660 3738 ut
2702 3700 2805 3738 non
2832 3688 2955 3737 sint.
2988 3685 3107 3749 ,Non
3137 3686 3281 3740 enim
3310 3686 3667 3741 substantiam
3705 3686 3825 3739 illo-

2238 3792 2383 3839 rum,
2426 3774 2523 3832 sed
2570 3784 2855 3847 peccatum
2898 3785 2954 3831 et
3002 3777 3342 3848 iniquitatem
3385 3777 3661 3833 defectura
3705 3794 3826 3833 esse

2216 3871 2568 3929 credendum
2632 3879 2719 3927 est
2763 3889 2777 3926 :
2825 3878 2880 3927 et
2928 3872 3069 3941 quod
3130 3873 3317 3927 beatus
3357 3870 3726 3951 Hieronymus
3773 3875 3827 3931 in
3900 3948 3903 3951 _

2237 3964 2574 4035 expositione
2634 3963 2897 4019 ‘Ezecbiel
2959 3964 3027 4019 ab
3090 3964 3225 4019 Isaia
3284 3966 3540 4035 propheta
3606 3967 3674 4019 de
3736 3983 3827 4036 ge—
3886 3961 3899 3970 ’

2238 4058 2409 4116 nerali
2460 4060 2629 4114 totius
2688 4059 2959 4114 humanae
3019 4070 3243 4113 naturae
3305 4061 3621 4130 purgatidne
3677 4062 3718 4092 ¹¹
3774 4063 3867 4114 iu‘

2238 4153 2408 4225 ﬁgura
2446 4150 2746 4208 Jerusalem
2778 4150 3113 4207 introduxit:
3149 4149 3522 4219 Sauctaﬁrabo,
3561 4151 3823 4221 inquit",

2238 4265 2353 4302 nm
2382 4249 2435 4302 in
2467 4249 2582 4317 igne
2620 4248 2857 4312 ardente,
2890 4255 2934 4300 et
2972 4246 3235 4300 decumbit
3264 4247 3399 4297 sicut
3428 4243 3640 4312 foenum
3666 4253 3828 4299 mate-

2240 4342 2390 4395 riem.
2428 4340 2694 4407 Quoniam
2738 4340 2791 4394 in
2824 4340 2940 4410 ipso
2973 4338 3091 4394 loco
3120 4338 3407 4408 dupliciter
3438 4336 3718 4391 materiem
3748 4338 3828 4391 in-
3918 4372 3923 4377 -

500 4436 517 4477 Γ
542 4419 627 4475 νει
669 4401 895 4486 fallitur,
935 4422 1207 4492 sequitur.
1246 4430 1303 4476 ut
1334 4423 1386 4475 in
1420 4420 1623 4491 aliqua.
1646 4421 1792 4491 quod
1821 4437 1887 4475 ex
1916 4423 2027 4477 Deo
2056 4420 2132 4476 τε·
2163 4398 2211 4458 D
2242 4398 2819 4501 telligiiuuswutenim
2838 4398 3094 4485 materies
3118 4398 3547 4497 informis,quae
3566 4428 3632 4482 de
3652 4425 3855 4482 nihilo-

540 4530 687 4569 Ctutn
712 4524 817 4579 est,
860 4513 1086 4583 ideoque
1110 4514 1129 4544 δ
1162 4529 1267 4570 non
1295 4515 1519 4569 abusive
1546 4516 1747 4570 dicitur
1768 4529 1907 4580 esse,
1931 4524 1984 4569 et
2012 4529 2131 4584 pre-

472 4620 476 4625 '
541 4606 791 4663 babiliter
831 4605 1172 4661 concluditur
1218 4605 1569 4675 impassibile,
1600 4606 2131 4677 corruptiones-poe-

529 4712 747 4767 .nasque
766 4694 952 4766 'atquc
990 4695 1251 4765 supplicia
1280 4696 1601 4757 constituas,
1660 4705 1714 4750 et
1744 4697 1809 4749 ad
1838 4696 1910 4759 id,
1938 4697 2003 4750 de
2024 4684 2131 4764 quo

542 4789 814 4844 haesitare
840 4787 1130 4851 videbaris,
1163 4787 1462 4856 intrepidus
1494 4790 1708 4852 redeas,
1732 4797 1788 4843 et
1815 4789 2132 4846 incunctan.

546 4892 625 4933 ter
649 4877 815 4941 (liras,
849 4881 1188 4935 solummodo
1212 4895 1370 4949 posse
1391 4882 1597 4950 puniri,
1632 4880 1775 4949 quod
1807 4896 1912 4933 non
1940 4891 2044 4945 est,
2076 4882 2129 4934 in

543 4980 630 5034 eo.
675 4973 817 5042 quod
858 4984 961 5037 est,
1004 4974 1105 5027 hoc
1135 4982 1221 5028 est
1260 4989 1573 5044 perversam
1616 4974 1970 5038 voluntatem,
1994 4986 2135 5043 quae

542 5066 761 5135 penitus
807 5064 1183 5120 substantialis
1218 5079 1324 5119 non
1357 5075 1460 5131 est,
1513 5066 1567 5119 in
1610 5064 2131 5134 pltantasiis‘rerum

544 5158 907 5222 sensibilium,
955 5174 1097 5228 quae
1136 5160 1388 5215 videlicet
1423 5168 1445 5199 ³
1476 5159 1819 5231 pliantasiae,
1876 5158 2130 5228 quoniam

546 5254 613 5303 de
643 5250 980 5305 naturalibus
1011 5249 1202 5307 foratis
1227 5254 1283 5305 in
1310 5249 1570 5307 memoria
1596 5251 1992 5321 exprimuntur,
2025 5264 2129 5304 non

2236 4521 2380 4576 iacta
2420 4532 2524 4587 est,
2572 4532 2626 4577 et
2665 4535 2731 4576 ex
2770 4536 2874 4590 qua
2918 4521 3231 4576 diversitate
3270 4519 3567 4575 formarum
3597 4520 3698 4575 sibi
3732 4518 3828 4573 ad-

2229 4613 2421 4683 juncta
2446 4600 2604 4681 hujus
2627 4612 2811 4667 mundi
2850 4612 3121 4667 sensibilis
3156 4613 3500 4680 componitur
3528 4619 3825 4675 structura,

2236 4704 2598 4775 signiﬁcatur,
2628 4720 2769 4774 quae
2798 4705 3047 4760 videlicet
3075 4690 3302 4759 materia
3330 4705 3471 4757 sicut
3494 4701 3710 4758 foenum
3737 4719 3827 4758 ar-

2237 4792 2409 4858 debit,
2433 4795 2650 4864 quando
2672 4793 3121 4856 sanctiliCabitur,
3147 4794 3199 4848 id
3226 4801 3329 4856 est,
3353 4793 3673 4862 purgabitur
3705 4792 3755 4845 in
3783 4793 3827 4823 "

2243 4885 2359 4953 ipsa
2395 4895 2589 4938 natura
2629 4883 2693 4936 ad
2725 4884 3012 4954 imaginem
3045 4882 3134 4937 Dei
3188 4881 3351 4945 facta,
3383 4884 3453 4935 ita
3490 4880 3641 4935 utnil
3680 4882 3732 4934 in
3764 4899 3827 4956 ea

2244 4978 2545 5041 materiale,
2573 4976 2656 5031 vel
2689 4976 3003 5045 temporale,
3034 4974 3115 5027 vel
3143 4985 3441 5040 terrenum,
3482 4972 3569 5027 vel
3594 4970 3826 5038 visibilc,
3888 5008 3891 5011 -

2241 5068 2325 5122 vel
2386 5068 2757 5123 transitorium
2810 5068 3133 5123 matabileve
3202 5074 3516 5127 remaneat,
3569 5068 3827 5136 quoniam

2239 5161 2466 5238 omnino
2534 5161 2589 5215 in
2654 5160 2989 5229 spiritualem
3066 5169 3312 5213 vertetur
3365 5157 3717 5213 stabilitatem
3770 5165 3828 5213 et

2241 5251 2710 5316 uniformitatcm;
2747 5260 2842 5305 aut
2868 5258 3187 5305 cunctorum
3235 5249 3490 5302 vitiorum
3520 5257 3573 5303 et
3605 5245 3831 5302 tualefao

1842 5360 2097 5420 VARIAE
2136 5361 2547 5420 LECTIONES.

559 5478 1107 5566 ξιλνέορτεςεαιενη
1136 5496 1373 5566 rem;
1403 5494 1442 5566 ,ε
1475 5481 1567 5564 Sic
1598 5480 1715 5566 cr;
1746 5485 1793 5566 ξι
1823 5480 2164 5566 τιάμείρεαηι.
2240 5482 2333 5538 Ἀ
2361 5498 2533 5566 ηοιειε

595 5547 685 5606 Sic
714 5547 832 5625 tiF;
860 5549 904 5604 Α
930 5551 1272 5625 impossibile.
1347 5556 1365 5587 ⁷
1390 5555 1431 5608 Α
1458 5554 1559 5609 erit
1591 5556 1819 5608 malitia.
1894 5553 1917 5587 ⁸
1938 5547 2182 5609 creatura
2212 5568 2323 5625 oin.
2355 5554 2425 5605 Α.
2512 5558 2539 5625 ε
2560 5554 2602 5607 Λ
2637 5553 2890 5625 Impietas
2914 5547 3110 5608 durem.

544 5621 852 5692 purgatione
871 5624 1032 5675 totius
1059 5621 1319 5677 huuunme
1347 5635 1588 5678 naturae.
1665 5626 1708 5657 "
1741 5625 1909 5695 inquit
1933 5639 2044 5682 om.
2071 5626 2111 5680 Α
2214 5621 2254 5655 ¹³
2289 5622 2348 5676 iit
2372 5631 2488 5677 om.
2514 5622 2579 5678 Α.

2628 5482 2650 5513 ⁸
2676 5485 2718 5539 Α
2763 5485 2878 5538 ideo
2930 5485 3081 5555 (-que
3112 5486 3243 5551 om.)
3317 5489 3338 5522 ³
3365 5480 3591 5536 νὶᾰσίἱιοοι
3621 5494 3726 5531 om.
3760 5479 3800 5534 Α

2637 5553 2890 5607 lmnietns
2914 5572 3110 5607 autem.
3191 5555 3231 5584 ¹⁶
3260 5555 3301 5607 Α
3330 5553 3628 5606 renumeret.
3708 5553 3745 5575 "
3778 5551 3823 5605 Δ

3260 5568 3301 5608 :1
3330 5568 3610 5606 renumeret
3620 5593 3628 5601 .
