4210 6238
587 234 696 300 985

1963 247 2254 338 tonsis
2292 253 2491 312 SCO'l‘l

3691 245 3862 340 ⁴πει

589 364 919 423 naturalium
970 381 1152 422 rerum
1203 366 1500 425 similitudo
1528 365 1600 422 sit
1643 366 1857 424 animae
1893 368 2172 440 impressa,
2204 376 2252 436 Α
2285 381 2367 429 tcr
2414 387 2604 428 verum
2666 343 3052 434 et’rcritatem
3080 415 3095 440 ,
3147 373 3200 432 iu
3257 381 3520 446 quantum
3576 374 3863 445 unicuique

588 472 708 524 cur,
745 458 887 529 quod
923 474 991 513 ex
1023 468 1217 514 natura
1259 458 1522 530 procedit,
1571 457 1789 516 veritati
1839 459 2175 517 contrarium

583 550 940 624 judicaretur,
974 566 1095 606 cum
1128 551 1270 606 nulla
1303 560 1497 607 natura
1523 551 1741 608 veritati
1773 553 2178 610 eontrarietatis

538 677 548 685 ς
587 640 802 696 ratione
829 641 1094 698 obsistat?
1125 641 1191 697 Et
1220 642 1322 720 hoc
1356 642 1620 714 approbat
1651 657 1780 700 vera
1825 643 1988 710 ratio,
2036 657 2176 714 quae

590 729 901 809 ﬁrmissime
927 732 1144 799 astruit,
1192 733 1393 789 nullam
1420 731 1760 809 phantasiam
1806 735 1872 791 de
1900 751 1982 800 eo,
2031 737 2174 806 quod

589 806 733 880 intra
764 833 1084 881 naturarum
1119 840 1402 881 numerum
1423 806 1536 881 non
1567 825 1899 892 continetur,
1931 842 2092 900 posse
2119 827 2174 883 in

585 918 838 974 sensibus
864 933 960 974 seu
991 919 1257 974 memoria
1283 917 1535 994 exprimi.
1562 919 1734 977 Omne
1765 919 1986 993 quippe,
2031 922 2180 992 qqu

587 1009 808 1065 omnino
831 1017 982 1064 caret
1002 1007 1311 1064 substantia
1350 1019 1405 1066 et
1432 1008 1610 1066 l‘orma
1639 1019 1696 1066 et
1720 1010 2005 1082 qualitate,
2031 1010 2176 1066 nulla

587 1111 768 1172 potest
795 1101 1076 1174 itnaginari
1105 1101 1457 1158 similitudine
1479 1118 1576 1161 seu
1605 1104 1962 1176 apparitione,
1985 1120 2050 1159 ac
2079 1120 2178 1176 per

587 1193 692 1248 hoc
720 1191 864 1248 nulla
897 1192 1206 1262 phantasia.
1238 1192 1521 1266 Siquidem
1548 1195 1892 1266 phantasiae,
1941 1212 2080 1267 quae
2109 1200 2177 1253 de

585 1286 738 1342 falsis
762 1286 1008 1356 lii-lisque
1037 1284 1359 1360 corporibus
1383 1286 1780 1342 immumlorum
1807 1286 2094 1360 Spiritutnn
2121 1289 2180 1345 in

589 1376 845 1433 seruilius
875 1376 1184 1440 hominum,
1222 1391 1359 1448 quos
1385 1376 1672 1444 deludunt,
1701 1375 2025 1450 elligiantur,
2055 1395 2178 1434 um-

589 1470 714 1526 brae
743 1469 962 1542 preprie
996 1468 1348 1540 appellandae
1392 1479 1542 1535 sunt,
1581 1485 1687 1524 non
1729 1481 1911 1525 autent
1947 1470 2178 1540 phuma-

583 1561 719 1616 siae.
783 1561 930 1618 Dtsc.
982 1557 1273 1616 Phantasia
1326 1560 1490 1630 igitur
1529 1547 1749 1631 aliquod
1802 1559 2002 1616 bunum
2051 1569 2176 1626 est,

582 1653 840 1723 quoniam
892 1651 1221 1706 naturalium
1277 1665 1461 1706 rerum
1507 1650 1826 1722 ituugiitatio
1877 1661 1979 1708 est.
2033 1651 2174 1708 .llso.

2277 465 2573 522 electorum
2588 464 2746 536 juxta
2770 464 3084 523 donationis
3097 481 3234 524 suae
3262 465 3600 528 altitudinem
3623 480 3862 525 contem-

2275 556 2411 628 plari
2453 572 2572 612 eam
2610 557 2974 626 permittetur.
3025 553 3286 623 Quamvis
3327 556 3470 612 cnim
3519 572 3628 613 non
3673 557 3860 615 eodem

2277 647 2456 711 modo,
2506 647 2602 703 sed
2648 647 3005 719 multiplicius
3034 647 3088 703 in
3122 647 3386 704 inﬁnitum
3437 649 3741 705 divinarum
3782 654 3862 712 vi-

2275 734 2486 789 sionum
2511 734 2922 796 aseeusionibus
2946 743 3001 789 et
3022 732 3465 790 descensionihus
3506 745 3563 811 et.
3579 735 3605 762 θ
3620 733 3789 807 jnstis
3806 744 3862 792 et

2275 826 2498 900 ittjustis
2549 813 2605 859 η
2653 825 2961 899 apparebit,
3001 825 3259 881 omnibus
3309 833 3490 880 tamen
3539 825 3868 896 apparebit,

2275 919 2495 990 quando
2525 916 2579 972 in
2612 917 2868 972 mamilius
2895 914 3128 984 haustis,
3156 915 3560 988 solaiujustitio
3591 917 3778 988 punita
3805 926 3862 972 et

2275 1009 2618 1081 interempta,
2647 1007 2764 1078 ipsa
2791 1003 3022 1078 purga‘ta
3065 1015 3120 1062 et
3166 1005 3489 1066 intemerata
3520 1003 3864 1082 'reliuquitur

2279 1112 2490 1164 natura,
2522 1099 2575 1154 in
2625 1086 2770 1169 ipsos
2804 1098 3026 1170 gradus,
3072 1097 3142 1154 de
3185 1096 3383 1170 quibus
3429 1101 3707 1169 peccando
3739 1114 3864 1154 cor-

2278 1199 2484 1255 ruerat,
2519 1203 2826 1250 reversum.
2860 1190 2938 1246 De
2967 1205 3076 1260 quo
3099 1189 3276 1250 reditu
3295 1191 3444 1262 quod
3467 1200 3661 1258 restat,
3685 1192 3866 1255 discu-

2236 1299 2240 1302 ·
2279 1285 2444 1342 tirudi
2473 1293 2686 1354 tempus
2706 1292 2816 1339 est.
2850 1283 2998 1340 Disc.
3021 1281 3260 1351 Tempus
3282 1282 3460 1354 plane.
3491 1281 3650 1346 Prius
3681 1292 3862 1342 tamen

2279 1375 2503 1432 noscere
2536 1373 2717 1440 Velim,
2763 1373 3020 1445 quoniam
3067 1369 3154 1428 me
3182 1372 3339 1430 valde
3375 1374 3681 1447 perturbat,
3721 1390 3866 1446 quo-

2277 1469 2440 1522 modo
2476 1465 2806 1524 universitas
2846 1475 3170 1530 naturarum
3216 1464 3480 1529 omnium,
3509 1467 3555 1522 si
3598 1464 3653 1521 in
3693 1464 3865 1522 Deum

2279 1573 2561 1614 reversum
2590 1565 2707 1622 est,
2759 1555 2866 1636 ulla
2893 1554 3154 1627 supplicia
3180 1555 3324 1612 intra
3363 1571 3426 1612 se
3453 1555 3724 1612 contineri
3767 1570 3868 1626 pa.

2281 1649 2464 1704 lietur.
2495 1647 2612 1703 Non
2657 1648 2805 1704 enim
2832 1646 3154 1718 supplicium
3193 1646 3248 1701 in
3297 1647 3411 1703 Deo
3447 1661 3571 1704 esse
3603 1645 3870 1704 credibile

585 1743 718 1800 lilud
756 1756 957 1814 negare
987 1757 1092 1796 non
1121 1755 1344 1811 possum
1376 1755 1400 1796 τ
1425 1757 1588 1797 omne
1615 1739 1908 1813 siquidem,
1932 1743 2078 1813 quod
2097 1757 2168 1798 ex
2196 1741 2242 1800 B
2271 1746 2373 1798 cst'.
2413 1740 2558 1797 MAG.
2597 1742 2696 1797 Die
2721 1756 2950 1814 quaeso,
2999 1755 3130 1796 num
3175 1753 3360 1808 omne,
3393 1739 3537 1810 quod
3570 1737 3770 1796 inferni
3807 1746 3868 1796 et

586 1833 925 1892 naturalibus
951 1835 1131 1890 causis
1159 1831 1358 1901 oritur,
1388 1834 1594 1892 bonum
1636 1850 1762 1894 esse
1802 1850 1910 1890 non
1938 1835 2172 1905 denega-

583 1937 692 1982 tur.
728 1925 877 1982 Disc.
908 1926 1092 1982 Puiiiri
1122 1920 1255 1998 ergo
1300 1928 1500 1987 bonum
1537 1943 1700 2000 posse
1739 1929 1953 2001 cogeris
1987 1929 2167 1986 fateri.

585 2019 782 2080 llisisti
808 2018 975 2086 enim,
1006 2033 1188 2076 rerum
1212 2020 1588 2093 temporalium
1627 2023 1942 2092 phantasia:
1963 2023 2170 2097 supplic

585 2111 688 2168 ciis
729 2111 966 2178 aeternis
999 2127 1120 2167 esse
1153 2113 1171 2144 ί
1205 2111 1629 2169 distribuendos.
1666 2112 1808 2170 Illic.
1830 2112 2169 2172 Nullatenus.

583 2203 701 2259 Non
715 2203 864 2259 enim
881 2201 1016 2268 dixi,
1029 2203 1176 2273 ipsas
1194 2203 1510 2274 pbantasias
1522 2203 1799 2278 suppliciis
1819 2199 2115 2280 torquenda
2124 2221 2168 2271 s,

579 2296 678 2351 sed
702 2293 761 2353 iu
782 2293 916 2366 ipsis
945 2292 1346 2352 irrationabiles
1372 2305 1551 2351 motus
1579 2311 1962 2367 perversarum
1988 2295 2175 2350 volun-

583 2394 755 2441 tatum
775 2382 1054 2460 suppliciis
1080 2385 1316 2442 aeternis
1336 2386 1677 2459 subigendos.
1698 2386 2174 2444 Consideraiituus

582 2476 752 2542 enim,
779 2476 1054 2549 quodnon
1083 2485 1186 2541 est,
1213 2491 1320 2532 non
1349 2491 1508 2546 posse
1531 2475 1734 2548 puniri,
1777 2477 1882 2532 nisi
1912 2477 1966 2532 in
1989 2477 2172 2549 aliquo

585 2569 750 2632 bono,
779 2565 924 2636 quod
957 2577 1058 2620 est.
1091 2567 1234 2621 inse.
1269 2565 1617 2631 Recordaris,
1648 2576 1707 2623 ut
1734 2567 1950 2639 Opinor,
1980 2581 2172 2638 supra-

587 2657 1244 2722 dit-tae_ratiocinatiouis
1281 2669 1426 2724 tuae,
1471 2675 1578 2732 qua
1625 2652 2005 2716 incum-taliter
2043 2675 2173 2715 con-

581 2747 820 2812 clusisti,
860 2749 1182 2822 phantasias
1230 2765 1414 2806 rerum
1462 2750 1841 2822 temporalium
1881 2750 2172 2811 animabus

583 2840 803 2906 inlisas,
829 2841 948 2898 sive
975 2841 1028 2895 iu
1058 2830 1162 2896 hac
1198 2841 1328 2906 vita,
1354 2840 1472 2898 sive
1493 2845 1839 2912 postmodum
1874 2843 1928 2898 in
1975 2843 2168 2906 altera,

582 2935 809 2990 ouniiuo
830 2931 962 2988 nihil
983 2947 1138 3000 esse;
1167 2933 1398 3006 ideoque
1417 2935 1440 2965 ¹
1465 2935 1517 2989 in
1559 2934 1642 2990 eis
1666 2950 1956 3011 perversae
1983 2935 2172 2991 volnu-

585 3033 724 3079 tates
747 3023 1066 3094 puniuntur,
1097 3024 1374 3098 quoniam,
1409 3040 1534 3082 cum
1577 3025 1963 3097 comprehendi
2005 3040 2169 3099 90530

2267 1833 2658 1905 suppliciorum
2708 1833 2932 1891 nomine
2987 1817 3278 1898 vocitatur,
3327 1837 3414 1886 est
3457 1844 3529 1885 an
3577 1844 3686 1886 non
3735 1829 3868 1886 est?

2269 1927 2416 1988 Disc.
2463 1927 2692 1984 Coartor
2743 1927 3004 2000 undique.
3058 1926 3117 1983 Si
3149 1927 3296 1984 enim
3340 1925 3532 1983 dixero
3572 1935 3678 1992 est,
3726 1939 3865 1982 con-

2271 2018 2450 2076 festim
2478 2019 2520 2050 ἰ
2550 2018 2795 2081 dicturus
2821 2019 2951 2084 eris,
2992 2017 3122 2090 quid
3155 2016 3352 2074 mirum
3382 2017 3478 2078 tibi
3527 2017 3760 2080 videtur,
3793 2015 3864 2080 si,

2272 2111 2418 2182 quod
2443 2120 2548 2175 est,
2569 2111 2626 2166 in
2655 2127 2800 2175 eum,
2835 2127 2866 2164 a
2896 2125 3006 2193 quo
3033 2119 3163 2168 sunt
3207 2110 3390 2166 omnia
3409 2150 3426 2177 ,
3459 2107 3607 2168 inter
3649 2117 3860 2172 cetera,

2271 2221 2411 2278 quae
2441 2216 2588 2274 sunt,
2637 2221 2982 2262 reversurum
3027 2206 3142 2262 sit!
3169 2204 3266 2263 Sin
3301 2215 3484 2263 autem
3511 2207 3716 2269 dixero,
3750 2221 3863 2261 non

2271 2309 2379 2363 est,
2413 2291 2787 2370 respondebis,
2817 2314 2916 2358 cur
2942 2307 3224 2371 computus
3239 2298 3383 2355 inter
3401 2297 3608 2362 omnia,
3635 2311 3778 2368 quae
3805 2297 3861 2352 in

2268 2391 2441 2446 Donni
2472 2405 2755 2450 reversuro
2795 2399 2942 2456 sunt,
2975 2388 3048 2454 id,
3081 2389 3229 2460 quod
3267 2403 3376 2448 non
3411 2388 3532 2446 est?
3565 2389 3632 2445 Ει
3659 2388 3862 2445 iterum

2271 2482 2317 2539 si
2341 2483 2563 2548 dedero,
2593 2497 2774 2550 omne,
2815 2483 2960 2554 quod
3000 2481 3199 2538 inferni
3234 2480 3456 2537 nomine
3499 2479 3860 2553 signiﬁcatur.

2271 2586 2424 2632 extra
2467 2575 2879 2639 universitatem
2929 2589 3070 2641 esse,
3103 2574 3310 2647 absque
3349 2589 3502 2630 mora
3541 2572 3858 2638 concludar,

2267 2667 2416 2721 omni
2454 2667 2663 2722 ratione
2701 2668 2972 2731 desertus,
3001 2665 3313 2735 invitusque
3341 2679 3507 2736 cogar
3537 2661 3715 2728 lateri,
3749 2679 3859 2720 non

2268 2772 2391 2812 esse
2419 2757 2636 2819 mirum,
2665 2757 2807 2826 quod
2850 2757 2991 2812 intra
3019 2772 3106 2822 ea,
3135 2771 3278 2828 quae
3314 2765 3444 2817 sunt
3481 2756 3539 2811 in
3577 2754 3707 2821 Deo,
3746 2769 3858 2811 non

2267 2859 2374 2916 est,
2401 2847 2541 2904 intra
2569 2848 2745 2921 ipsum
2769 2864 2985 2922 quoque
3012 2848 3184 2906 Deum
3229 2865 3336 2910 non
3367 2863 3517 2915 esse;
3549 2859 3603 2904 et
3645 2849 3861 2908 deride-

2269 2941 2349 2996 bit
2377 2957 2466 2996 ine
2524 2943 2683 3004 ratio,
2737 2958 2878 3014 quae
2924 2942 3304 3002 incunctanter
3347 2943 3642 3012 praedicat,
3698 2951 3857 2997 extra

2270 3029 2438 3086 Deum
2465 3039 2518 3085 et
2547 3031 2955 3089 universitatem
2984 3036 3140 3088 abeo
3167 3033 3444 3088 conditam
3469 3033 3606 3088 nihil
3640 3041 3787 3088 recte
3815 3033 3858 3068 "

581 3116 640 3173 in
674 3115 862 3185 aliquo
905 3097 1182 3186 putantur.
1236 3112 1449 3186 fugiunt
1473 3130 1535 3173 se
1581 3097 2039 3188 compfehendere
2066 3133 2164 3170 (-u-
2193 3097 2239 3160 (ἶ
2269 3124 2494 3196 cogitari
2529 3124 2610 3178 vel
2639 3125 2867 3199 intelligi
2905 3136 3082 3196 posse.
3115 3124 3288 3182 Omne
3308 3127 3480 3192 enim,
3506 3126 3652 3198 quod
3687 3135 3771 3186 cst
3799 3135 3858 3186 ct

584 3207 810 3278 pientes,
865 3215 921 3260 et
966 3213 1319 3260 evanescunt.
1370 3204 1512 3262 HAG.
1565 3205 1874 3273 Rectirdor;
1929 3222 2031 3263 nec
2078 3221 2168 3264 me

541 3346 543 3348 .
583 3296 829 3370 pontitet
860 3297 987 3353 talia
1027 3297 1252 3361 dixisse,
1285 3298 1541 3368 quoniam
1571 3297 1886 3369 phantasias
1910 3299 2165 3354 substan~

585 3387 715 3444 tiain
782 3390 983 3446 bonum
1036 3403 1146 3446 non
1187 3375 1480 3444 omnino"
1523 3389 1668 3456 dixi,
1721 3392 2168 3455 substantialibus

582 3493 769 3540 autent
815 3484 974 3539 bouis
1005 3481 1024 3514 δ
1048 3483 1370 3550 adhaerere,
1399 3494 1453 3538 et
1486 3499 1554 3538 ex
1585 3484 1666 3540 eis
1693 3484 1842 3562 nasci
1865 3484 2168 3541 indubitan-

585 3587 670 3639 ter
694 3575 938 3654 probavi.
984 3574 1051 3632 Ει
1075 3563 1190 3631 sive
1236 3577 1292 3632 in
1317 3575 1397 3632 eis
1429 3578 1717 3648 impiorum
1741 3577 2024 3650 supplicia,
2053 3578 2168 3650 sive

575 3668 849 3743 jastortim
874 3666 1120 3738 praemia
1149 3666 1527 3739 disponentur,
1569 3667 1768 3738 ubique
1791 3678 1972 3724 tamen
1997 3669 2168 3724 bonas

581 3779 707 3820 csse
746 3778 852 3820 non
897 3760 1136 3819 dubitari
1188 3772 1455 3823 asserere,
1500 3759 1753 3830 quoniam
1784 3769 1840 3814 et
1882 3754 2167 3830 beatorum

587 3852 847 3918 felicitas,
877 3865 1017 3926 quae
1038 3851 1098 3909 in
1122 3850 1578 3923 contemplatione
1605 3851 1852 3906 veritatis
1881 3850 2167 3906 constitui-

584 3955 696 4009 tur,
729 3944 784 4001 in
808 3943 1134 4018 phantasiis,
1161 3957 1300 4016 quas
1324 3953 1545 4014 propter
1577 3941 1938 3998 dill'erentiani
1967 3941 1990 3975 ³
2035 3941 2169 3996 alia-

584 4054 708 4094 runt
756 4036 1164 4110 phantasiarunt
1209 4032 1443 4104 theologi
1484 4032 1840 4105 theopltanias
1874 4033 2164 4104 appellant,

587 4127 1082 4186 adniinistrahitur.
1109 4127 1228 4204 Ipse
1247 4126 1392 4183 Deus
1412 4123 1436 4160 '
1475 4125 1618 4180 enim
1646 4140 1741 4196 per
1766 4125 2001 4197 seipsunt
2033 4143 2168 4182 sem-

585 4234 684 4291 per
706 4216 990 4273 invisibilis
1022 4226 1103 4272 est
1133 4225 1184 4270 et
1219 4217 1346 4280 erit,
1372 4217 1465 4289 qui
1501 4216 1644 4271 solus
1672 4217 1826 4272 habet
1857 4217 2169 4293 inmortali-

585 4321 780 4372 tatem,
829 4317 878 4363 et
925 4307 1094 4378 luceat
1146 4307 1348 4362 habitat
1422 4308 1853 4366 inaccessibilem.
1905 4310 1980 4365 De
2028 4327 2094 4368 eu
2142 4309 2165 4344 ⁷

589 4411 792 4464 autem,
827 4400 970 4470 quod
1015 4398 1207 4454 falsum
1235 4406 1291 4454 el
1337 4395 1548 4455 falsitas
1590 4414 1698 4456 non
1747 4411 2007 4472 perpetuo
2051 4411 2108 4457 et
2141 4403 2166 4437 ⁸

588 4509 721 4548 vero
736 4502 792 4548 et
817 4489 1030 4547 veritati
1053 4499 1408 4560 opponentur,
1435 4505 1502 4544 ne
1523 4501 1813 4548 coaeterna
1831 4492 1961 4557 sint,
1989 4493 2166 4550 nullus
2191 4464 2244 4524 D

477 4591 507 4624 -‘
556 4585 806 4654 'sapiens
861 4582 1110 4637 dubitare
1163 4580 1342 4636 debet.
1401 4580 1532 4648 Quis
1575 4584 1719 4638 enim
1763 4581 1977 4638 futurae.
2025 4584 2167 4638 vitae

587 4687 791 4732 διειιυιιι
841 4673 1005 4730 rectis
1061 4671 1565 4730 ratiocinationibus
1608 4673 1889 4746 inquirens
1935 4676 2164 4734 dixerit.

589 4766 884 4823 fetiallttletll
911 4777 1035 4820 esse
1058 4762 1314 4827 litteram,
1343 4763 1561 4834 quando
1593 4766 1794 4821 vet-itas
1833 4767 1888 4823 in
1917 4770 2170 4825 omnibus

587 4859 886 4933 apparebit,
935 4869 992 4914 et
1034 4873 1197 4914 omne
1239 4855 1436 4914 falsum
1483 4873 1589 4914 non
1638 4859 1810 4915 solum
1863 4861 1931 4914 de
1973 4874 2166 4916 natura

589 4966 788 5012 rerum,
824 4965 1012 5004 rerum
1037 4949 1204 5005 etiam
1227 4947 1296 5006 de
1317 4949 1520 5023 judicio
1548 4952 1713 5006 totius
1743 4950 2082 5010 rationabilis
2113 4961 2170 5012 et

589 5040 969 5099 intellectualis
988 5052 1273 5098 creaturae
1302 5041 1612 5110 auferetur;
1641 5044 1731 5100 ubi
1752 5059 1912 5101 nemo
1935 5045 2090 5112 l'aliit,
2114 5059 2172 5104 et

589 5134 793 5190 fallitur
837 5150 1018 5200 nemo,
1062 5136 1188 5191 dum
1239 5145 1432 5192 natura
1468 5152 1650 5195 rerum
1693 5139 1747 5211 iu
1799 5156 1926 5196 suas
1971 5157 2169 5198 causis

2265 3218 2411 3288 quod
2458 3229 2566 3273 non
2613 3228 2718 3283 est,
2767 3218 3030 3274 (Zreatore
3072 3218 3314 3274 ambitur
3363 3228 3418 3274 et
3463 3228 3737 3274 creatura.
3787 3215 3854 3274 Si

2223 3381 2229 3386 _
2265 3321 2449 3367 autem
2471 3311 2681 3373 dixero,
2711 3309 2876 3375 intra,
2899 3319 3120 3366 coaetus
3155 3309 3386 3376 fatebor,
3422 3325 3529 3364 non
3561 3310 3736 3366 solum
3763 3323 3852 3374 ea,

2266 3422 2404 3479 quae
2436 3416 2581 3470 sunt,
2613 3419 2801 3460 verum
2829 3404 3014 3467 etiam,
3043 3416 3183 3472 quae
3220 3394 3328 3455 nhn
3371 3409 3518 3465 sunt,
3549 3399 3690 3456 intra
3739 3411 3856 3454 ter-

2267 3497 2446 3555 minus
2494 3496 2709 3575 divinae
2763 3494 3026 3550 bonitath
3077 3500 3132 3547 ct
3171 3491 3420 3563 justitiae
3460 3501 3514 3545 et
3563 3491 3858 3564 providen-

2229 3641 2242 3651 .
2270 3593 2376 3648 tiae
2433 3601 2488 3648 ct
2534 3589 2724 3660 jndicii
2784 3587 3074 3644 contineri.
3128 3585 3246 3641 Non
3305 3585 3450 3641 enim
3511 3584 3857 3642 solummodo

2267 3699 2354 3750 ea,
2399 3699 2538 3753 quae
2573 3693 2736 3748 sunt,
2777 3696 2964 3738 verum
2991 3672 3168 3736 etiam
3199 3695 3302 3748 ea,
3353 3694 3492 3750 quae
3541 3693 3650 3734 non
3691 3690 3853 3744 sunt,

2269 3777 2384 3834 sive
2431 3793 2528 3846 per
2583 3773 3129 3856 supet'excellentiam
3177 3774 3316 3829 ultra
3372 3786 3590 3828 onmem
3642 3771 3857 3828 intelle-

2267 3878 2436 3930 ctum.
2464 3869 2578 3924 sive
2607 3886 2704 3940 per
2725 3869 3089 3939 privationem
3117 3883 3330 3933 eorum,
3363 3882 3504 3939 quae
3533 3876 3680 3933 sunt,
3711 3867 3852 3923 iulia

2269 3959 2472 4025 omnia,
2497 3973 2635 4030 quae
2663 3958 3036 4032 intelliguntur
3057 3974 3200 4026 esse,
3231 3959 3412 4014 divina
3445 3958 3648 4014 virtute
3675 3960 3851 4015 credi-

2270 4070 2390 4110 tnus
2423 4063 2475 4110 et
2507 4054 2858 4126 intelligimus
2879 4054 3265 4121 administrari,
3296 4063 3449 4111 extra
3473 4069 3637 4127 quam
3665 4069 3850 4122 omne,

2269 4147 2412 4218 quod
2443 4156 2524 4204 est
2551 4157 2604 4202 et
2639 4149 2781 4218 quod
2820 4161 2928 4202 non
2966 4155 3073 4214 est,
3117 4147 3299 4220 egredi
3348 4163 3451 4202 non
3481 4157 3677 4218 potest.
3716 4147 3853 4205 Nam

2269 4240 2470 4305 omnia,
2501 4255 2638 4310 quae
2679 4249 2831 4306 extra
2880 4241 3160 4298 beatorum
3199 4241 3444 4312 ordinem
3486 4238 3850 4312 expelluntur,

2268 4341 2422 4388 extra
2446 4330 2657 4386 divinas
2675 4331 2845 4402 leges,
2870 4330 3010 4386 intra
3045 4345 3180 4403 quas
3205 4329 3250 4362 "
3278 4311 3458 4384 omnia
3493 4329 3539 4362 “
3563 4311 3850 4388 continen-

2272 4433 2382 4490 tur,
2410 4424 2640 4480 evadere
2688 4439 2795 4477 non
2839 4430 3082 4492 possunt,
3131 4430 3186 4476 et
3229 4408 3366 4492 quae
3418 4437 3448 4476 a
3479 4421 3852 4493 superioribus

2268 4513 2549 4569 ordinibus
2607 4512 2824 4574 cadunt,
2880 4511 2937 4566 in
2986 4510 3267 4567 inferiores
3315 4511 3534 4567 ordines
3578 4511 3850 4578 decidere,

2271 4603 2434 4672 inque
2470 4604 2552 4660 eis
2578 4604 2804 4659 detineri
2844 4610 3126 4674 coguntur.
3168 4601 3358 4658 Omnis
3396 4611 3577 4658 autem
3622 4601 3667 4636 ¹³
3693 4604 3849 4668 ordo,
3897 4663 3902 4668 ,

2271 4694 2386 4748 sive
2409 4708 2650 4760 summus
2670 4709 2885 4748 sursum
2917 4707 3124 4756 versus,
3151 4695 3264 4748 sive
3291 4700 3570 4748 extremus
3597 4691 3849 4748 deorsum

2273 4797 2482 4847 versus,
2508 4781 2621 4838 sive
2647 4782 2876 4848 medius,
2895 4794 2950 4837 et
2970 4797 3000 4835 a
3029 4781 3138 4837 Deo
3156 4791 3238 4836 est
3263 4782 3607 4847 constitutus,
3629 4789 3686 4837 et
3705 4782 3850 4838 intra

2271 4891 2394 4932 eum
2419 4875 2736 4941 custoditur,
2766 4883 2922 4931 extra
2949 4891 3109 4946 quem
3141 4873 3276 4930 nihil
3299 4883 3407 4940 est,
3435 4883 3488 4928 et
3517 4875 3662 4929 intra
3687 4887 3859 4944 quem.

2270 4983 2452 5034 omne,
2481 4969 2625 5039 quod
2653 4977 2756 5035 est,
2801 4977 2856 5023 et
2879 4983 3061 5033 omne,
3090 4967 3234 5038 quod
3272 4982 3376 5022 non
3403 4974 3509 5032 est,
3541 4965 3774 5022 mirabili
3796 4973 3851 5021 et

2266 5059 2523 5114 incilitbiii
2571 5060 2730 5114 modo
2786 5057 3281 5130 comprehenditur.
3327 5059 3454 5114 Sive
3480 5071 3610 5128 ergo
3660 5057 3849 5115 dixero

2265 5149 2536 5206 infernam
2580 5159 2724 5218 esse,
2758 5152 2901 5221 quod
2939 5149 3228 5220 «Scriptura
3275 5151 3452 5206 divina
3511 5157 3738 5204 testatur
3782 5148 3844 5212 “,

586 5236 924 5296 revertetur;
961 5229 1014 5283 in
1046 5230 1241 5299 quibus
1269 5228 1347 5284 nil
1381 5230 1522 5284 aliud
1556 5232 1984 5288 considerabitur
2011 5253 2164 5307 prae-
2262 5243 2378 5298 sive
2404 5256 2671 5309 {gagatem
2720 5243 2773 5297 in
2805 5251 2998 5297 natura
3036 5257 3214 5298 rerum
3258 5256 3378 5298 esse
3407 5241 3474 5307 '7,
3512 5256 3711 5312 negare
3740 5256 3864 5315 nou.

1870 5380 2123 5436 VARlAiC
2160 5381 2563 5440 LECTlONES.

659 5474 812 5532 ‘esse
843 5487 952 5526 om.
977 5472 1080 5527 (1F.
1171 5478 1194 5508 ν
1231 5473 1272 5527 Α
1303 5474 1435 5528 ideo.

585 5545 799 5604 rentius.
879 5545 901 5574 ⁸
941 5542 1083 5598 Deus
1112 5561 1220 5598 otu.
1253 5541 1356 5600 CF.
1461 5545 1480 5576 ⁷
1518 5547 1563 5602 Δ
1593 5548 1723 5601 Dico
1752 5561 1948 5602 autem.

547 5638 558 5650 -
583 5621 630 5668 Δ
665 5613 956 5669 confestim
1000 5626 1110 5668 tum
1151 5614 1395 5680 dicturos
1427 5619 1562 5670 eris.
1633 5621 1676 5659 ‘I
1712 5631 1847 5672 recte
1874 5639 1960 5674 um
2011 5623 2076 5675 Λ.

588 5691 807 5740 testatur
831 5685 1034 5740 dirius.
1109 5686 1150 5719 ³⁷
1180 5683 1271 5780 ξὶα
1309 5683 1432 5754 CI";
1465 5693 1509 5742 Α
1572 5696 1663 5742 Ion
1709 5703 1831 5744 esse

1532 5475 1554 5507 ³
1584 5475 1674 5529 Sic.
1699 5476 1814 5537 CF;
1845 5478 1884 5530 Α
1920 5496 2024 5533 non
2056 5497 2168 5542 csse
2193 5483 2433 5538 cumino.

2027 5552 2048 5581 ⁸
2087 5560 2133 5604 ιιι
2160 5568 2267 5604 ont.
2295 5556 2358 5606 Α.

2178 5623 2223 5653 ³³
2250 5625 2292 5677 Α
2327 5625 2379 5678 in
2405 5626 2606 5696 ξίμιὲιοιέδ
2710 5625 2750 5657 ⁸

2541 5482 2559 5516 ⁸
2597 5483 2690 5539 Sic
2719 5483 2833 5550 CF;
2875 5483 2919 5539 Α
2955 5485 3166 5538 bonum.

3263 5485 3284 5515 ⁸
3325 5483 3414 5539 Sic
3443 5481 3561 5549 CF;
3614 5483 3652 5538 Δ
3695 5483 3848 5549 dim-

2435 5552 2455 5585 ³
2494 5564 2542 5608 ct
2571 5571 2681 5609 om.
2715 5559 2777 5608 Α.
2856 5555 2898 5586 ³⁸
2939 5556 3028 5610 Sir
3057 5555 3160 5617 (2F;
3193 5555 3234 5608 Α
3272 5556 3468 5624 impiis.
3550 5555 3587 5586 “
3627 5553 3718 5609 Sic
3738 5552 3842 5614 CF;

2791 5628 2963 5680 omnia
3011 5643 3120 5682 om.
3149 5627 3217 5682 Α.
3315 5628 3356 5662 ’⁸
3391 5627 3431 5680 Α
3478 5625 3638 5680 enim.
3729 5624 3844 5680 "A
