4210 6210
457 173 562 240 9εὸ

1289 165 1378 230 DE
1417 161 1758 228 DlVlSlONE
1797 159 2150 237 NATURAE.
2193 199 2260 208 -—-
2303 165 2506 224 LIBER
2541 159 2863 236 QUINTUS.

3610 155 3714 212 956

455 297 662 368 patore.
689 291 830 347 intra
857 303 942 356 ea,
971 304 1108 360 quae
1131 289 1183 344 in
1213 289 1382 346 Deum
1413 302 1698 346 reversuro
1726 295 1876 352 sunt,
1906 301 2034 340 ron-
2063 285 2108 346 Α
2139 297 2354 339 sensum
2383 283 2710 340 acutissimis
2735 277 3086 339 rationabilis
3123 277 3288 336 animi
3326 277 3602 348 obtutibus
3633 294 3722 334 vc-

457 382 640 446 tiuori,
680 383 920 454 ipsoque,
967 381 1056 454 qui
1087 381 1268 436 omnia
1313 381 1504 440 ambit,
1533 378 1749 444 ambiri,
1782 389 1836 434 et
1883 389 2034 432 extra

457 481 620 542 quem
648 473 782 530 nihil
813 481 988 544 potest
1022 471 1102 528 vel
1140 473 1401 544 cogitari,
1432 470 1516 528 vel
1547 469 1732 536 credi,
1765 469 1846 526 vel
1875 469 2036 526 intel-

458 561 568 634 ligi,
598 565 914 632 praesertim
957 565 1082 618 dum
1127 564 1446 618 inconcusse
1487 561 1755 631 intelligo,
1787 560 2035 614 tenebras

457 653 598 707 intra
639 653 812 708 lucem
869 655 886 686 ‘
935 655 1224 720 contineri,
1279 641 1550 709 silentium
1594 655 1732 706 intra
1774 651 2032 728 sonitum,

457 745 701 800 umbram
733 746 870 799 intra
899 761 1114 818 corpus,
1163 755 1450 814 ceteraque
1483 743 1698 808 similia,
1729 757 1878 814 quae
1907 757 2036 795 rau-

455 839 546 888 sa's
573 851 699 888 suas
729 835 782 888 in
811 835 915 898 bis,
947 835 1140 904 quibus
1165 849 1196 888 e
1231 833 1501 889 contrario
1527 833 1872 902 respondent,
1901 849 2034 886 con-

454 931 700 982 stituunt.
741 928 866 984 Sive
914 931 1058 983 enim
1111 929 1354 990 absentia
1401 943 1580 984 renum
1627 926 1755 991 sint,
1802 926 1912 980 sive.
1943 927 2035 980 de-

454 1021 628 1090 fectus
649 1030 700 1078 et
731 1023 1084 1092 privationes,
1129 1023 1245 1076 sive
1281 1021 1522 1092 opposita
1554 1032 1716 1090 atque
1737 1019 2032 1085 contraria,

455 1111 657 1181 absque
705 1111 814 1176 his,
861 1127 1090 1182 quarunt
1121 1112 1414 1170 absentiae.
1468 1109 1726 1170 defectus.
1777 1109 2032 1180 privatio-

453 1215 572 1262 nes,
609 1201 980 1270 oppositiones
1011 1202 1052 1265 ³,
1077 1202 1487 1260 contrarietates
1513 1210 1657 1266 sunt,
1701 1199 1845 1254 nullo
1877 1203 2034 1254 tundo

453 1305 572 1348 esse
603 1291 822 1361 intelligi
863 1299 1104 1362 possunt.
1147 1291 1280 1348 Esse
1317 1301 1498 1350 autem
1545 1291 1664 1346 diro
1709 1306 1772 1370 ea
1802 1291 2030 1354 ratione,

453 1397 560 1454 qua
601 1398 706 1437 non
764 1383 936 1438 solum
973 1381 1360 1437 substantialia
1407 1392 1464 1435 et
1511 1381 1794 1446 naturalia,
1843 1395 2030 1438 verum

452 1475 638 1538 etimn,
687 1490 826 1545 quae
853 1475 933 1530 eis
971 1491 1040 1530 ex
1077 1475 1306 1529 adversa
1339 1483 1494 1546 parte
1535 1475 1879 1546 respondent,
1913 1485 2034 1528 esse

453 1567 725 1620 dicuntur.
763 1567 973 1620 Nullum
1020 1581 1255 1636 namqttc
1295 1567 1486 1620 vitiant
1531 1577 1632 1628 est.
1663 1567 1805 1636 quod
1833 1581 1935 1620 non
1961 1579 2030 1621 ex

2141 375 2236 429 luti
2269 389 2430 446 supra
2483 389 2664 436 rerum
2713 381 2960 430 naturam
3007 369 3440 436 considerantur,
3490 377 3547 424 et
3593 369 3719 424 dum

2141 461 2391 530 interea,
2439 481 2579 537 quae
2627 479 2738 521 non
2797 473 2942 528 sunt,
2997 470 3402 532 computantur,
3439 460 3550 526 his,
3581 477 3721 532 quae.

2135 567 2284 624 sunt,
2311 545 2744 614 honestissimam
2773 564 3051 628 praestant
3089 563 3146 610 et
3177 547 3564 610 administrant
3585 567 3718 610 cono

2137 651 2375 708 cordiam
2402 665 2417 704 :
2447 651 2565 709 sive
2609 649 2869 721 intelligat
2892 650 2982 720 qui
3022 648 3171 704 sonis
3197 647 3482 706 auscultat.
3513 647 3640 716 quid
3665 647 3718 700 in

2137 743 2204 798 iis
2233 742 2569 799 dulcedinem
2620 751 2674 796 et
2711 742 3162 812 pulchritudinem
3201 740 3422 806 alliciat,
3471 741 3586 795 sive
3613 755 3720 796 non

2137 834 2430 908 intelligat,
2495 835 2634 890 inest
2689 843 2864 888 tamen
2932 833 3184 888 omnibus
3231 833 3456 888 interior
3502 848 3717 892 scmus.

2135 939 2296 997 quem
2329 936 2442 980 rata
2479 939 2660 980 rerum
2690 925 2906 982 collatio
2949 924 2972 955 '
3005 925 3442 996 conveniensque
3467 925 3723 980 adunatto

2137 1031 2242 1070 non
2277 1014 2426 1070 latet.
2458 1014 2774 1082 Quis-enim
2819 1015 3016 1070 senarii
3061 1013 3268 1070 numeri
3313 1015 3586 1078 virtutem,
3628 1015 3720 1085 qui

2137 1104 2301 1158 tutius
2353 1104 2671 1160 harmoniae
2735 1104 3050 1174 intelligitur
3106 1102 3550 1168 ftindameutum;
3601 1105 3724 1174 quis

2135 1195 2450 1251 collationes
2481 1195 2648 1265 ipsius
2678 1211 2798 1248 eum
2845 1195 2958 1250 Suis
3003 1195 3394 1266 sesquialteris,
3433 1195 3728 1264 scsquitcr—

2135 1287 2244 1351 tiis,
2269 1287 2444 1358 duplis
2473 1303 2688 1358 qttoque
2713 1287 2756 1320 ¹⁰
2781 1289 2922 1344 intra
2965 1297 3186 1344 naturas
3215 1305 3396 1343 rermn
3419 1297 3608 1360 potest
3634 1305 3726 1364 c9-

2133 1393 2414 1452 gnuscere,
2449 1379 2576 1433 dum
2617 1394 2798 1434 rerum
2853 1379 3094 1436 omnium
3135 1379 3426 1436 visibilium
3455 1389 3510 1436 et
3537 1379 3726 1436 invisi-

2133 1469 2320 1524 bilium
2351 1468 2678 1524 universitas
2701 1470 2752 1523 in
2781 1483 2848 1526 eo
2883 1468 3047 1524 veluti
3081 1471 3134 1524 in
3178 1469 3413 1540 quodam
3437 1469 3722 1540 principali

2133 1559 2381 1632 exemplo
2409 1560 2698 1614 constituta
2733 1559 3004 1630 sit?Quid
3037 1573 3167 1632 ergo
3209 1561 3422 1624 mirum,
3449 1560 3492 1614 si
3519 1575 3586 1616 ex
3617 1561 3720 1622 bis,

453 1659 718 1728 positione
748 1659 981 1734 virtutis,
1003 1659 1086 1714 eui
1115 1675 1181 1714 ex
1205 1659 1468 1714 diametro
1499 1660 1752 1714 resistere
1781 1669 2028 1724 conatur,

2133 1665 2276 1720 quae
2301 1661 2426 1704 sunt
2465 1649 2920 1716 substantialiter,
2967 1659 3022 1704 et
3052 1649 3388 1705 naturalibus
3433 1651 3726 1726 accitleuti~

450 1749 775 1802 continetur.
808 1748 947 1804 MAG.
982 1751 1178 1804 Laetor
1207 1749 1380 1812 valde,
1431 1750 1646 1820 quando
1689 1750 1846 1810 retia.
1891 1765 2030 1820 quae

453 1847 506 1890 In
563 1839 694 1914 ipse.
741 1839 1036 1904 tetendisti,
1085 1835 1226 1896 'tuae
1287 1840 1758 1912 contemplationis
1825 1841 2032 1898 viribus

449 1930 686 1998 illaesos,
715 1933 965 2002 nulloque
994 1935 1156 1988 modo
1179 1933 1200 1964 ³
1223 1933 1473 1988 detentus
1515 1933 1753 1988 evasisti.
1781 1933 1845 1986 lit
1893 1931 2022 2000 jam,

449 2009 706 2088 ttifallor,
739 2023 1014 2093 intelligis,
1057 2037 1160 2078 non
1197 2024 1372 2078 solum
1418 2039 1598 2088 omne,
1630 2023 1774 2094 quod
1825 2024 1894 2078 ab
1923 2039 2030 2078 uno

447 2113 560 2168 Deo
587 2121 828 2166 creatum
861 2125 964 2176 est,
1001 2129 1185 2168 verum
1225 2115 1388 2168 etiam
1420 2127 1602 2178 mune,
1647 2114 1788 2184 quod
1817 2113 2028 2167 irratio-

447 2205 641 2262 nabilis
665 2215 838 2261 motus
870 2206 1202 2262 rationabilis
1231 2215 1287 2262 et
1335 2205 1708 2262 intellectualis
1744 2215 2030 2262 creaturae

445 2299 951 2368 superntaehiuatus
973 2307 1075 2362 est,
1105 2309 1158 2352 et
1189 2315 1332 2353 nunc
1371 2299 1512 2352 intra
1560 2299 1804 2354 ordinem
1836 2285 2026 2354 't‘divi-

445 2405 548 2444 ttae
579 2389 950 2459 providentiae
975 2389 1263 2454 contineri,
1308 2399 1362 2442 et
1395 2399 1521 2444 tunc
1555 2401 1676 2459 post
1705 2390 2030 2446 universalis

445 2491 730 2535 creaturae
783 2481 836 2534 in
904 2495 1032 2535 snas
1081 2495 1273 2534 causas
1325 2481 1556 2536 reditum
1625 2479 1788 2550 inque
1851 2479 2024 2550 ipsum

447 2571 610 2626 Deum
643 2570 998 2624 ordinandum
1031 2569 1170 2632 fore,
1199 2572 1416 2640 quando
1449 2572 1612 2624 totius
1657 2570 2028 2628 universitatis

444 2663 691 2716 rutulitae
723 2663 1042 2732 plenissima
1081 2661 1390 2731 petlieietnr
1426 2663 1787 2732 pulchritudo.
1843 2661 2026 2733 Neque

447 2753 548 2808 hoc
579 2753 794 2818 mirum,
821 2753 946 2807 dum
972 2753 1114 2807 nulla
1159 2763 1352 2808 natura
1377 2753 1538 2808 aliam
1594 2763 1840 2808 naturam
1874 2755 2028 2826 puni-

445 2859 523 2908 re,
553 2845 756 2898 nuilum
798 2845 985 2900 vilium
1021 2846 1296 2910 virtutem,
1345 2861 1450 2916 qua
1497 2847 1824 2908 continetur,
1859 2847 2028 2916 possit

445 2949 828 3010 corrumpere;
862 2949 916 2990 et
951 2951 1052 2990 non
1085 2937 1258 2990 solum
1305 2941 1424 2996 hor,
1461 2939 1554 2992 sed
1579 2953 1645 2993 ex
1671 2939 1756 2995 bis
1777 2931 2062 2998 omnibus"

2133 1747 2257 1810 bus,
2281 1757 2334 1800 et
2361 1760 2426 1802 er;
2451 1747 2558 1812 his,
2589 1761 2729 1818 quae
2757 1763 2862 1802 non
2890 1754 3032 1806 sunt.
3060 1745 3176 1800 sive
3203 1761 3299 1816 per
3323 1745 3720 1809 excellentiam,

2134 1839 2248 1894 sive
2272 1853 2369 1909 per
2408 1839 2676 1894 defectum
2729 1847 2786 1894 et
2829 1838 3212 1908 privationem,
3253 1839 3415 1894 totius
3442 1845 3724 1894 creaturae

2135 1932 2411 1986 harmOnia
2445 1941 2822 2001 componatur,
2869 1929 2998 1986 dum
3025 1933 3080 1988 l-n
3126 1921 3396 1998 omnibus,
3435 1945 3575 2004 quae
3599 1937 3726 1986 sunt

2131 2031 2350 2090 etquae
2377 2039 2482 2076 non
2513 2031 2662 2089 sunt,
2693 2007 2837 2078 nulla
2864 2022 3071 2078 malitia
3105 2023 3186 2076 vel
3215 2023 3438 2086 malum,
3467 2019 3613 2092 quod
3635 2023 3728 2076 bo-

2131 2113 2288 2168 nitati
2327 2114 2593 2179 omnium,
2615 2113 2760 2166 nulla
2791 2112 3068 2184 turpitudo
3103 2113 3186 2166 vel
3217 2113 3551 2178 deformitas,
3585 2128 3724 2182 quae

2131 2203 2514 2272 pulchritudini
2557 2213 2612 2259 et
2663 2201 2988 2260 formositati
3015 2204 3068 2258 in
3097 2219 3292 2262 causas
3323 2220 3450 2259 suas
3481 2205 3724 2259 condito-

2133 2311 2355 2368 remque
2367 2313 2524 2351 suum
2541 2310 2860 2352 reversurae
2879 2297 3098 2352 resistat
3115 2297 3178 2362 “,
3195 2299 3415 2354 omnino
3434 2313 3540 2354 non
3559 2315 3726 2352 rema-

2131 2389 2296 2443 nebit.
2331 2391 2406 2443 Ac
2429 2403 2526 2460 per
2544 2389 2644 2442 hoc
2669 2405 2774 2442 non
2799 2405 2884 2446 tne
2909 2389 3256 2456 movendum
3273 2391 3457 2455 audio,
3497 2405 3560 2445 ex
3598 2405 3724 2462 sup-

2129 2479 2306 2550 pliciis
2361 2479 2624 2533 mutarunt
2665 2479 3004 2536 voluntatum
3053 2491 3108 2536 et
3160 2481 3417 2552 praemiis
3457 2484 3720 2538 bonarum

2131 2561 2549 2642 pulcherrimam
2565 2571 2902 2647 harmoniam
2919 2573 3156 2627 futuram
3171 2587 3310 2636 esse,
3325 2573 3582 2644 quoniam
3597 2591 3726 2647 sup-

2127 2659 2286 2728 plicia
2309 2661 2446 2716 bona
2469 2669 2616 2734 sunt,
2636 2661 2761 2716 dum
2789 2646 2898 2718 sint
2916 2665 3084 2738 justa,
3113 2673 3166 2720 et
3189 2666 3456 2736 praemia,
3473 2667 3598 2723 dum
3615 2646 3726 2720 sint

2125 2751 2247 2826 plus
2259 2753 2512 2824 gratuita,
2527 2769 2686 2824 quam
2717 2755 2870 2810 bonis
2884 2755 3092 2811 meritis
3115 2757 3318 2812 retribu
3329 2767 3400 2822 ta,
3421 2761 3638 2828 quando
3651 2761 3726 2813 vi-

2128 2843 2230 2898 deo
2257 2858 2448 2913 graves
2461 2856 2758 2914 acutosque
2783 2863 2966 2912 sonos,
2991 2862 3288 2920 eorumque
3319 2850 3525 2906 medios
3551 2867 3722 2920 quan-

2127 2938 2254 2992 dam
2269 2925 2642 3012 symphoniam
2659 2939 2800 2996 inter
2815 2955 2873 2996 se
2887 2941 3118 2997 invicem
3146 2927 3198 2996 in
3217 2941 3260 2974 "
3286 2943 3724 3014 proportionibus

423 3023 584 3076 intra
629 3024 834 3080 divinas
880 3027 1026 3096 leges
1073 3026 1336 3081 ordinatis
1390 3027 1412 3058 '
1465 3029 1706 3082 omnium
1751 3030 2026 3098 plenitudo
2055 3014 2100 3074 (ί
2129 3039 2188 3084 et
2213 3030 2812 3100 pr0portionalitatibus
2833 3031 3192 3090 suiseﬂicere.
3211 3033 3340 3092 Etsi
3363 3037 3564 3108 quisad
3591 3037 3724 3092 bace

445 3125 758 3169 naturarum
791 3127 846 3170 et
879 3115 1192 3172 lortttositas
1220 3118 1597 3188 complebitur,
1625 3123 1866 3176 omnium
1901 3122 2029 3178 visio

445 3208 630 3262 bilium
663 3217 714 3262 et
759 3209 1108 3264 invisibilium
1149 3227 1384 3266 consona
1435 3213 1640 3282 absque
1677 3213 1828 3268 ulla‘
1855 3214 2026 3268 disso-

447 3307 607 3352 nantc
675 3297 953 3352 harmonia
1005 3299 1386 3356 modulabitur.
1453 3303 1594 3358 Dtsu.
1637 3302 1754 3358 Non
1801 3303 2026 3359 falleris.

448 3387 580 3442 Nam
609 3395 766 3454 retia,
797 3407 935 3460 quae
985 3394 1205 3458 tetendi,
1251 3395 1352 3450 hoc
1387 3403 1468 3448 est
1499 3394 1856 3464 problemata,
1889 3411 2028 3464 quae

449 3481 724 3548 proposui,
753 3491 1038 3551 propterea
1075 3499 1103 3537 a
1139 3477 1223 3538 me
1254 3493 1404 3541 tensa
1437 3495 1580 3548 sunt,
1633 3501 1700 3542 ne
1739 3487 1940 3542 diutius
1973 3489 2027 3541 in

449 3570 530 3625 eis
556 3585 797 3638 caperer,
827 3575 918 3628 sed
947 3575 1014 3630 ab
1041 3575 1124 3629 eis
1153 3577 1430 3632 absolutus
1471 3578 1640 3634 libero
1665 3581 1861 3636 mentis
1905 3594 2030 3635 con-

451 3661 588 3715 tuitu
615 3662 758 3716 clare
797 3665 1158 3734 perspicerent
1191 3668 1474 3722 universae
1504 3681 1726 3724 naturae
1753 3672 2032 3728 adunatio-

451 3767 574 3808 nem
618 3771 684 3808 cx
724 3757 952 3809 diversis
997 3757 1204 3827 sibique
1251 3759 1510 3828 oppositis
1559 3759 1800 3830 copulari
1833 3760 1880 3826 ",
1915 3777 2032 3816 mu—

451 3846 577 3900 sicis
605 3849 900 3902 nationibus
934 3851 1262 3916 admonitus,
1311 3853 1362 3905 in
1400 3851 1593 3922 quibus
1623 3856 1928 3925 conspicor,
1957 3857 2032 3910 nil

421 3938 591 4000 aliud
617 3938 798 3992 animo
839 3939 1052 4008 placere
1083 3940 1646 4014 pulchritudinemque
1665 3943 1898 4010 ellicere,
1927 3941 2030 4000 nisi

451 4031 782 4088 (illel‘nill'lllll
803 4037 994 4086 vin-um
1025 4035 1364 4090 rationabilia
1389 4037 1686 4103 intervalla,
1719 4055 1860 4108 quae
1889 4039 2032 4094 inter

453 4141 510 4180 se
540 4125 766 4178 iuvit-ent
797 4125 987 4180 collata
1017 4129 1206 4182 musici
1247 4129 1625 4190 moduluminis
1663 4131 1898 4186 efﬁciunt
1921 4133 2032 4188 dul-

450 4222 714 4276 cedinem.
751 4221 848 4276 Ubi
893 4223 1139 4278 mirabile
1179 4224 1433 4295 quiddam
1475 4226 1635 4280 datur
1680 4227 1932 4298 intelligi,
1979 4237 2033 4284 et

451 4313 566 4370 solo
597 4314 788 4368 mentis
811 4315 1052 4370 contuitu
1075 4315 1162 4370 vix
1189 4317 1692 4386 cotnpreltensibile,
1716 4321 1858 4388 quod
1879 4335 1984 4374 nun
2007 4323 2030 4352 ⁸

451 4405 568 4457 soni
614 4404 830 4466 ditez-si,
881 4405 1026 4458 verbi
1087 4406 1278 4474 gratia,
1329 4405 1630 4461 ﬁstularum
1683 4408 1894 4478 organi,
1947 4410 2030 4464 vel
2061 4391 2107 4448 Ῑ)

453 4497 775 4550 eltoriiarum
815 4495 983 4566 lyrae,
1025 4513 1120 4550 seu
1163 4495 1484 4554 foraminum
1513 4499 1696 4562 tibiae,
1738 4503 1828 4570 qui
1865 4501 2032 4572 quod.

455 4585 741 4637 dammodo
781 4583 1030 4638 sensibus
1061 4587 1314 4654 percepti,
1363 4587 1416 4639 in
1447 4603 1672 4642 numero
1701 4602 1880 4642 rerum
1909 4605 2030 4644 esse

455 4675 724 4740 videntur,
757 4675 1126 4730 harntouicatu
1154 4675 1390 4731 alliciunt
1419 4681 1762 4744 suavitatem,
1787 4681 1880 4736 sel
1908 4699 2030 4750 pro.

455 4769 730 4842 put-tiones
773 4761 1026 4822 sonorum
1067 4779 1122 4823 et
1163 4771 1708 4838 proportionalitates,
1748 4789 1902 4843 quas,
1929 4776 2030 4838 sibi

459 4859 684 4914 invicem
728 4858 968 4924 collatas.
1017 4859 1184 4914 solius
1223 4861 1388 4916 animi
1437 4861 1662 4918 interior
1705 4867 1932 4936 percipit
1977 4877 2033 4922 et

461 4951 708 5022 .lijndicat
737 4967 944 5005 sensus.
975 4951 1124 5018 Quae
1155 4953 1406 5008 videlicet
1435 4956 1812 5024 proportiones
1834 4969 1880 5010 ct
1913 4974 2032 5026 pro-

459 5043 882 5114 portionalttates
931 5057 1118 5098 vocum
1154 5045 1484 5102 sensibilituu
1523 5063 1887 5116 annorumque
1923 5065 2028 5104 me-

461 5133 560 5188 rito
590 5136 842 5186 dicuntur
869 5149 1008 5196 esse,
1051 5135 1302 5202 quoniam
1351 5149 1455 5189 non
1500 5136 1670 5192 solum
1717 5137 1790 5192 nil
1837 5139 1903 5192 ab
1953 5141 2032 5194 eis

492 5237 747 5291 raperetis
769 5239 958 5279 sensus
987 5225 1206 5292 patitur,
1247 5237 1432 5280 verum
1461 5228 1622 5281 etiam
1655 5227 1792 5282 ultra
1815 5245 2032 5284 onmem

2131 3123 2412 3192 objecerit,
2439 3140 2724 3197 perversos
2765 3126 3072 3186 voluntates
3129 3131 3394 3186 malorum
3445 3132 3720 3188 hominum

2131 3223 2188 3270 et
2210 3217 2763 3289 angelorum,quibus
2785 3219 3049 3274 debentur
3081 3221 3362 3292 supplicia,
3399 3223 3565 3278 malus
3579 3241 3719 3287 essm

2129 3321 2196 3360 ac
2226 3321 2322 3378 per
2345 3309 2446 3362 hoc
2473 3307 2526 3362 in
2559 3309 2950 3366 restauratione
2981 3325 3043 3366 ac
3061 3313 3232 3366 reditu
3263 3305 3578 3368 naturarum
3611 3331 3724 3369 ma-

2131 3397 2241 3452 lunt
2273 3415 2486 3468 semper
2515 3415 2634 3456 esse
2676 3415 3076 3468 remanserunt,
3106 3405 3476 3478 suppliciaqzte
3527 3425 3718 3475 passu-

2132 3505 2282 3556 rum;
2322 3499 2376 3546 et
2409 3491 2454 3548 si
2497 3493 2570 3544 ita
2613 3499 2716 3558 est,
2765 3493 3032 3564 sequitur,
3075 3509 3180 3550 non
3221 3497 3442 3552 omnino
3487 3497 3724 3568 pulclzri~

2133 3585 2372 3660 tudinem
2399 3593 2712 3640 naturarum
2771 3587 3102 3656 turpitudine
3153 3589 3390 3644 malitiae
3431 3607 3536 3644 non
3563 3590 3605 3622 ¹³
3645 3592 3722 3644 in-

2131 3673 2328 3732 i'ccum
2371 3691 2494 3732 esse
2547 3675 2790 3734 futuram
2819 3695 2840 3733 .'
2869 3681 2996 3736 huic
3034 3684 3365 3752 responaebo
3421 3685 3556 3738 (lucc
3611 3685 3720 3740 Deo

2131 3782 2196 3822 ac
2227 3781 2350 3822 vera
2380 3769 2606 3834 ratione,
2631 3771 2866 3842 primum
2903 3773 3120 3842 quidem
3156 3775 3298 3830 intra
3341 3791 3522 3832 rerum
3567 3791 3720 3832 natu-
3765 3849 3768 3852 .

2135 3875 2254 3917 ram
2287 3859 2368 3916 vel
2395 3871 2549 3917 extra
2593 3875 2714 3918 eam
2769 3863 2974 3920 nullum
3031 3867 3232 3922 malum
3286 3869 3536 3936 inveniri,
3581 3874 3720 3928 sicut

2133 3957 2421 4029 Dionysius
2449 3957 2848 4030 Areopagitain
2875 3959 3014 4016 libro
3063 3962 3130 4017 de
3171 3963 3366 4018 divinis
3405 3959 3720 4022 Nominibus

2133 4047 2522 4119 multiplicibus
2551 4051 2748 4106 astruit
2780 4051 3110 4118 rationibus,
3133 4069 3271 4125 quas
3301 4073 3444 4110 nunc
3477 4057 3720 4114 introdu-

2135 4155 2260 4194 cere
2282 4149 2336 4194 et
2360 4138 2574 4214 longum
2604 4149 2661 4196 et
2705 4141 3033 4212 superﬂuunt
3083 4145 3326 4212 videtur;
3369 4149 3559 4204 deinde
3597 4165 3720 4222 per-

2134 4245 2323 4288 versos
2345 4247 2724 4302 pcrversarum
2772 4232 3106 4288 voluntatum
3163 4249 3341 4292 motos
3395 4239 3564 4294 malos
3609 4255 3714 4296 non

2135 4339 2278 4390 esse,
2309 4325 2404 4379 sed
2433 4323 2665 4380 illicitos.
2692 4323 2846 4396 Quod
2875 4325 3020 4378 (ιιίιιι
3057 4340 3124 4380 ex
3171 4328 3344 4384 libero
3385 4333 3720 4388 rationabilis

2133 4427 2416 4474 creaturae
2441 4417 2670 4472 arbitrio
2700 4419 2982 4488 processit,
3011 4419 3137 4488 quis
3167 4420 3366 4474 malum
3399 4437 3520 4476 esse
3563 4423 3718 4478 dixe-

2135 4507 2248 4568 rit?
2285 4510 2346 4568 Si
2385 4511 2527 4568 enim
2566 4510 2790 4566 libertas
2818 4521 3044 4565 naturae
3073 4513 3403 4568 rationabilis
3429 4515 3494 4568 ad
3527 4515 3716 4586 imagi-

2135 4619 2258 4662 nem
2285 4603 2378 4660 Dei
2407 4605 2656 4664 conditae
2703 4619 2731 4658 a
2769 4604 2880 4658 Deo
2911 4603 3034 4658 data
3075 4615 3192 4670 est;
3229 4621 3332 4660 non
3361 4607 3504 4661 enim
3541 4607 3718 4678 imago

2135 4697 2228 4754 Dei
2255 4695 2378 4754 ullis
2419 4695 2624 4768 legibus
2665 4696 2890 4751 detineri
2932 4695 3116 4752 debuit
3145 4707 3333 4752 coacta
3367 4715 3380 4750 :
3411 4699 3717 4754 necessario

2131 4804 2314 4856 omne,
2339 4790 2481 4862 quod
2517 4805 2582 4846 ex
2608 4791 2720 4860 ipsa
2745 4789 2993 4844 libertate
3019 4791 3219 4852 evenit,
3249 4792 3451 4844 malum
3481 4807 3576 4845 situ
3603 4811 3716 4846 ntu-

2135 4879 2249 4934 litia
2281 4889 2428 4934 recte
2454 4879 2556 4933 dici
2587 4893 2692 4934 non
2725 4887 2923 4950 potest.
2951 4895 3016 4934 ne
3067 4879 3118 4934 in
3177 4879 3360 4950 aliquo
3405 4885 3604 4934 nmium
3658 4891 3714 4934 et

2136 4968 2338 5022 malitia
2365 4968 2740 5024 concludatur.
2775 4969 2840 5022 Et
2872 4967 2916 5022 si
2963 4967 3130 5022 libera
3178 4963 3428 5026 voluntas
3479 4973 3712 5024 Litium-

2135 5057 2228 5112 bili
2256 5067 2308 5114 et
2345 5057 2662 5128 intelligibili
2705 5067 2988 5114 creaturae
3023 5075 3126 5112 non
3169 5058 3290 5112 ideo
3319 5073 3574 5127 ςοηίτςμδει
3619 5062 3710 5118 θὶῐ,

2137 5157 2192 5202 ιιι
2223 5163 2320 5218 per
2345 5164 2463 5204 cant
2493 5161 2755 5216 peccaret.
2789 5149 2882 5204 sed
2911 5157 2968 5202 ut
3005 5163 3103 5218 per
3141 5165 3260 5202 eam
3297 5151 3518 5219 pulchre
3547 5161 3594 5204 et
3631 5169 3710 5202 r2.-

2141 5237 2468 5298 tionabiliter
2487 5235 2762 5292 tibialitori
2790 5255 2887 5292 suo
2923 5237 3234 5300 inserviret,
3262 5250 3472 5302 tamen,
3517 5239 3567 5291 in
3601 5257 3712 5290 ςυιηι

1779 5347 2028 5404 γΑιηΑΕ
2063 5350 2458 5414 ιῐΞΟΤΙθΝΕΒ.

530 5437 544 5466 ³
579 5437 618 5488 Α
633 5453 703 5510 ¹ψ
725 5435 891 5510 lure;
933 5435 1033 5510 Ἀ
1051 5447 1096 5490 et
1117 5437 1509 5510 appositioncs.

466 5519 564 5576 que
589 5505 713 5558 ulla.
791 5509 804 5536 "
830 5507 926 5561 Sic
951 5506 1066 5564 Cl“:
1103 5507 1140 5560 Δ
1162 5505 1420 5566 immuni.

473 5575 502 5602 ’⁷⁸
531 5575 620 5628 Sic
649 5577 730 5632 CF
773 5577 816 5632 A
859 5589 1012 5632 restat
1113 5579 1150 5606 "
1179 5579 1229 5629 in
1258 5593 1362 5630 una.
1399 5581 1434 5628 Δ

1586 5437 1608 5468 ³
1635 5437 1678 5490 Α
1717 5437 1860 5493 nullo
1893 5443 2164 5510 modoque.

1497 5507 1518 5541 ⁸
1547 5507 1650 5561 Pro
1677 5511 1815 5577 quod
1848 5526 1948 5562 non
1977 5513 2016 5564 Α
2053 5507 2151 5564 non
2175 5515 2326 5568 ettitn.

1537 5579 1578 5609 ⁸³
1609 5577 1698 5631 Sic
1735 5577 1846 5642 (lli;
1885 5583 1922 5631 Α
1959 5599 2060 5634 non
2084 5585 2296 5638 omnim:
2341 5602 2460 5638 non.

2242 5444 2264 5474 ⁵
2294 5445 2378 5500 CF
2410 5447 2546 5498 intra
2597 5447 2822 5500 ordines.
2897 5456 2920 5488 ⁸
2957 5449 2996 5502 Δ
3045 5449 3336 5502 Ordiamur.
3414 5447 3434 5478 ⁶
3465 5447 3548 5500 σι’
3589 5451 3710 5503 abs-

2408 5517 2427 5547 ²⁸
2459 5519 2546 5571 Sir.
2570 5517 2644 5570 (Τ
2675 5537 2678 5542 '
2716 5521 2748 5568 Α
2787 5523 2918 5570 rnlin
3022 5517 3060 5548 ’θ
3090 5519 3174 5570 Sir
3201 5519 3312 5580 Cl";
3345 5519 3380 5570 Α
3413 5521 3704 5588 dumisque.
