4210 6232
453 255 559 317 967

1734 257 1748 275 ’
1828 259 2107 316 ἔΟΛΝΝῙΞ
2147 260 2359 318 δεθτιτ

3619 271 3734 331 968

457 384 578 434 licet
611 377 771 433 veluti
813 377 1025 448 captiva
1082 376 1542 432 irrationabilibus
1570 376 1803 431 motibus
1833 380 1899 431 ad
1941 376 2041 430 illi-
2069 383 2116 441 Α
2147 377 2407 445 volentes,
2435 377 2596 448 inque
2634 380 2869 436 tenebris
2902 392 2970 436 ‘se
3006 379 3338 440 abaceudere
3390 396 3724 458 appetentes,

416 502 419 505 -
454 466 563 522 cita
585 478 811 522 attracta
841 467 930 528 sit,
965 482 1071 520 non
1102 466 1223 522 inde
1257 465 1458 521 malum
1503 466 1768 531 nascitur,
1794 467 1890 521 sed
1941 466 2035 541 ali-

452 558 596 629 quod
652 558 1031 627 corrigendum
1084 557 1265 612 divina
1309 555 1520 628 iustitia
1575 566 1630 611 et
1675 545 2035 613 revocandum

448 641 633 708 divina
679 651 1073 713 misericordia.
1101 651 1144 705 si
1172 650 1602 707 correctionibus
1624 649 1735 705 suis
1760 656 1817 705 et
1853 663 2036 704 emen-

451 740 759 797 dationibus
792 741 995 808 liberae
1028 743 1323 815 voluntatis
1363 743 1648 798 arbitrium
1692 740 1857 797 fuerit
1901 740 2033 797 obe-

450 836 638 901 diens;
688 839 770 890 sin
812 851 942 891 vero
994 846 1288 891 contumax
1327 836 1685 905 superbiaque
1730 838 1744 867 ’
1793 835 2031 891 inﬂatum

448 926 503 981 iu
536 928 650 981 suis
674 916 1212 996 perverstsmotibus
1240 944 1595 997 perseverare
1638 928 1861 983 voluerit
1884 969 1900 993 ,
1940 930 2033 982 im-

443 1030 602 1088 petus
627 1004 743 1089 eius
786 1019 1107 1074 libidinosus
1132 1020 1467 1084 retinebitur,
1519 1020 1607 1085 ne,
1653 1022 1796 1090 quod
1848 1019 2051 1075 illicile‘

447 1112 670 1189 appetit,
699 1113 1083 1183 apprehendat.
1110 1114 1177 1166 Et
1207 1113 1308 1168 hoc
1332 1124 1414 1168 est
1444 1122 1637 1177 totum,
1663 1114 1804 1181 ῳιυιί
1835 1114 2032 1167 dicitur

440 1202 643 1258 liberae
659 1220 719 1257 ac
734 1213 756 1243 ί
771 1204 1058 1273 perversae
1070 1204 1718 1273 voluntatissupplicium,
1736 1204 1836 1259 hoc
1850 1205 2029 1267 est,ab

442 1293 649 1351 illicitis
670 1294 782 1348 suis
814 1294 1367 1363 motibusprohiberi,
1399 1309 1465 1349 ne
1489 1295 1555 1364 ad
1592 1296 1751 1349 liuent
1781 1309 1910 1349 suae
1930 1310 2025 1349 cu-

442 1386 686 1457 piditatis
718 1388 889 1460 possit
921 1387 1355 1457 pervenire.lloc
1378 1398 1558 1443 autem
1576 1390 1717 1453 dico,
1736 1403 1802 1443 ne
1830 1374 2026 1444 beatis-

439 1484 560 1539 simi
590 1484 1199 1557 DionysiiAreopagitae
1216 1486 1525 1541 auctoritati
1548 1485 1802 1540 resistere
1820 1485 2049 1550 videar,

439 1579 529 1649 qui
562 1593 665 1632 non
690 1580 858 1633 solum
884 1579 935 1633 in
962 1578 1139 1648 aliqua
1168 1588 1360 1634 natura
1378 1593 1469 1635 seu
1500 1572 2024 1643 substantia,verum

439 1671 599 1724 etiam
655 1672 707 1725 iu
750 1671 910 1725 nullis
953 1672 1412 1726 irrationabililuis
1438 1670 1775 1725 rationabilis
1799 1679 2024 1725 naturae

2138 469 2245 524 non
2274 470 2400 538 quid
2437 470 2479 500 ί*
2502 471 2572 525 sit
2600 469 2712 538 lux,
2737 482 2792 527 et
2813 482 3075 543 quantum
3108 475 3255 532 utilis
3288 478 3358 532 sit
3388 480 3453 547 ",
3483 484 3728 543 valentes

2137 579 2257 618 eam
2288 564 2592 633 perspicere
2621 557 2949 636 ignorantes,
2980 569 3075 623 sed
3106 569 3156 623 in
3186 569 3503 630 inﬁrmitate
3543 579 3727 633 oculos

2136 671 2254 717 rum
2283 652 2745 735 suorum-causam
2768 655 3004 727 fugiendi
3033 674 3065 713 ε
3092 659 3292 716 lumine
3314 666 3722 724 constituentes.

2135 745 2335 801 Eodem
2390 747 2550 815 modo
2590 752 2644 801 'et
2696 748 2844 819 impii
2878 750 2930 802 in
2964 750 3241 828 suppliciis
3266 754 3469 811 detenti
3504 774 3722 817 causam

2133 836 2394 893 odicnziae
2431 839 2674 892 veritatis
2715 839 2986 909 iinpietati
3015 855 3160 898 "suae
3204 850 3525 914 reputabuut
3548 890 3563 915 ,
3600 868 3723 908 sera

2133 928 2398 982 inutiliter
2425 931 2733 1000 compuncti
2766 931 3119 1001 poenitentia.
3147 934 3213 990 Et
3240 938 3340 993 hoc
3374 940 3534 995 datur
3564 942 3725 999 intel-

2132 1017 2220 1093 ligi
2249 1033 2317 1070 ex
2359 1019 2474 1087 ipso
2505 1020 2670 1074 divite
2700 1022 2754 1075 in
2793 1021 3009 1099 inferno
3043 1024 3087 1065 ⁸⁸
3112 1039 3314 1097 poenas
3337 1032 3605 1101 patiente;
3630 1034 3721 1104 qui

2131 1107 2339 1162 elevans
2369 1108 2551 1163 oculos
2606 1127 2749 1175 suos,
2800 1111 2925 1165 dum
2981 1125 3108 1168 esset
3162 1116 3216 1170 in
3264 1115 3554 1187 tormentis,
3598 1124 3723 1178 ria’it

2130 1196 2396 1251 Abraham
2421 1198 2640 1268 alonge,
2667 1210 2713 1251 et
2738 1197 3002 1256 Lazarum
3029 1203 3097 1257 iu.
3131 1206 3330 1261 sinibus
3384 1209 3518 1278 ejus.
3584 1213 3723 1269 Vidit

2060 1288 2069 1295 '
2130 1288 2296 1359 igitur
2320 1287 2592 1344 Abraham
2625 1299 2677 1345 et
2718 1290 2979 1346 Lazarum
3021 1293 3077 1349 in
3118 1295 3286 1371 gloria
3330 1299 3545 1357 divinae
3589 1320 3717 1359 con-

2131 1383 2517 1453 templationis,
2543 1386 2637 1438 sed
2669 1385 2836 1454 ipsius
2867 1385 3077 1455 gloriae
3122 1387 3579 1449 delectationibus
3611 1397 3721 1467 pri-

2127 1481 2285 1528 vatus
2342 1483 2483 1538 cst,‘
2514 1488 2744 1543 seraque
2794 1475 3119 1545 poenitentia
3173 1493 3527 1550 compunctus
3585 1485 3722 1556 petit

2127 1564 2416 1629 Abraham,
2452 1575 2511 1619 ut
2540 1566 2780 1619 mitteret
2803 1566 2869 1620 ad
2893 1583 3024 1643 suos,
3069 1566 3281 1635 fratres,
3328 1575 3569 1643 quosin
3613 1576 3718 1633 hac

2125 1657 2239 1711 vita
2276 1657 2586 1726 reliquerat,
2620 1670 2721 1721 nc,
2756 1658 2897 1712 sicut
2943 1641 3059 1730 ipse
3112 1660 3317 1717 vixerat
3345 1641 3418 1729 1',
3450 1665 3714 1733 viverent,
3750 1643 3756 1647 '

438 1764 721 1818 allectibus
758 1767 956 1818 malum
984 1764 1115 1819 sinit
1158 1763 1408 1826 inveniri,
1439 1778 1534 1819 seu
1584 1762 1765 1833 aliqua
1812 1762 2021 1818 ratione

2127 1757 2261 1804 etut
2290 1757 2678 1804 tormentorum
2702 1749 2815 1804 loca
2844 1750 3163 1806 devitareut.
3193 1752 3332 1809 illac.
3370 1752 3487 1809 Non
3512 1765 3564 1812 te
3587 1773 3717 1829 ergo

438 1857 682 1911 concedi.
718 1854 933 1911 Nullum
964 1857 1107 1910 enim
1142 1854 1482 1910 rationabilis
1510 1864 1795 1910 creaturae
1833 1854 2026 1909 vitium

436 1946 724 2016 est,qaod
770 1961 874 2000 non
927 1945 981 2000 in
1035 1944 1212 2016 aliqua
1270 1944 1628 1999 inrationabili
1680 1943 1880 1999 bonum
1932 1940 2023 2010 sit,

435 2036 664 2105 ideoque
692 2034 831 2105 quod
869 2036 1070 2104 ubique
1097 2034 1429 2105 prohibitum
1463 2048 1571 2089 non
1611 2033 1904 2101 invenitur,
1932 2035 2025 2089 sed

435 2128 487 2181 in
514 2126 717 2208 alitum,
745 2127 795 2180 in
823 2142 917 2190 eo,
944 2126 997 2180 in
1028 2142 1135 2195 quo
1159 2125 1498 2197 prohibetur,
1526 2140 1635 2179 non
1670 2124 1897 2190 malum,
1928 2125 2025 2181 sed

434 2219 678 2273 illicitum
707 2220 887 2273 voeari
919 2227 1173 2293 oportetq
1193 2218 1260 2274 Et
1287 2229 1344 2273 ut
1382 2221 1447 2274 de
1479 2220 1581 2274 hac
1612 2219 1823 2273 ratione
1853 2234 2023 2288 pauca

434 2312 841 2365 intrudticmuus
882 2311 1150 2379 e:.empla,
1202 2310 1476 2380 superbia,
1512 2320 1569 2364 ut
1612 2309 1689 2364 ait
1731 2308 1792 2364 Β.
1823 2309 2060 2382 υἱοιι)’-,

432 2404 545 2457 sius
571 2403 970 2474 Gregoriusque
1010 2401 1336 2472 Theologus,
1359 2402 1411 2456 in
1434 2417 1574 2470 equo
1600 2403 1799 2457 bonum
1835 2411 1940 2466 est,
1966 2401 2021 2455 in

432 2497 650 2552 homine.
678 2512 807 2551 vero
827 2494 1073 2551 illicitum
1099 2495 1299 2565 atque8
1316 2494 1717 2549 inconveniens.
1742 2488 2020 2547 Ferocitas

410 2589 668 2649 ’in_leouc
700 2590 896 2644 bonum
929 2597 1027 2650 est,
1058 2597 1111 2642 et
1152 2588 1266 2641 sine
1287 2600 1397 2655 qua
1433 2580 1517 2641 leo
1547 2584 1652 2639 dici
1674 2601 1779 2640 nou
1810 2593 2014 2654 potest;

430 2681 500 2735 tui
513 2682 577 2735 tis
599 2683 741 2735 enim
767 2682 848 2735 leo
872 2680 953 2734 leo
970 2678 992 2710 ’⁵
1010 2686 1234 2742 nonest,
1251 2680 1462 2747 perdita
1476 2676 1734 2747 qualitate
1747 2677 2015 2731 naturali:

430 2762 545 2845 ipsa
581 2787 766 2828 autem
800 2774 1055 2829 ferocitas
1081 2777 1132 2826 in
1150 2764 1352 2825 natura
1384 2769 1688 2825 rationabili
1720 2771 1910 2825 vitium
1933 2780 2017 2827 est

428 2882 483 2921 et
512 2869 904 2921 inconcessum.
945 2864 1214 2933 Spurcitia
1258 2878 1546 2935 porcorum
1588 2872 1671 2917 est
1714 2863 2012 2933 proprium,

430 2959 483 3012 in
514 2958 732 3011 homine
765 2956 997 3009 ahenum
1025 2976 1036 3007 :
1064 2948 1120 3010 et
1145 2954 1361 3029 similia,
1393 2968 1530 3023 quae
1560 2951 1684 3007 dum
1735 2954 1788 3006 in
1830 2954 2015 3009 bestiis

430 3052 867 3115 considerantur,
892 3049 1155 3104 naturalia
1197 3048 1333 3102 bona
1365 3057 1523 3113 sunt,
1556 3047 1609 3102 in
1642 3047 1861 3120 homine
1887 3062 2015 3103 vero

2129 1847 2380 1895 moveant
2423 1839 2741 1896 stultissima
2770 1849 2825 1894 et
2851 1831 3142 1897 falsissima
3168 1834 3482 1915 mortalium
3509 1849 3713 1917 cogita-

2129 1935 2335 1989 tioaum
2379 1934 2584 2009 judicia
2634 1930 2933 2005 inanesque
2981 1935 3298 2006 opiniones,
3350 1940 3544 2009 quibus
3593 1941 3711 2007 his,

2126 2039 2264 2096 quae
2320 2026 2422 2081 sibi
2473 2004 2615 2081 mala
2663 2034 2720 2081 et
2771 2004 2951 2098 turpia
3009 2004 3287 2094 videntur,
3323 2004 3618 2087 bonitatem
3658 2004 3714 2087 et

2123 2120 2583 2202 pulchritudinem
2606 2129 2660 2174 et
2682 2119 3008 2190 aequitatem
3037 2120 3412 2176 universitatis
3452 2122 3621 2177 minui
3656 2135 3710 2178 et

2125 2217 2403 2285 corrumpi
2427 2215 2761 2278 existimant,
2783 2216 3114 2288 ignorantes,
3140 2216 3284 2287 quod
3332 2216 3384 2271 in
3425 2216 3700 2283 omnibus,

2120 2324 2261 2380 quae
2285 2308 2427 2363 intra
2454 2310 2866 2364 universitatem
2911 2307 3474 2379 compreheinluntur,
3500 2308 3704 2363 nullum
3760 2302 3767 2307 ’

2092 2400 2342 2468 ¹ιιιίιιυιη,
2371 2400 2678 2478 vclturpe,
2728 2399 2811 2454 vel
2862 2399 3120 2469 injustam
3174 2401 3466 2456 invenitur.
3523 2400 3709 2474 Neque

2120 2495 2264 2550 enim
2293 2494 2429 2550 haec
2454 2508 2663 2548 summa
2694 2493 2911 2549 bonitas
2934 2502 2988 2548 et
3018 2492 3363 2564 pulchritudo
3391 2504 3443 2548 et
3463 2494 3708 2566 aequitas

2119 2589 2393 2658 sapienter
2410 2588 2589 2642 omnia
2613 2587 2905 2656 disponens
2931 2587 2984 2641 in
3010 2587 3111 2649 his,
3131 2601 3270 2656 tiliae
3295 2594 3635 2658 suntetquac
3662 2586 3707 2619 "

2118 2696 2224 2737 non
2276 2690 2434 2747 sunt,
2483 2679 2599 2735 ﬁeri
2642 2680 2930 2749 permittit,
2976 2695 3075 2734 nec
3101 2694 3341 2749 unquam
3374 2694 3726 2751 peruussura-

2116 2782 2222 2828 est.
2246 2772 2312 2826 Et
2336 2771 2382 2827 si
2412 2772 2534 2843 quis
2562 2772 2761 2853 dixerit
2788 2790 2801 2824 :
2826 2772 2968 2826 unde
2990 2772 3155 2842 igitur
3183 2775 3337 2838 haec,
3358 2788 3496 2845 quae
3516 2766 3704 2830 diena—

2119 2872 2206 2919 tur
2232 2863 2372 2918 mala
2398 2872 2454 2918 et
2482 2863 2768 2919 inhonesta
2797 2872 2852 2921 et
2875 2862 3097 2934 iujusta,
3122 2872 3177 2919 et
3202 2865 3330 2920 ubi?
3356 2864 3453 2921 Cui
3484 2880 3707 2933 respon-

2116 2956 2348 3011 dendmn
2381 2973 2396 3009 :
2423 2970 2527 3010 non
2562 2954 2777 3009 aliunde
2799 2995 2815 3020 ,
2843 2969 3017 3025 neque
3043 2954 3190 3020 alibi,
3218 2954 3325 3010 nisi
3352 2970 3423 3017 ex
3454 2957 3704 3011 vanitati-

2118 3048 2217 3103 bus
2246 3049 2563 3113 vanitatum,
2593 3047 2753 3116 inque
2777 3045 2927 3103 falsis
2952 3047 3535 3119 argumentationibus,
3563 3064 3701 3129 quae

436 3144 570 3199 vel“
622 3141 812 3217 angelo
857 3143 985 3194 vitia
1046 3130 1236 3196 cIfutra
1283 3148 1530 3193 tiaturam
1579 3109 1905 3209 pugnantia,
1958 3142 2014 3194 in
2042 3109 2086 3171 C
2118 3137 2634 3209 linguntessc,quod
2661 3137 2877 3206 penitus
2899 3109 3132 3203 nonvest,
3159 3123 3615 3207 blasphemautes,
3647 3148 3703 3192 et

431 3235 577 3290 nullo
624 3235 644 3265 °
679 3246 857 3288 tan-:cu
899 3234 1059 3286 mala.
1106 3231 1259 3298 Quod
1313 3232 1491 3295 enim,
1540 3239 1599 3283 ut
1636 3229 1902 3296 diximus,
1958 3229 2014 3288 in

431 3338 544 3383 toto
575 3328 773 3382 malum
806 3341 909 3379 non
941 3334 1041 3387 est,
1076 3325 1276 3377 malum
1310 3321 1424 3377 fieri
1464 3322 1515 3376 in
1557 3331 1711 3392 parte
1757 3337 1863 3376 non
1914 3336 2011 3391 po-

431 3431 558 3483 test,
591 3422 835 3489 quamvis
866 3418 1110 3471 videatur
1134 3430 1253 3471 esse
1276 3414 1540 3478 illicitum,
1569 3423 1731 3483 atque
1783 3430 2017 3484 purgau-

433 3517 556 3569 dum
595 3531 688 3568 seu
723 3507 1159 3575 t‘cl't'aetn'mdum.
1185 3507 1325 3563 Nihil
1350 3523 1479 3578 ergo
1502 3505 1851 3575 relinquitur,
1871 3504 2012 3575 quod

428 3608 815 3679 plenitudinem
839 3614 893 3659 et
918 3603 1373 3674 pulchritudinem
1429 3602 1595 3655 totius
1644 3598 2014 3654 universitatis

428 3704 631 3763 minuat
662 3716 755 3754 seu
800 3700 819 3730 θ
851 3700 1188 3761 debonestet,
1213 3697 1324 3749 sive
1351 3695 1460 3757 hic,
1489 3693 1613 3747 dum
1650 3692 1822 3746 adhuc
1845 3689 2015 3745 sensi-

429 3796 551 3850 bilis
580 3795 809 3847 numdus
834 3807 1051 3845 cursum
1082 3804 1239 3843 suum
1271 3787 1503 3858 peragit,
1553 3785 1666 3838 sive
1711 3782 1839 3847 illic,
1884 3782 2011 3835 dum

426 3887 479 3939 in
518 3900 710 3939 causas
739 3897 867 3936 suas
914 3893 1227 3935 reversurus
1269 3879 1340 3930 sit
1387 3875 1429 3941 ⁸,
1464 3877 1623 3947 inque
1664 3874 1750 3927 eis
1799 3872 2014 3941 quietus

431 3974 784 4047 permanebit.
814 3970 921 4027 Sed
951 3971 1051 4025 ista
1083 3967 1287 4024 lbeoria
1321 3952 1517 4035 paucis,
1564 3974 1709 4018 recte
1750 3962 2012 4045 sapienti-

429 4073 527 4127 bus
560 4086 700 4125 nunc
749 4068 1052 4139 perspicua,
1098 4066 1150 4118 in
1200 4062 1383 4117 futuro
1433 4074 1563 4114 vero
1610 4058 1859 4112 onmibos
1906 4055 2012 4110 erit

426 4160 713 4234 patefacta,
745 4160 872 4214 dum
904 4158 1105 4212 veritas
1130 4170 1229 4226 per
1271 4153 1454 4209 omnia
1496 4151 1547 4205 in
1592 4149 1843 4205 omnibus
1892 4146 2011 4202 elu-

427 4267 630 4321 εεδρρι,
653 4272 791 4325 quae
830 4264 1147 4309 naturarum
1171 4250 1411 4306 οηιιιίιιιιι
1453 4255 1663 4304 secreta
1693 4247 2011 4300 ἰιιειιηριειιυ

425 4366 509 4409 ter
550 4355 751 4424 absque
802 4351 907 4404 ulla
958 4348 1187 4421 caligine
1240 4346 1469 4418 aperiet.
1520 4344 1638 4399 Non
1689 4344 1831 4398 enim
1880 4342 2011 4397 solis

422 4445 584 4515 iustis
619 4445 637 4475 θ
682 4444 738 4497 in
797 4442 900 4497 bac
951 4442 1060 4497 vita
1104 4440 1429 4501 viventibus,
1460 4437 1851 4505 veritatemque
1900 4436 2004 4488 rite
2035 4462 2084 4522 ι)

430 4535 834 4607 quaerentibus,
870 4550 1057 4589 verum
1096 4533 1260 4587 etiam
1300 4529 1534 4601 iniustis,
1560 4520 1852 4597 pravisque
1889 4525 2002 4581 suis

371 4600 406 4617 ὴ
429 4629 670 4684 moribus
695 4627 982 4695 corruptis,
1006 4624 1287 4693 lucemque
1310 4637 1495 4677 verant
1515 4618 1822 4674 odientibus
1840 4626 1894 4671 et
1922 4616 2005 4670 l‘u-

424 4720 691 4793 gienti-bus
710 4718 821 4789 ipsa
836 4716 1033 4771 veritas
1044 4712 1331 4784 peremnia
1350 4708 1572 4782 fulgebit
1590 4708 1643 4761 in
1659 4706 1861 4761 futuro.
1879 4704 2006 4761 Om-

427 4828 521 4873 .tes
537 4811 679 4866 enim
698 4811 950 4864 videbunt
965 4806 1189 4878 gloriam
1219 4804 1335 4863 Dei.
1355 4801 1463 4858 Nec
1480 4801 1678 4862 obstat,
1701 4800 1842 4871 quod
1867 4798 2003 4852 scri-

427 4912 571 4977 ptum
600 4910 719 4957 est:
750 4899 981 4955 Tolletur
1011 4897 1054 4931 "
1081 4897 1293 4966 impius,
1327 4910 1389 4949 ne
1413 4893 1581 4947 rideat
1614 4890 1837 4963 gloriam
1886 4888 2003 4942 Dei.

366 4995 377 5003 '
438 4990 619 5046 Videat
643 5004 876 5063 namque
899 4989 1136 5044 divinum
1163 4984 1438 5056 eloquium
1462 4984 1501 5015 “
1525 4982 1704 5054 posuit
1731 4995 1829 5050 pro
1855 4978 2006 5049 [ma-

425 5096 619 5149 tur,ac
634 5082 681 5138 si
702 5075 1459 5153 diceret,‘tolletur“impius,
1490 5088 1560 5128 ne
1590 5071 1803 5127 fruatur
1831 5070 2003 5142 gloria

430 5176 547 5232 Dei.
606 5173 811 5230 Etenim
867 5172 1145 5229 oculorum
1206 5166 1547 5239 passionibus
1596 5172 1849 5236 gravatos
1894 5177 1999 5218 non

2115 3240 2367 3303 putantes
2384 3247 2561 3294 omni).
2587 3232 2729 3303 quod
2754 3231 3052 3287 libidinosis
3072 3233 3184 3287 suis
3204 3231 3483 3289 aﬂ'ectibus
3502 3236 3699 3300 obstat,

2114 3338 2318 3394 easque
2337 3323 2586 3394 prohibet
2619 3331 2779 3392 atque
2808 3321 3097 3386 refraenat,
3143 3322 3342 3377 malum
3389 3337 3529 3390 esse,
3575 3324 3700 3394 quia

2114 3416 2195 3470 eis
2226 3423 2399 3470 nocet.
2438 3413 2566 3469 lude
2590 3422 2706 3479 est,
2736 3413 2879 3483 quod
2908 3414 3071 3468 etiam
3103 3413 3144 3446 ”
3172 3413 3388 3469 divinae
3413 3415 3699 3485 providen-

2118 3508 2223 3561 tiae
2246 3505 2766 3560 administrationem
2784 3503 3136 3576 redarguunt,
3157 3504 3416 3571 dicentes,
3436 3506 3691 3576 impetum

2116 3596 2317 3669 liberae
2362 3595 2651 3649 voluntatis
2689 3596 2745 3657 in
2775 3593 2957 3664 aliquo
2989 3595 3235 3664 impediri
3267 3594 3350 3648 vel
3380 3597 3585 3651 retrahi
3616 3597 3698 3651 vel

2115 3690 2353 3761 extingui
2396 3688 2593 3743 malum
2622 3702 2761 3751 esse,
2802 3687 3108 3759 ignorantes
3159 3685 3261 3740 hoc
3306 3694 3475 3741 totum
3523 3687 3590 3741 ad
3620 3688 3699 3742 di-

2114 3782 2272 3851 vinae
2329 3779 2587 3835 bonitatis
2642 3778 2938 3849 piissimam
3003 3776 3342 3847 clementiam
3404 3779 3697 3848 pertinere.

2112 3873 2313 3946 Optimi
2361 3873 2556 3944 quippe
2595 3871 3034 3943 serenissimique
3073 3869 3368 3936 conditoris
3405 3882 3508 3938 est,
3538 3875 3697 3936 bona,

2112 3966 2255 4035 quod
2286 3963 2443 4029 fecit,
2475 3963 2782 4034 providere,
2813 3977 2881 4018 ne
2905 3973 3112 4032 pereat,
3138 3964 3301 4035 inque
3326 3965 3438 4019 suis
3466 3962 3700 4034 propriis

2112 4054 2685 4124 norivisquemotibus
2717 4062 3022 4108 evaueseat.
3083 4052 3215 4108 illud
3264 4069 3480 4124 quoque
3531 4054 3696 4108 veluti

2110 4146 2311 4204 malum
2358 4148 2410 4200 in
2449 4145 2689 4201 omnium
2730 4145 3295 4200 misericordissimum
3327 4145 3695 4206 ordinatorcm

2110 4242 2421 4305 refundunt,
2471 4240 2662 4309 punire
2704 4240 2848 4310 quod
2894 4238 3053 4304 fecit,
3096 4239 3430 4309 garricntcs,
3480 4243 3544 4294 ad
3595 4240 3698 4315 hoc

2111 4334 2308 4392 multos
2334 4330 2476 4387 Deus
2501 4329 2650 4394 fecit,
2687 4340 2745 4384 ut
2770 4344 2864 4385 eos
2894 4329 3128 4400 puniret,
3154 4344 3217 4384 eo
3238 4320 3397 4386 modo
3426 4332 3537 4385 irae
3567 4322 3696 4391 suae
3783 4336 3789 4341 ’

2110 4429 2254 4483 viam
2297 4426 2539 4481 invenire
2576 4424 2777 4487 volens,
2832 4440 2935 4478 non
2968 4424 3482 4487 animadvertentes,
3526 4422 3693 4477 Deum

2110 4520 2162 4574 in
2195 4517 2359 4582 llllllO,
2389 4516 2530 4586 quod
2566 4514 2691 4569 fecit
2718 4515 2940 4583 partire;
2995 4514 3135 4582 quod
3183 4525 3360 4567 autem
3398 4530 3503 4567 non
3545 4511 3692 4576 fecit,

2111 4610 2286 4681 puniri
2318 4606 2599 4677 permittit.
2657 4604 2857 4674 Turpia
2885 4620 3098 4677 quoque
3125 4605 3515 4676 inhonestaque
3548 4605 3693 4661 facta

2113 4718 2208 4757 sua
2234 4703 2287 4756 in
2311 4700 2478 4754 Deum
2507 4697 2778 4763 referunt;
2814 4700 2963 4752 aiunt
2998 4698 3163 4764 enim,
3211 4699 3255 4753 si
3302 4699 3407 4755 hoc
3451 4699 3695 4755 Creatori

2111 4792 2350 4846 omnium
2406 4788 2758 4857 displiceret,
2802 4803 3143 4858 nequaquam
3197 4788 3311 4842 ﬁeri
3364 4789 3418 4842 in
3464 4784 3687 4849 natura,

2112 4899 2273 4954 quam
2320 4881 2468 4945 fecit,
2515 4879 2735 4935 sineret.
2790 4878 2910 4936 1am
2956 4893 3083 4934 vero
3123 4894 3227 4933 non
3262 4879 3432 4934 solum
3468 4879 3688 4948 pulchra

2110 4985 2163 5030 et
2192 4974 2436 5033 honesta,
2468 4985 2653 5023 verum
2688 4969 2850 5024 etiam
2886 4968 3171 5024 inhoneSta
3217 4976 3271 5021 et
3314 4970 3492 5038 turpia
3538 4983 3691 5023 crea-

2112 5077 2264 5121 turae
2296 5078 2425 5119 suae
2453 5062 2662 5117 mixtim
2689 5059 2733 5091 ε’
2762 5062 2997 5115 inserere
3041 5060 3478 5131 praedestinavit,
3527 5071 3585 5114 ut
3617 5074 3687 5116 ev

2109 5160 2193 5215 his
2238 5156 2482 5226 justitiae
2532 5150 2957 5208 nianil‘estandae
3012 5152 3323 5205 occasiones
3350 5149 3638 5206 inveniret
3667 5192 3686 5217 ,

428 5261 551 5323 lace
576 5263 774 5335 perfrui
800 5263 1060 5328 videmus,
1099 5276 1286 5317 verum
1343 5259 1509 5315 etiam
1558 5272 1679 5314 eam
1728 5254 1771 5287 ¹³
1816 5254 2005 5326 fugere
2112 5250 2334 5322 pulchre
2367 5247 2583 5327 quidem
2610 5244 2941 5313 honesteque
2980 5241 3133 5311 juxta
3180 5241 3392 5297 divinas
3431 5241 3574 5312 leges
3608 5242 3688 5294 vi.

1044 5370 1045 5373 “
1125 5415 1141 5420 -
1741 5364 1994 5420 νΑιιιΑΕ
2030 5358 2432 5419 LECTIONES.

1260 5485 1431 5543 ’Aet.
1504 5482 1690 5539 'Aet.

1298 5554 1349 5591 ³³
1376 5554 1423 5613 Δ
1458 5555 1717 5620 Tollritnr.

1511 5628 1553 5660 "
1584 5628 1780 5683 vixero!
1802 5638 1909 5678 om.
1927 5622 1995 5678 Α.

501 5492 519 5523 ⁹
611 5486 864 5573 Superbia
880 5488 1032 5573 .(ique
1053 5488 1188 5612 om.)

501 5574 609 5612 mi.
683 5565 707 5597 ’
739 5560 828 5612 bit:
850 5559 958 5612 Lb:
989 5563 1028 5612 Α
1072 5577 1188 5612 nm

434 5559 609 5629 fuerit.
683 5565 707 5597 ’
739 5560 828 5631 Sit:
850 5559 958 5631 Cl",
989 5563 1028 5615 Α
1060 5559 1224 5631 jutle.

434 5627 481 5667 δ’
504 5634 569 5687 sit
600 5648 707 5687 oni.
725 5630 791 5684 Δ.
871 5629 914 5661 ³⁸
937 5630 996 5701 in
1020 5627 1223 5701 inferno
1241 5646 1349 5685 om.
1367 5627 1431 5683 Δ.

442 5705 485 5737 ³⁸
520 5702 748 5770 Sict)";
791 5704 829 5758 Α
876 5700 1111 5757 mixtum.

1767 5481 1788 5513 ⁵
1815 5480 1896 5535 leo
1922 5494 2033 5534 om.
2065 5477 2129 5532 A.

1794 5552 1835 5583 “
1871 5553 1914 5604 Δ
1943 5550 2206 5622 eloquium
2246 5548 2362 5600 Dei.

2451 5474 2474 5507 ⁸
2498 5474 2547 5527 in
2574 5471 2741 5527 nulla.
2816 5471 2835 5498 ’
2865 5471 2903 5524 Α
2930 5468 3031 5523 vel.
3109 5469 3127 5499 '
3148 5466 3365 5535 Sit-.(ZF;
3390 5468 3429 5520 A
3456 5483 3686 5524 reversus

2438 5546 2482 5577 "
2503 5543 2550 5599 Α
2578 5540 2794 5597 tollatur
2889 5542 2934 5581 ¹³
2959 5556 3073 5595 eam
3097 5539 3290 5596 om.A.
3378 5537 3421 5569 “
3452 5537 3493 5592 A
3522 5539 3682 5608 quod.

2614 5614 2655 5647 "
2683 5612 2773 5669 Sic
2796 5612 2885 5669 CF
2902 5654 2916 5679 ,
2945 5612 2990 5667 Α
3028 5610 3160 5665 Inde
3195 5611 3350 5664 etiam
3389 5620 3485 5677 est,
3522 5610 3681 5681 quod.

2204 5477 2375 5530 Ἀει.

2074 5621 2119 5657 η
2138 5635 2272 5690 quae
2300 5631 2407 5672 oin.
2431 5614 2536 5671 CF.
