4210 6268
406 2410 415 2418 -
499 2376 713 2432 divinae
774 2377 1288 2447 praedestinationis
1352 2374 1595 2445 profecta
1670 2385 1815 2430 sunt.

483 353 592 413 969

1343 359 1432 416 es
1467 353 1807 417 omsrous
1847 355 2209 415 annuae.
2249 385 2320 399 -
2355 319 2570 413 nam
2598 342 2916 426 animus;
2996 309 3005 314 ’

3661 347 3768 408 970
3788 327 3800 339 ’

485 444 737 504 rentibus
775 446 1038 519 praemia;
1081 453 1574 522 trausgressoribus
1611 467 1743 510 vero
1789 451 2079 523 turpitudi—
2107 456 2158 512 Α
2187 452 2240 507 in
2271 451 2476 508 intimis
2510 457 2950 515 autem'naturae
2977 446 3186 504 sinibus
3207 447 3384 504 adhuc
3410 444 3773 510 occultantur,

485 537 679 608 nisque
696 549 760 613 et
792 537 1154 596 inbonestatis
1178 542 1428 597 sordibus
1449 543 1831 598 contaminatis
1877 541 2084 612 suppli-

485 628 572 684 cia
596 625 921 694 redditurus,
950 631 1196 701 utrisque
1225 641 1404 686 autem
1419 631 1567 700 juste
1599 633 1893 688 secundum
1927 633 2110 702 prae-'

489 717 913 774 destinationem
965 735 1186 776 suarum
1241 721 1549 778 inevitabile
1588 723 1943 794 propositum.
2005 722 2088 778 Ae

488 823 587 880 per
614 811 736 873 hoc,
769 819 828 864 ut
851 813 927 866 ait
949 813 1260 883 Apostolus,
1286 814 1540 871 voluntati
1570 817 1684 885 ejus
1709 816 1824 886 quis
1855 816 2088 871 resistit?

490 899 557 954 Et
584 910 599 942 ι
629 899 710 956 sic
762 903 924 957 totius
948 918 1236 974 perversae
1265 921 1397 960 suae
1422 907 2083 963 conversationisineom-

491 991 778 1048 mutabiles
805 997 826 1029 ³
868 1008 1062 1050 causas
1090 995 1287 1051 divinis
1305 998 1887 1066 praedestiuatioaibus
1913 998 2087 1054 ascri-

407 1090 418 1099 '
491 1084 626 1138 bunt
675 1083 726 1150 ³,’
759 1099 866 1140 non
907 1084 1148 1141 valentes
1184 1099 1476 1143 occaecato
1516 1097 1572 1143 et
1603 1089 1877 1158 insipienti
1926 1091 2090 1147 corde

492 1175 689 1239 intueri
718 1193 984 1232 summam
1009 1178 1304 1234 bonitatem
1336 1190 1389 1236 et
1417 1181 1896 1252 pulchritudinem,
1919 1192 1996 1250 et,
2029 1191 2090 1240 ut

490 1269 804 1338 expressius
832 1270 1238 1350 dicatn,t0tius
1266 1257 1526 1328 bonitatis
1571 1281 1628 1328 et
1673 1273 2092 1350 pulchritudinis

489 1369 545 1413 et
566 1359 866 1416 honestatis
884 1345 1266 1418 inexhaustum
1287 1372 1342 1418 et
1365 1354 1471 1420 non
1493 1363 1836 1421 deiicientem
1859 1346 2088 1430 fontem,

492 1451 632 1509 sient
664 1453 862 1509 nullius
892 1453 1016 1509 ntali
1049 1455 1130 1510 vel
1165 1455 1425 1522 malitiae,
1464 1457 1540 1512 ita
1570 1455 1768 1513 nullius
1797 1457 2088 1528 turpitudi-

493 1544 577 1597 nis
624 1544 708 1598 vel
751 1545 965 1615 turpis,
1021 1543 1222 1602 nullius
1269 1548 1540 1603 inhonesti
1590 1548 1672 1602 vel
1728 1547 2102 1602 inltonestatis

493 1647 684 1690 auctor
735 1643 818 1691 est
871 1636 954 1692 vel
1007 1638 1462 1708 praedestinatum
1516 1636 1661 1694 llaec
1712 1639 1858 1694 enim
1909 1637 2096 1694 ornuia

495 1729 946 1786 irrationabilitnn
977 1733 1331 1802 utpiditatum
1360 1733 1574 1787 inventa
1605 1741 1748 1788 sunt.
1791 1729 1925 1785 Nam
1955 1731 2000 1785 si
2022 1745 2091 1785 ex

2185 545 2359 600 donec
2406 543 2459 599 in
2511 542 2910 600 restauratioue
2955 541 3242 597 universae
3291 547 3572 596 creaturae
3621 537 3662 572 ιι
3721 537 3776 592 iu

2187 635 2532 690 manifestum
2557 634 2880 704 procedant,
2921 633 3139 704 quando
3180 633 3382 687 veritas
3429 631 3481 686 in
3526 629 3778 685 omnibus

2185 729 2481 800 apparebit,
2505 727 2888 800 praefataeque
2912 715 3176 782 vanitates
3196 736 3249 780 et
3273 725 3436 781 falsae
3467 721 3776 779 mortalium

2187 823 2254 878 de
2313 823 2568 878 Creatore
2624 829 2673 878 et
2734 831 2979 877 creatura
3057 818 3411 890 cogitationes
3481 816 3778 887 peribunt,

2185 917 2403 985 quando
2430 915 2572 971 Deus
2613 915 2789 972 omnia
2826 915 2884 969 in
2907 914 3147 969 omnibus
3173 915 3292 974 erit,
3323 911 3633 980 nullumque
3663 924 3784 963 ma-

2186 1006 2297 1061 lum
2323 1006 2407 1062 vel
2435 1014 2592 1076 turpe
2623 1005 2703 1060 vel
2733 1006 3074 1061 inhonestum
3103 1003 3184 1058 vel
3213 1001 3468 1070 injustum
3507 1001 3556 1054 in
3588 999 3778 1054 ordino

2187 1104 2243 1150 et
2267 1095 2665 1168 pulchritudine
2695 1110 2873 1155 rerum
2902 1095 3142 1150 omnium
3167 1092 3490 1156 invenietur,
3523 1099 3578 1148 et
3600 1103 3796 1152 ουτος..

2188 1191 2330 1262 quod
2355 1190 2666 1245 vanissimis
2688 1188 2998 1246 mortalium
3027 1187 3370 1257 opinionibus
3411 1184 3794 1254 machinatum

2189 1290 2298 1350 est,
2323 1281 2698 1348 evacuabitur,
2730 1281 2957 1350 idquue
2998 1280 3216 1352 penitus
3260 1278 3620 1340 interimetur,
3654 1290 3787 1345 quo-

2191 1376 2337 1432 niam
2377 1373 2511 1432 nihil
2544 1382 2650 1430 est.
2697 1371 2744 1429 0
2794 1382 3056 1444 quantum
3103 1371 3249 1427 beati
3289 1369 3436 1434 sunt,
3483 1369 3574 1440 qui
3623 1366 3787 1422 simul

2189 1465 2395 1531 omnia,
2425 1479 2565 1536 quae
2585 1471 2710 1534 post
2732 1463 2901 1518 Deum
2949 1463 3330 1528 sunt,,meutis
3379 1459 3655 1516 obtutibus
3702 1456 3786 1509 vi-

2193 1557 2344 1622 dent,
2388 1566 2443 1612 et
2497 1554 2684 1612 visuri.
2720 1556 2886 1613 sunt!
2935 1554 3174 1621 Quorum
3217 1551 3480 1624 judicium
3534 1549 3590 1606 in
3642 1547 3787 1604 nullo

2191 1649 2415 1714 fallitur,
2443 1651 2702 1722 quoniam
2735 1649 2791 1704 in
2828 1649 3059 1704 veritate
3096 1647 3275 1703 munia
3315 1643 3747 1712 contemplantur
3769 1660 3785 1706 ;

2198 1746 2394 1814 quibus
2431 1743 2488 1800 iu
2525 1742 2881 1798 universitate
2908 1751 3229 1797 naturarum
3274 1739 3408 1794 nihil
3457 1736 3679 1791 adeunt
3703 1733 3787 1789 'rcl

486 1823 676 1882 divina
713 1823 1206 1894 praedestitzatione
1258 1826 1626 1894 proiiuerent,
1677 1823 1986 1879 necessario
2039 1822 2094 1897 in
2125 1814 2170 1872 Β
2201 1835 2459 1892 infestum
2487 1848 2591 1892 εει,
2635 1835 2752 1889 Non
2796 1835 2939 1890 enim
2974 1835 3039 1889 de
3073 1846 3229 1902 parte
3266 1831 3536 1898 iudicant,
3584 1831 3677 1882 δεά
3727 1829 3793 1884 «ιο

434 1970 439 1975 _
497 1924 688 1968 natura
725 1929 904 1969 rerum
951 1928 1166 1984 semper
1209 1924 1610 1984 permanerent.
1648 1912 1824 1969 Omne
1872 1911 2091 1982 quippe,

497 2006 638 2076 quod
689 2005 868 2061 divina
918 2007 1411 2077 praedestinatione
1457 2017 1540 2062 est
1582 2006 1924 2076 dispositum,
1975 2004 2100 2075 quis

495 2095 604 2150 dub
631 2096 756 2152 [ait
797 2111 1013 2168 semper
1059 2112 1182 2153 esse
1224 2099 1586 2152 mansurum?
1633 2095 1778 2150 Haec
1821 2104 2003 2150 autem
2043 2095 2098 2150 in

499 2198 780 2244 aeternum
812 2191 1086 2261 peribunt,
1112 2199 1168 2246 et
1191 2189 1578 2246 universaliter
1599 2189 1668 2245 de
1695 2197 1887 2244 natura
1914 2201 2098 2243 rerum

499 2279 876 2335 abolebantur.
949 2279 1068 2336 Non
1135 2281 1300 2352 igitur
1365 2295 1433 2336 ex
1494 2279 1864 2353 aeternalibus
1921 2279 2100 2334 (ansis

1898 2375 2100 2430 Eadem

499 2465 834 2536 hlispbenzia
879 2477 965 2520 est
1006 2467 1072 2522 de
1124 2467 1306 2523 divina
1363 2467 1656 2536 aequitate.
1691 2465 1887 2521 Dicunt
1932 2467 2102 2532 enim,

500 2557 667 2612 Deum
729 2557 1106 2628 inaequalem,
1162 2568 1370 2613 utnon
1423 2558 1600 2624 dicam
1657 2557 1915 2630 injustum
1961 2571 2100 2623 esse,

497 2651 776 2727 quoniam,
809 2659 868 2705 ut
899 2651 1072 2716 aiunt,
1105 2665 1210 2706 non
1253 2649 1558 2720 «aequaliter
1589 2650 1846 2705 omnibus
1889 2648 1914 2682 "
1963 2651 2103 2706 bona

501 2761 598 2802 Sua
623 2745 918 2812 distribuit,
950 2746 1213 2816 quosdam
1233 2744 1504 2806 exultans,
1529 2745 1790 2814 quosdam
1814 2758 2103 2814 spernens,

464 2824 466 2827 ’
501 2837 638 2891 alios
668 2851 935 2906 pauperes
984 2837 1313 2906 relinquens,
1364 2835 1499 2891 alios
1541 2845 1724 2890 autem
1759 2835 1954 2891 divites
1992 2852 2108 2890 rna-

501 2927 792 2998 gnit‘tcaus,
838 2928 976 2984 alios
1019 2928 1285 2985 stultitiae
1333 2926 1566 3000 caligine
1607 2941 1943 2992 occaecans,
1974 2925 2110 2982 alios

503 3019 803 3088 sapientiae
849 3017 1052 3073 lumine
1105 3017 1422 3083 illustrans,
1487 3018 1749 3089 quosdam
1813 3018 2106 3085 dominos,

505 3111 766 3180 quosdam
808 3126 997 3167 servos
1043 3109 1272 3177 faciens,
1313 3119 1370 3166 et
1419 3121 1625 3176 cetera,
1672 3111 1726 3165 in
1763 3111 1962 3182 quibus
2009 3111 2110 3166 hu-

2201 1917 2614 1998 toto,'quoniatn
2647 1941 2822 1994 neque
2848 1924 2985 1980 intra
3017 1933 3203 1994 partes
3233 1915 3420 1986 totius,
3446 1934 3621 1992 neque
3650 1917 3792 1974 intra

2202 2018 2376 2090 ipsum
2427 2027 2597 2072 totum
2653 2013 3182 2086 cmitprehemiuntur
3212 2055 3226 2078 ,
3267 2012 3360 2067 sed
3409 2027 3570 2080 supra
3619 2019 3790 2064 totum

2201 2114 2427 2184 ejusque
2487 2120 2669 2184 partes
2733 2111 3016 2166 altitudine
3075 2105 3548 2177 contemplationis
3604 2116 3796 2158 ascen-

2181 2206 2357 2275 dunt.
2416 2203 2552 2258 Nam
2593 2202 2637 2258 si
2679 2202 2732 2256 in
2769 2215 2999 2256 numero
3053 2200 3285 2269 partium
3337 2197 3500 2253 totius
3531 2237 3546 2262 ,
3597 2210 3689 2248 seu
3740 2194 3794 2246 iu

2206 2299 2459 2369 ipso-toto
2481 2295 2947 2373 conc‘ludercntur,
2975 2291 3216 2363 profecto
3241 2305 3417 2360 neque
3439 2289 3502 2344 de
3527 2287 3794 2358 partibus,

2151 2405 2168 2415 ‘
2206 2403 2382 2460 neque
2419 2389 2488 2444 de
2543 2395 2656 2443 toto
2709 2396 2855 2442 recte
2892 2393 3114 2456 possent
3155 2381 3422 2451 judicare,
3469 2381 3694 2450 ideoque
3723 2377 3794 2440 ei,

2207 2480 2298 2552 qui
2329 2480 2397 2535 de
2420 2479 2665 2551 partibus
2691 2493 2755 2533 ac
2781 2478 2846 2533 de
2875 2485 2985 2531 toto
3019 2472 3406 2542 recteg’ndicat,
3439 2485 3658 2525 necesse
3690 2475 3794 2530 est.

2207 2572 2359 2643 prius
2403 2585 2594 2634 euntes
2638 2578 2825 2639 partes
2882 2580 3150 2636 omneque
3205 2573 3372 2618 totum
3429 2558 3798 2616 univcrsitatis

2209 2663 2456 2720 conditae
2491 2661 2689 2718 mentis
2721 2661 2906 2732 vigore
2939 2667 2995 2713 et
3019 2659 3062 2692 "
3086 2656 3320 2728 puritate
3350 2667 3626 2724 superare,
3660 2649 3800 2706 sicut

2209 2755 2287 2809 ait
2321 2753 2612 2823 Apostolus
2645 2769 2658 2805 :
2696 2748 3002 2822 Spit'itunlis
3029 2746 3411 2816 Imuzojudicat
3451 2743 3658 2807 onmia,
3691 2739 3799 2806 ipso

2210 2857 2466 2901 nutantia
2513 2843 2715 2898 nemine
2751 2840 3049 2911 judicatur.
3106 2836 3213 2894 Se’d
3247 2835 3513 2905 quorsum
3558 2830 3798 2888 ascendit

2213 2933 2512 3006 spiritualis
2545 2923 2634 2988 ille
2673 2931 2866 2996 homo,
2897 2929 2987 3000 qui
3015 2929 3079 2983 de
3107 2925 3358 2982 ouittibus
3385 2923 3626 2993 indicat,
3654 2929 3708 2975 et
3735 2919 3800 2974 de

2213 3045 2322 3102 quo
2349 3043 2508 3084 nemo
2535 3024 2778 3092 iudicare
2812 3031 3016 3095 potest,
3047 3021 3168 3076 nisi
3194 3021 3308 3089 ipse
3338 3019 3515 3080 solus,
3549 3016 3640 3085 qui
3677 3013 3802 3069 fecit

2215 3121 2429 3177 omnia?
2469 3117 2722 3188 .‘iunquid
2759 3117 2809 3170 in
2838 3130 2992 3177 eum,
3023 3114 3118 3182 qui
3147 3112 3328 3166 omnia
3359 3119 3580 3176 superat
3605 3115 3656 3161 et
3685 3120 3802 3160 am-

505 3219 700 3258 manae
727 3193 1054 3260 conditionis
1082 3205 1296 3260 diversa
1323 3213 1380 3260 et
1409 3203 1618 3259 inﬁnita
1649 3205 1884 3260 varietas
1915 3206 1968 3258 in
1999 3203 2100 3260 hac
2129 3193 2176 3256 C
2209 3211 2311 3278 bit,
2343 3219 2397 3266 et
2435 3210 2497 3267 in
2518 3217 2626 3279 quo
2663 3205 2826 3263 sunt?
2868 3206 2925 3260 lu
2966 3205 3140 3274 ipsum
3175 3203 3357 3272 itaque
3404 3201 3572 3255 Deum
3614 3211 3802 3251 ascen-

505 3295 682 3350 adhue
705 3295 920 3351 mortali
942 3296 1050 3351 vita
1074 3297 1418 3367 perspicitur,
1443 3311 1547 3352 non
1574 3296 1848 3352 intuentes
1865 3297 2102 3368 primum

506 3389 750 3458 quidem,
781 3387 1099 3460 temporalia
1129 3397 1184 3444 et
1229 3388 1539 3444 transitoria
1572 3388 1732 3458 hujus
1775 3389 1922 3445 vitae
1962 3388 2103 3444 bona

505 3495 637 3535 vere
662 3480 801 3536 bona
849 3496 953 3536 non
994 3497 1135 3548 esse,
1167 3482 1418 3552 quoniam
1471 3497 1578 3539 non
1619 3494 1846 3554 possunt.
1892 3497 2108 3554 semper

510 3589 750 3639 manere,
784 3581 837 3627 et
870 3564 1283 3644 plus'amatores
1323 3591 1457 3633 suos
1500 3576 1778 3647 decipiunt
1823 3593 1986 3648 quam
2026 3559 2108 3634 eis

497 3676 734 3735 prosunt
759 3705 774 3727 ,
812 3665 1037 3752 umbrae
1059 3669 1257 3740 quippe
1284 3669 1472 3726 inanes
1513 3678 1663 3737 sunt,
1695 3669 1925 3743 ideoque
1952 3671 2114 3727 bonis

416 3756 424 3768 ‘
507 3767 566 3810 et
597 3757 753 3813 malis
794 3759 1214 3824 distribuuntur,
1251 3761 1507 3829 quoniam
1550 3761 1618 3816 ab
1663 3761 1915 3817 omnibus
1953 3762 2107 3817 aufe-

515 3860 704 3902 rentur
733 3849 773 3916 ³,
805 3859 982 3904 tamen
1033 3849 1054 3881 ⁶
1106 3850 1410 3906 inordinate
1463 3862 1516 3906 et
1572 3851 1856 3908 inconfuse
1884 3854 1905 3886 ⁷
1933 3854 2108 3909 omni-

512 3937 616 3994 bus
641 3942 859 3994 dantur.
902 3939 1017 3996 Non
1045 3941 1187 3998 enim
1216 3941 1553 4000 solummodo
1578 3954 1800 3999 aeterna
1824 3924 2108 4016 perpetuo-

511 4048 617 4102 que
645 4033 1020 4104 perman'sura,
1050 4047 1238 4086 rerum
1267 4033 1429 4088 etiam
1463 4033 1778 4104 temporalia
1813 4046 1868 4090 et
1909 4037 2112 4092 caduca

513 4127 679 4181 certis
729 4124 1160 4180 ordinationibus
1197 4125 1310 4180 suis
1363 4125 1769 4196 dispensantur,
1813 4127 1867 4182 in
1917 4129 2114 4198 quibus

514 4220 858 4290 pulchritudo
884 4227 937 4274 et
963 4228 1308 4273 aeternorum
1339 4227 1394 4274 et
1425 4219 1801 4291 temporalium
1838 4221 2116 4277 constitui-

517 4320 625 4366 tur.
667 4310 870 4365 Deinde
901 4325 1010 4365 non
1035 4311 1056 4342 ⁸
1087 4310 1464 4377 considerant,
1499 4309 1771 4380 quomodo
1813 4311 1835 4342 ’
1875 4312 2114 4382 justissi-

513 4417 638 4455 mus
693 4401 936 4455 omnium
983 4401 1260 4464 conditor,
1308 4401 1748 4471 sapientissimus
1809 4403 2113 4471 ordinator,

517 4495 810 4564 unicuique
840 4495 1148 4550 secundum
1189 4495 1569 4564 providentiae-
1588 4511 1716 4552 suae
1744 4495 1888 4566 leges
1917 4499 2116 4567 imper--

515 4589 650 4642 titur
675 4587 1167 4659 largissimae-suae
1188 4588 1446 4644 bonitatis
1467 4591 1712 4646 dationes
1735 4598 1788 4645 et
1804 4589 1848 4621 ¹⁰
1873 4591 2116 4645 donatio—
2149 4567 2196 4624 D

518 4693 636 4738 nos,
667 4686 722 4732 ct
753 4679 805 4732 in
839 4677 1246 4743 nuliol'allitnr;
1278 4677 1589 4732 mortalium
1640 4677 1769 4734 νεῖ-ο
1816 4679 1950 4734 {uisa
1995 4687 2120 4732 sunt

512 4767 716 4837 judicia
767 4767 836 4823 de
880 4768 1062 4823 divina
1109 4767 1449 4839 providentia
1496 4777 1552 4824 et
1605 4771 2119 4836 administratione,

519 4860 670 4922 dtnn,
701 4859 832 4929 quid
862 4859 914 4914 in
951 4858 1055 4916 hac
1087 4859 1363 4931 republica
1403 4861 1781 4917 universitatis
1826 4861 2120 4918 visibilium

519 4962 576 5008 et
602 4951 952 5007 invisibilium
983 4960 1194 5024 agatur,
1232 4952 1501 5008 nesciunt.
1540 4951 1768 5024 Insuper
1796 4954 1963 5009 etiam
1991 4953 2124 5009 insi—

521 5044 894 5114 pientissimos
919 5059 1105 5109 eorum
1132 5044 1343 5099 animos
1375 5041 1536 5114 fugit,
1578 5045 1720 5114 quod
1752 5044 2117 5116 aequissimus

521 5137 789 5190 bonorum
815 5136 1058 5190 uirtutium
1089 5137 1316 5208 largitor
1351 5135 1616 5216 naturalia
1649 5136 1790 5206 bona
1821 5136 2120 5205 aequaliter

524 5227 776 5282 omnibus
798 5228 1072 5297 partitur;
1105 5222 1375 5283 naturalia
1406 5228 1549 5282 enim
1570 5226 1710 5282 bona
1733 5227 1920 5282 eodem
1961 5226 2119 5281 modo

524 5327 579 5373 et
606 5319 762 5373 bonis
789 5327 845 5372 et
871 5317 1029 5373 malis
1053 5317 1382 5383 tribuuntur,
1410 5333 1549 5388 quae
1579 5318 1632 5372 in
1664 5318 1748 5372 bis
1775 5316 2118 5372 sensibilibth

527 5410 964 5479 transifnriisque
991 5414 1152 5465 rebus
1195 5409 1339 5464 nullo
1367 5409 1526 5465 modo
1562 5419 1790 5479 possunt
1828 5421 2104 5480 apparere,

2207 3305 2304 3371 dit,
2330 3304 2420 3376 qui
2453 3301 2861 3366 universitatem
2883 3308 3168 3354 creaturae
3195 3295 3352 3350 simul
3383 3287 3798 3359 contemplatur,

2208 3411 2264 3455 et
2289 3398 2580 3464 discernit,
2607 3404 2664 3450 et
2691 3393 2977 3463 dijudicat;
3012 3402 3188 3462 neque
3230 3387 3345 3458 ejus
3372 3386 3635 3456 judicium
3665 3382 3804 3436 tittib-

2210 3499 2318 3558 tur,
2347 3489 2602 3560 quoniam
2642 3486 2695 3540 in
2744 3487 2859 3555 ipsa
2900 3483 3160 3545 veritate.
3209 3495 3347 3549 quae
3380 3492 3481 3534 nec
3525 3472 3661 3530 fallit
3705 3489 3804 3528 uec

2209 3583 2414 3640 fallitur
2440 3580 2518 3646 “,
2552 3579 2676 3650 quia
2704 3585 2814 3640 est,
2849 3575 2992 3644 quod
3043 3575 3157 3646 ipsa
3196 3569 3240 3604 l‘
3261 3578 3375 3635 est,
3415 3567 3597 3624 omnia
3637 3564 3804 3620 videt.

2217 3677 2425 3734 Virtute
2473 3672 2738 3744 siquidem
2797 3669 3023 3724 intimae
3078 3663 3462 3736 speculationis
3509 3657 3806 3730 spiritualis

2212 3771 2375 3833 homo
2425 3769 2479 3824 in
2525 3742 2722 3823 causas
2756 3776 2962 3826 rerum,
3002 3759 3069 3813 de
3109 3758 3307 3828 quibus
3345 3754 3576 3826 iudicat,
3615 3753 3802 3806 intrat.
3849 3742 3862 3748 ³

2214 3861 2330 3916 Non
2361 3861 2504 3915 enim
2530 3856 2688 3928 juxta
2715 3853 3015 3910 exteriores
3035 3849 3370 3906 sensibilium
3392 3860 3568 3900 rerum
3597 3841 3806 3912 species

2216 3952 2476 4012 discernit
2503 3947 2716 4009 omnia,
2759 3957 2948 3997 verum
2980 3941 3134 4011 juxta
3171 3939 3458 3992 interiores
3499 3948 3681 3988 carum
3723 3945 3810 3984 ra-

2218 4046 2424 4110 tiones,
2455 4051 2510 4096 et
2537 4033 3004 4094 incommutabiles
3029 4030 3363 4092 occasiones,
3386 4025 3528 4095 print
3545 4023 3808 4091 ipaliaquo

2217 4130 2488 4202 exempla,
2511 4129 2562 4183 in
2591 4127 2787 4197 quibus
2816 4123 2994 4178 omnia
3025 4119 3183 4176 simul
3213 4125 3358 4181 sunt,
3389 4126 3444 4170 et
3473 4131 3635 4168 unum
3660 4122 3803 4166 sunt.

2216 4224 2294 4281 Ibi
2332 4238 2463 4294 ergo
2494 4217 2788 4290 spiritualis
2811 4216 2974 4270 homo
2996 4213 3202 4284 iudicat
3235 4207 3414 4264 omnia
3440 4249 3453 4273 ,
3500 4207 3585 4261 ubi
3628 4207 3808 4259 omnia

2218 4331 2385 4372 unum
2426 4322 2570 4378 sunt,
2601 4321 2656 4367 et
2683 4325 2812 4366 vere
2845 4317 2898 4362 et
2939 4304 3354 4361 immutabiliter
3377 4302 3564 4356 vivunt
3596 4311 3648 4354 et
3683 4297 3810 4354 sub~

2219 4407 2434 4468 sistunt,
2461 4411 2516 4456 et
2543 4417 2652 4470 quo
2675 4399 2881 4464 omnia,
2906 4411 3044 4465 quae
3075 4412 3142 4450 ex
3165 4393 3210 4426 ¹⁸
3231 4389 3668 4463 primordialihus
3698 4388 3810 4444 suis

2220 4498 2400 4554 causis
2436 4494 2674 4565 profecta
2696 4501 2840 4555 sunt,
2869 4505 3150 4545 rever-sura
3175 4497 3320 4546 sunt.
3345 4497 3399 4540 et
3421 4501 3648 4556 quorum
3678 4481 3812 4538 nihil

2221 4597 2377 4646 extra
2406 4586 2740 4656 relinquetur
2771 4581 3159 4652 temporalibus
3199 4575 3645 4633 :uutabilitatibus
3683 4575 3812 4628 sub-

2214 4685 2440 4753 jectum,
2472 4693 2566 4733 seu
2601 4675 2862 4732 localibus
2894 4671 3489 4740 eircumscriptionibns
3522 4669 3808 4726 inclusum.

2221 4773 2436 4847 quando
2467 4768 2790 4825 universitas
2816 4766 2862 4798 ⁴⁶
2897 4777 3121 4820 naturae
3153 4778 3312 4832 super
3333 4761 3512 4819 omnia
3543 4759 3729 4813 locaha
3757 4764 3811 4810 et

2224 4861 2536 4934 temporalia
2575 4860 2748 4930 spatia
2791 4860 2844 4914 in
2879 4871 3073 4911 causas
3115 4869 3276 4918 suas,
3308 4852 3586 4923 inquibus
3625 4851 3804 4905 omnia

2221 4969 2387 5007 unum
2415 4959 2573 5016 sunt,
2609 4948 2761 5003 linito
2802 4944 3044 5001 sensibili
3086 4943 3285 4998 mundo
3317 4949 3633 4996 revertetur.
3673 4939 3807 4995 Nam

2222 5055 2278 5099 et
2308 5045 2421 5114 ipsa
2452 5042 2568 5096 loca
2600 5048 2656 5095 et
2693 5048 2934 5107 tempora
2974 5049 3094 5090 cum
3141 5034 3422 5095 omnibus,
3466 5047 3604 5104 quae
3646 5034 3696 5086 in
3731 5033 3810 5087 eis

2223 5134 2400 5189 adhuc
2429 5133 2481 5188 in
2509 5132 2612 5186 hac
2633 5131 2742 5184 vita
2773 5128 3089 5180 ordinantur
3118 5136 3166 5174 ut
3192 5133 3477 5176 Moventur
3501 5133 3552 5175 et
3581 5123 3814 5174 cirum"-

2225 5225 2565 5285 scribuntur,
2601 5222 2651 5272 in
2683 5233 2812 5272 suas
2837 5225 3086 5270 aeternas
3119 5213 3354 5268 rationes
3385 5213 3558 5266 redire
3591 5227 3813 5265 necesse

2227 5324 2305 5369 est
2326 5355 2338 5374 .
2367 5330 2502 5383 quas
2535 5312 2773 5365 rationes
2805 5321 3044 5376 tempora
3078 5315 3293 5360 aeterna
3321 5305 3498 5361 divina
3529 5289 3686 5356 rev-at
3727 5303 3811 5357 hi-

2234 5407 2418 5463 storia.
2461 5401 2737 5472 Quomodo
2767 5400 2909 5454 enim
2943 5399 3296 5453 remanebunt
3337 5407 3572 5465 tempora
3613 5415 3681 5448 st-
3707 5396 3810 5447 ula-

1867 5551 2122 5607 VARIAE
2161 5548 2561 5605 LECTIONES.

599 5679 618 5711 ι
646 5673 690 5727 Α
722 5670 812 5728 Ut.
891 5677 912 5706 ³
943 5679 987 5729 A
1021 5675 1388 5730 inmutabiles.
1466 5675 1488 5708 ³
1522 5672 1568 5731 Α
1598 5677 1860 5731 asa-ibunt

527 5740 680 5813 'A‘iic
719 5743 843 5809 CF,
884 5745 930 5799 Λ
982 5749 1214 5813 confluo.
1320 5748 1341 5778 ⁸
1391 5764 1494 5801 mm
1543 5762 1652 5801 om.
1707 5750 1771 5800 Α.

530 5811 692 5865 ’λι-,ἰν
717 5813 832 5882 CF;
868 5815 914 5870 Λ
944 5832 1034 5870 nec
1065 5811 1273 5884 fallitur
1305 5834 1396 5872 nec
1421 5816 1580 5886 fallit.
1745 5818 1832 5871 5H"
1871 5821 1885 5868 ί
1918 5818 1933 5869 ἶ
1979 5834 1991 5880 ἓ

1932 5675 1944 5704 "
1981 5675 2218 5730 omnibus
2247 5689 2356 5727 om.
2402 5673 2457 5728 Α.
2537 5674 2556 5708 ⁸
2599 5673 2688 5726 Sic
2723 5673 2838 5726 CF:
2868 5673 2909 5722 Α
2937 5681 3130 5744 ungunt

1863 5749 1884 5778 τ’
1929 5745 1964 5799 Α
2007 5747 2275 5811 quoniam.
2355 5745 2397 5774 ’“
2437 5745 2674 5796 datiuum;
2711 5754 2756 5792 ut
2794 5756 2902 5816 unt.
2947 5740 3006 5816 .\_.
3047 5807 3056 5816 '
3103 5759 3108 5764 -

2029 5818 2065 5870 ,ἱ
2106 5819 2229 5870 ’itau.
2342 5817 2444 5868 :t'.“
2475 5831 2580 5868 om.
2621 5821 2681 5866 ὅ.
2787 5811 2827 5836 ’δ
2976 5812 2990 5854 ξ

2537 5674 2556 5708 ⁸
2599 5669 2688 5726 Sic
2723 5669 2838 5726 CF:
2868 5669 2909 5722 Α
2937 5677 3264 5734 (ινμῗγιιιέίῖίὲ,
3412 5673 3453 5711 ε..
3489 5694 3511 5708 ..
3535 5677 3579 5710 tu
3615 5687 3622 5704 .
3654 5676 3720 5710 εει.
3775 5691 3785 5702 .

3178 5736 3220 5788 ,λι
3259 5745 3498 5784 ιηιίῖιιϊιρ.
3614 5734 3620 5743 ³
3730 5767 3736 5774 .
3767 5747 3784 5776 ε

2342 5817 2444 5868 ’r.”
2475 5831 2580 5868 om.
2621 5821 2681 5866 Γ),
2787 5811 2827 5836 "°'
2976 5807 3094 5858 ﬁt":
3129 5811 3166 5859 .‘t
3211 5845 3219 5856 .
3253 5835 3256 5842 -
3351 5805 3552 5852 -.<i.'.t:..
