  <div class='ocr_page' id='page_1' title='image "/cluster/home/n/w/nwhite01/storage/ocr_20150623/122/uva.x000503459/528.png"; bbox 0 0 4210 6234; ppageno 0'>
   <div class='ocr_carea' id='block_1_1' title="bbox 475 265 584 325">
    <p class='ocr_par' dir='ltr' id='par_1_1' title="bbox 475 265 584 325">
     <span class='ocr_line' id='line_1_1' title="bbox 475 265 584 325; baseline 0 0"><span class='ocrx_word' id='word_1_1' title='bbox 475 265 584 325; x_wconf 80' lang='lat'><strong>977</strong></span> 
     </span>
    </p>
   </div>
   <div class='ocr_carea' id='block_1_2' title="bbox 1337 250 2909 351">
    <p class='ocr_par' dir='ltr' id='par_1_2' title="bbox 1337 250 2909 351">
     <span class='ocr_line' id='line_1_2' title="bbox 1337 250 2909 351; baseline 0.004 -23"><span class='ocrx_word' id='word_1_2' title='bbox 1337 273 1426 329; x_wconf 81' lang='lat' dir='ltr'><strong>BE</strong></span> <span class='ocrx_word' id='word_1_3' title='bbox 1467 271 1805 331; x_wconf 70' lang='lat' dir='ltr'><strong>DlYlSlONE</strong></span> <span class='ocrx_word' id='word_1_4' title='bbox 1844 272 2194 332; x_wconf 75' lang='lat' dir='ltr'><strong>NATURAE.</strong></span> <span class='ocrx_word' id='word_1_5' title='bbox 2237 309 2297 320; x_wconf 90' lang='lat'><strong>-</strong></span> <span class='ocrx_word' id='word_1_6' title='bbox 2343 250 2551 336; x_wconf 30' lang='lat' dir='ltr'><strong>LIBERI</strong></span> <span class='ocrx_word' id='word_1_7' title='bbox 2586 279 2909 351; x_wconf 70' lang='lat' dir='ltr'><strong>QUINTUS.</strong></span> 
     </span>
    </p>
   </div>
   <div class='ocr_carea' id='block_1_3' title="bbox 3638 278 3749 340">
    <p class='ocr_par' dir='ltr' id='par_1_3' title="bbox 3638 278 3749 340">
     <span class='ocr_line' id='line_1_3' title="bbox 3638 278 3749 340; baseline -0.009 0"><span class='ocrx_word' id='word_1_8' title='bbox 3638 278 3749 340; x_wconf 75' lang='lat'><strong>978</strong></span> 
     </span>
    </p>
   </div>
   <div class='ocr_carea' id='block_1_4' title="bbox 472 379 3750 467">
    <p class='ocr_par' dir='ltr' id='par_1_4' title="bbox 472 379 3750 467">
     <span class='ocr_line' id='line_1_4' title="bbox 472 379 3750 467; baseline 0.005 -32"><span class='ocrx_word' id='word_1_9' title='bbox 472 395 649 454; x_wconf 79' lang='lat' dir='ltr'><strong>poena</strong></span> <span class='ocrx_word' id='word_1_10' title='bbox 680 379 807 440; x_wconf 85' lang='lat' dir='ltr'><strong>erit.</strong></span> <span class='ocrx_word' id='word_1_11' title='bbox 838 384 900 437; x_wconf 88' lang='lat' dir='ltr'><strong>ut</strong></span> <span class='ocrx_word' id='word_1_12' title='bbox 930 395 1089 452; x_wconf 84' lang='lat' dir='ltr'><strong>saepe</strong></span> <span class='ocrx_word' id='word_1_13' title='bbox 1125 379 1385 450; x_wconf 75' lang='lat' dir='ltr'><strong>diximus,</strong></span> <span class='ocrx_word' id='word_1_14' title='bbox 1421 384 1599 441; x_wconf 81' lang='lat' dir='ltr'><strong>luctus</strong></span> <span class='ocrx_word' id='word_1_15' title='bbox 1634 392 1687 439; x_wconf 90' lang='lat' dir='ltr'><strong>et</strong></span> <span class='ocrx_word' id='word_1_16' title='bbox 1727 385 1944 467; x_wconf 84' lang='lat' dir='ltr'><strong>tristitia</strong></span> <span class='ocrx_word' id='word_1_17' title='bbox 1992 384 2058 440; x_wconf 83' lang='lat' dir='ltr'><strong>tie</strong></span> <span class='ocrx_word' id='word_1_18' title='bbox 2086 391 2135 451; x_wconf 71' lang='grc' dir='ltr'>Α</span> <span class='ocrx_word' id='word_1_19' title='bbox 2164 390 2269 445; x_wconf 70' lang='lat' dir='ltr'><strong>niis</strong></span> <span class='ocrx_word' id='word_1_20' title='bbox 2289 390 2595 446; x_wconf 82' lang='lat' dir='ltr'><strong>divinarum</strong></span> <span class='ocrx_word' id='word_1_21' title='bbox 2617 392 2878 447; x_wconf 88' lang='lat' dir='ltr'><strong>virtutum</strong></span> <span class='ocrx_word' id='word_1_22' title='bbox 2905 392 3105 447; x_wconf 84' lang='lat' dir='ltr'><strong>laboris</strong></span> <span class='ocrx_word' id='word_1_23' title='bbox 3130 394 3211 448; x_wconf 92' lang='lat' dir='ltr'><strong>sui</strong></span> <span class='ocrx_word' id='word_1_24' title='bbox 3242 395 3564 461; x_wconf 75' lang='lat' dir='ltr'><strong>mercedem,</strong></span> <span class='ocrx_word' id='word_1_25' title='bbox 3595 394 3750 451; x_wconf 73' lang='lat' dir='ltr'><strong>insu~</strong></span> 
     </span>
    </p>
   </div>
   <div class='ocr_carea' id='block_1_5' title="bbox 477 474 2064 548">
    <p class='ocr_par' dir='ltr' id='par_1_5' title="bbox 477 474 2064 548">
     <span class='ocr_line' id='line_1_5' title="bbox 477 474 2064 548; baseline 0 -18"><span class='ocrx_word' id='word_1_26' title='bbox 477 475 725 530; x_wconf 75' lang='lat' dir='ltr'><strong>absentia</strong></span> <span class='ocrx_word' id='word_1_27' title='bbox 773 485 828 530; x_wconf 89' lang='lat' dir='ltr'><strong>et</strong></span> <span class='ocrx_word' id='word_1_28' title='bbox 870 474 1176 548; x_wconf 70' lang='lat' dir='ltr'><strong>perditione</strong></span> <span class='ocrx_word' id='word_1_29' title='bbox 1220 491 1423 539; x_wconf 86' lang='lat' dir='ltr'><strong>rerum.</strong></span> <span class='ocrx_word' id='word_1_30' title='bbox 1468 477 1664 547; x_wconf 82' lang='lat' dir='ltr'><strong>quibus</strong></span> <span class='ocrx_word' id='word_1_31' title='bbox 1703 476 1754 529; x_wconf 88' lang='lat' dir='ltr'><strong>in</strong></span> <span class='ocrx_word' id='word_1_32' title='bbox 1808 477 1909 531; x_wconf 80' lang='lat' dir='ltr'><strong>liae</strong></span> <span class='ocrx_word' id='word_1_33' title='bbox 1954 476 2064 530; x_wconf 86' lang='lat' dir='ltr'><strong>vita</strong></span> 
     </span>
    </p>
   </div>
   <div class='ocr_carea' id='block_1_6' title="bbox 480 564 2064 637">
    <p class='ocr_par' dir='ltr' id='par_1_6' title="bbox 480 564 2064 637">
     <span class='ocr_line' id='line_1_6' title="bbox 480 564 2064 637; baseline 0.001 -20"><span class='ocrx_word' id='word_1_34' title='bbox 480 564 923 630; x_wconf 80' lang='lat' dir='ltr'><strong>delectabantur,</strong></span> <span class='ocrx_word' id='word_1_35' title='bbox 986 581 1216 634; x_wconf 89' lang='lat' dir='ltr'><strong>quarum</strong></span> <span class='ocrx_word' id='word_1_36' title='bbox 1268 567 1581 637; x_wconf 71' lang='lat' dir='ltr'><strong>pbatttasias</strong></span> <span class='ocrx_word' id='word_1_37' title='bbox 1631 582 1845 636; x_wconf 78' lang='lat' dir='ltr'><strong>semper</strong></span> <span class='ocrx_word' id='word_1_38' title='bbox 1900 565 2064 621; x_wconf 80' lang='lat' dir='ltr'><strong>veluti</strong></span> 
     </span>
    </p>
   </div>
   <div class='ocr_carea' id='block_1_7' title="bbox 480 653 2070 736">
    <p class='ocr_par' dir='ltr' id='par_1_7' title="bbox 480 653 2070 736">
     <span class='ocr_line' id='line_1_7' title="bbox 480 653 2070 736; baseline -0.001 -30"><span class='ocrx_word' id='word_1_39' title='bbox 480 665 611 720; x_wconf 79' lang='lat' dir='ltr'><strong>prae</strong></span> <span class='ocrx_word' id='word_1_40' title='bbox 652 653 826 707; x_wconf 80' lang='lat' dir='ltr'><strong>oculis</strong></span> <span class='ocrx_word' id='word_1_41' title='bbox 864 655 1175 719; x_wconf 77' lang='lat' dir='ltr'><strong>habebunt,</strong></span> <span class='ocrx_word' id='word_1_42' title='bbox 1212 670 1349 727; x_wconf 82' lang='lat' dir='ltr'><strong>quas</strong></span> <span class='ocrx_word' id='word_1_43' title='bbox 1384 657 1840 736; x_wconf 59' lang='lat' dir='ltr'><strong>cottipt‘elsi-itulet&#39;e</strong></span> <span class='ocrx_word' id='word_1_44' title='bbox 1873 656 2070 709; x_wconf 77' lang='lat' dir='ltr'><strong>ardea-</strong></span> 
     </span>
    </p>
   </div>
   <div class='ocr_carea' id='block_1_8' title="bbox 482 744 2066 815">
    <p class='ocr_par' dir='ltr' id='par_1_8' title="bbox 482 744 2066 815">
     <span class='ocr_line' id='line_1_8' title="bbox 482 744 2066 815; baseline -0.001 -16"><span class='ocrx_word' id='word_1_45' title='bbox 482 754 565 799; x_wconf 87' lang='lat' dir='ltr'><strong>tcr</strong></span> <span class='ocrx_word' id='word_1_46' title='bbox 590 744 1204 813; x_wconf 74' lang='lat' dir='ltr'><strong>cupientesuequibuut,</strong></span> <span class='ocrx_word' id='word_1_47' title='bbox 1232 747 1485 815; x_wconf 83' lang='lat' dir='ltr'><strong>quoniam</strong></span> <span class='ocrx_word' id='word_1_48' title='bbox 1514 745 1642 798; x_wconf 77' lang='lat' dir='ltr'><strong>uibii</strong></span> <span class='ocrx_word' id='word_1_49' title='bbox 1675 756 1817 807; x_wconf 80' lang='lat' dir='ltr'><strong>sunt,</strong></span> <span class='ocrx_word' id='word_1_50' title='bbox 1847 745 2066 815; x_wconf 73' lang='lat' dir='ltr'><strong>capien-</strong></span> 
     </span>
    </p>
   </div>
   <div class='ocr_carea' id='block_1_9' title="bbox 482 834 2072 904">
    <p class='ocr_par' dir='ltr' id='par_1_9' title="bbox 482 834 2072 904">
     <span class='ocr_line' id='line_1_9' title="bbox 482 834 2072 904; baseline 0.001 -17"><span class='ocrx_word' id='word_1_51' title='bbox 482 842 566 889; x_wconf 90' lang='lat' dir='ltr'><strong>tes</strong></span> <span class='ocrx_word' id='word_1_52' title='bbox 595 834 1020 889; x_wconf 76' lang='lat' dir='ltr'><strong>consolationem</strong></span> <span class='ocrx_word' id='word_1_53' title='bbox 1065 836 1264 889; x_wconf 76' lang='lat' dir='ltr'><strong>habere</strong></span> <span class='ocrx_word' id='word_1_54' title='bbox 1298 835 1350 889; x_wconf 89' lang='lat' dir='ltr'><strong>in</strong></span> <span class='ocrx_word' id='word_1_55' title='bbox 1387 837 1402 865; x_wconf 69' lang='grc' dir='ltr'>ί</span> <span class='ocrx_word' id='word_1_56' title='bbox 1436 836 1540 896; x_wconf 65' lang='lat' dir='ltr'><strong>bis,</strong></span> <span class='ocrx_word' id='word_1_57' title='bbox 1567 849 1705 903; x_wconf 77' lang='lat' dir='ltr'><strong>quae</strong></span> <span class='ocrx_word' id='word_1_58' title='bbox 1738 835 2072 904; x_wconf 79' lang='lat' dir='ltr'><strong>desperatio-</strong></span> 
     </span>
    </p>
   </div>
   <div class='ocr_carea' id='block_1_10' title="bbox 482 918 2067 994">
    <p class='ocr_par' dir='ltr' id='par_1_10' title="bbox 482 918 2067 994">
     <span class='ocr_line' id='line_1_10' title="bbox 482 918 2067 994; baseline 0 -18"><span class='ocrx_word' id='word_1_59' title='bbox 482 939 605 977; x_wconf 90' lang='lat' dir='ltr'><strong>nem</strong></span> <span class='ocrx_word' id='word_1_60' title='bbox 652 924 904 993; x_wconf 70' lang='lat' dir='ltr'><strong>ingerunt</strong></span> <span class='ocrx_word' id='word_1_61' title='bbox 946 933 1003 978; x_wconf 92' lang='lat' dir='ltr'><strong>et</strong></span> <span class='ocrx_word' id='word_1_62' title='bbox 1047 918 1501 994; x_wconf 68' lang='lat' dir='ltr'><strong>inquietudinem.~</strong></span> <span class='ocrx_word' id='word_1_63' title='bbox 1550 922 1684 976; x_wconf 85' lang='lat' dir='ltr'><strong>llinc</strong></span> <span class='ocrx_word' id='word_1_64' title='bbox 1726 923 2067 976; x_wconf 82' lang='lat' dir='ltr'><strong>oritur&#39;seru</strong></span> 
     </span>
    </p>
   </div>
   <div class='ocr_carea' id='block_1_11' title="bbox 482 1013 2068 1085">
    <p class='ocr_par' dir='ltr' id='par_1_11' title="bbox 482 1013 2068 1085">
     <span class='ocr_line' id='line_1_11' title="bbox 482 1013 2068 1085; baseline 0.001 -20"><span class='ocrx_word' id='word_1_65' title='bbox 482 1014 855 1084; x_wconf 78' lang='lat' dir='ltr'><strong>poenitentia.</strong></span> <span class='ocrx_word' id='word_1_66' title='bbox 923 1015 1235 1085; x_wconf 80' lang='lat' dir='ltr'><strong>inutilisque</strong></span> <span class='ocrx_word' id='word_1_67' title='bbox 1296 1014 1681 1069; x_wconf 61' lang='lat' dir='ltr'><strong>consultationis</strong></span> <span class='ocrx_word' id='word_1_68' title='bbox 1736 1013 2068 1084; x_wconf 83' lang='lat' dir='ltr'><strong>postulatio,</strong></span> 
     </span>
    </p>
   </div>
   <div class='ocr_carea' id='block_1_12' title="bbox 482 1107 2069 1179">
    <p class='ocr_par' dir='ltr' id='par_1_12' title="bbox 482 1107 2069 1179">
     <span class='ocr_line' id='line_1_12' title="bbox 482 1107 2069 1179; baseline 0.001 -21"><span class='ocrx_word' id='word_1_69' title='bbox 482 1107 627 1177; x_wconf 86' lang='lat' dir='ltr'><strong>quod</strong></span> <span class='ocrx_word' id='word_1_70' title='bbox 648 1122 752 1179; x_wconf 82' lang='lat' dir='ltr'><strong>per</strong></span> <span class='ocrx_word' id='word_1_71' title='bbox 790 1109 1024 1179; x_wconf 81' lang='lat' dir='ltr'><strong>linguam</strong></span> <span class='ocrx_word' id='word_1_72' title='bbox 1056 1107 1239 1163; x_wconf 87' lang='lat' dir='ltr'><strong>divitis</strong></span> <span class='ocrx_word' id='word_1_73' title='bbox 1263 1107 1731 1178; x_wconf 70' lang='lat' dir='ltr'><strong>guttulam-aquac</strong></span> <span class='ocrx_word' id='word_1_74' title='bbox 1757 1108 1823 1162; x_wconf 88' lang='lat' dir='ltr'><strong>de</strong></span> <span class='ocrx_word' id='word_1_75' title='bbox 1857 1121 2069 1161; x_wconf 81' lang='lat' dir='ltr'><strong>summo</strong></span> 
     </span>
    </p>
   </div>
   <div class='ocr_carea' id='block_1_13' title="bbox 483 1197 2068 1271">
    <p class='ocr_par' dir='ltr' id='par_1_13' title="bbox 483 1197 2068 1271">
     <span class='ocr_line' id='line_1_13' title="bbox 483 1197 2068 1271; baseline -0.006 -14"><span class='ocrx_word' id='word_1_76' title='bbox 483 1200 652 1268; x_wconf 73' lang='lat' dir='ltr'><strong>digito</strong></span> <span class='ocrx_word' id='word_1_77' title='bbox 700 1200 953 1271; x_wconf 90' lang='lat' dir='ltr'><strong>pauperis</strong></span> <span class='ocrx_word' id='word_1_78' title='bbox 1003 1198 1194 1254; x_wconf 83' lang='lat' dir='ltr'><strong>Lazari</strong></span> <span class='ocrx_word' id='word_1_79' title='bbox 1236 1198 1471 1269; x_wconf 83' lang='lat' dir='ltr'><strong>petentis</strong></span> <span class='ocrx_word' id='word_1_80' title='bbox 1513 1206 1570 1252; x_wconf 88' lang='lat' dir='ltr'><strong>et</strong></span> <span class='ocrx_word' id='word_1_81' title='bbox 1624 1198 1881 1253; x_wconf 68' lang='lat' dir='ltr'><strong>dicentis.</strong></span> <span class='ocrx_word' id='word_1_82' title='bbox 1944 1197 2068 1268; x_wconf 69' lang='lat' dir='ltr'><strong>quia</strong></span> 
     </span>
    </p>
   </div>
   <div class='ocr_carea' id='block_1_14' title="bbox 483 1288 2071 1361">
    <p class='ocr_par' dir='ltr' id='par_1_14' title="bbox 483 1288 2071 1361">
     <span class='ocr_line' id='line_1_14' title="bbox 483 1288 2071 1361; baseline -0.003 -16"><span class='ocrx_word' id='word_1_83' title='bbox 483 1291 771 1346; x_wconf 77' lang='lat' dir='ltr'><strong>rrurioriu</strong></span> <span class='ocrx_word' id='word_1_84' title='bbox 810 1292 909 1345; x_wconf 78' lang='lat' dir='ltr'><strong>huc</strong></span> <span class='ocrx_word' id='word_1_85' title='bbox 937 1292 1174 1361; x_wconf 73' lang='lat' dir='ltr'><strong>ﬂamma.</strong></span> <span class='ocrx_word' id='word_1_86' title='bbox 1221 1291 1579 1361; x_wconf 75' lang='lat' dir='ltr'><strong>significatur.</strong></span> <span class='ocrx_word' id='word_1_87' title='bbox 1623 1288 1828 1358; x_wconf 69' lang='lat' dir='ltr'><strong>Lingua</strong></span> <span class='ocrx_word' id='word_1_88' title='bbox 1874 1292 2071 1357; x_wconf 81' lang='lat' dir='ltr'><strong>quippe</strong></span> 
     </span>
    </p>
   </div>
   <div class='ocr_carea' id='block_1_15' title="bbox 485 1380 2075 1455">
    <p class='ocr_par' dir='ltr' id='par_1_15' title="bbox 485 1380 2075 1455">
     <span class='ocr_line' id='line_1_15' title="bbox 485 1380 2075 1455; baseline -0.003 -21"><span class='ocrx_word' id='word_1_89' title='bbox 485 1384 861 1455; x_wconf 73' lang='lat' dir='ltr'><strong>postulationis</strong></span> <span class='ocrx_word' id='word_1_90' title='bbox 889 1384 1074 1438; x_wconf 70' lang='lat' dir='ltr'><strong>auxilii</strong></span> <span class='ocrx_word' id='word_1_91' title='bbox 1118 1385 1332 1437; x_wconf 86' lang='lat' dir='ltr'><strong>ﬂamma</strong></span> <span class='ocrx_word' id='word_1_92' title='bbox 1382 1383 1570 1436; x_wconf 76' lang='lat' dir='ltr'><strong>tardae</strong></span> <span class='ocrx_word' id='word_1_93' title='bbox 1606 1380 1673 1434; x_wconf 76' lang='lat' dir='ltr'><strong>de</strong></span> <span class='ocrx_word' id='word_1_94' title='bbox 1703 1381 1914 1433; x_wconf 71' lang='lat' dir='ltr'><strong>delictis</strong></span> <span class='ocrx_word' id='word_1_95' title='bbox 1947 1395 2075 1445; x_wconf 73' lang='lat' dir='ltr'><strong>poe-</strong></span> 
     </span>
    </p>
   </div>
   <div class='ocr_carea' id='block_1_16' title="bbox 487 1476 2073 1550">
    <p class='ocr_par' dir='ltr' id='par_1_16' title="bbox 487 1476 2073 1550">
     <span class='ocr_line' id='line_1_16' title="bbox 487 1476 2073 1550; baseline -0.003 -17"><span class='ocrx_word' id='word_1_96' title='bbox 487 1479 747 1534; x_wconf 80' lang='lat' dir='ltr'><strong>nitentiae</strong></span> <span class='ocrx_word' id='word_1_97' title='bbox 776 1519 788 1541; x_wconf 88' lang='lat'><strong>,</strong></span> <span class='ocrx_word' id='word_1_98' title='bbox 850 1494 992 1550; x_wconf 81' lang='lat' dir='ltr'><strong>aqua</strong></span> <span class='ocrx_word' id='word_1_99' title='bbox 1048 1478 1358 1547; x_wconf 75' lang='lat' dir='ltr'><strong>refrigerii,</strong></span> <span class='ocrx_word' id='word_1_100' title='bbox 1413 1478 1635 1549; x_wconf 79' lang='lat' dir='ltr'><strong>digitus,</strong></span> <span class='ocrx_word' id='word_1_101' title='bbox 1674 1476 2073 1530; x_wconf 72' lang='lat' dir='ltr'><strong>distributionis</strong></span> 
     </span>
    </p>
   </div>
   <div class='ocr_carea' id='block_1_17' title="bbox 491 1570 2074 1646">
    <p class='ocr_par' dir='ltr' id='par_1_17' title="bbox 491 1570 2074 1646">
     <span class='ocr_line' id='line_1_17' title="bbox 491 1570 2074 1646; baseline -0.002 -20"><span class='ocrx_word' id='word_1_102' title='bbox 491 1575 833 1638; x_wconf 64' lang='lat' dir='ltr'><strong>meritorum,</strong></span> <span class='ocrx_word' id='word_1_103' title='bbox 866 1588 972 1643; x_wconf 87' lang='lat' dir='ltr'><strong>qua</strong></span> <span class='ocrx_word' id='word_1_104' title='bbox 999 1574 1308 1646; x_wconf 46' lang='lat' dir='ltr'><strong>.eredunt&#39;tr</strong></span> <span class='ocrx_word' id='word_1_105' title='bbox 1357 1572 1533 1626; x_wconf 77' lang='lat' dir='ltr'><strong>sancti</strong></span> <span class='ocrx_word' id='word_1_106' title='bbox 1575 1578 1696 1640; x_wconf 86' lang='lat' dir='ltr'><strong>post</strong></span> <span class='ocrx_word' id='word_1_107' title='bbox 1726 1571 1868 1623; x_wconf 77' lang='lat' dir='ltr'><strong>lianc</strong></span> <span class='ocrx_word' id='word_1_108' title='bbox 1909 1570 2074 1623; x_wconf 83' lang='lat' dir='ltr'><strong>vitam</strong></span> 
     </span>
    </p>
   </div>
   <div class='ocr_carea' id='block_1_18' title="bbox 489 1654 2070 1729">
    <p class='ocr_par' dir='ltr' id='par_1_18' title="bbox 489 1654 2070 1729">
     <span class='ocr_line' id='line_1_18' title="bbox 489 1654 2070 1729; baseline -0.003 -17"><span class='ocrx_word' id='word_1_109' title='bbox 489 1673 649 1727; x_wconf 78' lang='lat' dir='ltr'><strong>posse</strong></span> <span class='ocrx_word' id='word_1_110' title='bbox 698 1671 974 1729; x_wconf 79' lang='lat' dir='ltr'><strong>praestare</strong></span> <span class='ocrx_word' id='word_1_111' title='bbox 1025 1658 1282 1713; x_wconf 74' lang='lat' dir='ltr'><strong>auxilium</strong></span> <span class='ocrx_word' id='word_1_112' title='bbox 1331 1658 1435 1721; x_wconf 82' lang='lat' dir='ltr'><strong>bis,</strong></span> <span class='ocrx_word' id='word_1_113' title='bbox 1468 1657 1557 1727; x_wconf 87' lang='lat' dir='ltr'><strong>qui</strong></span> <span class='ocrx_word' id='word_1_114' title='bbox 1602 1658 1651 1710; x_wconf 90' lang='lat' dir='ltr'><strong>in</strong></span> <span class='ocrx_word' id='word_1_115' title='bbox 1688 1654 1877 1725; x_wconf 81' lang='lat' dir='ltr'><strong>poenis</strong></span> <span class='ocrx_word' id='word_1_116' title='bbox 1923 1663 2070 1720; x_wconf 87' lang='lat' dir='ltr'><strong>sunt,</strong></span> 
     </span>
    </p>
   </div>
   <div class='ocr_carea' id='block_1_19' title="bbox 2164 482 3748 554">
    <p class='ocr_par' dir='ltr' id='par_1_19' title="bbox 2164 482 3748 554">
     <span class='ocr_line' id='line_1_19' title="bbox 2164 482 3748 554; baseline 0.005 -20"><span class='ocrx_word' id='word_1_117' title='bbox 2164 496 2263 551; x_wconf 89' lang='lat' dir='ltr'><strong>per</strong></span> <span class='ocrx_word' id='word_1_118' title='bbox 2284 482 2446 536; x_wconf 87' lang='lat' dir='ltr'><strong>etiam</strong></span> <span class='ocrx_word' id='word_1_119' title='bbox 2477 482 2834 537; x_wconf 85' lang='lat' dir='ltr'><strong>deitieationis</strong></span> <span class='ocrx_word' id='word_1_120' title='bbox 2859 482 3088 553; x_wconf 75' lang='lat' dir='ltr'><strong>gratiam</strong></span> <span class='ocrx_word' id='word_1_121' title='bbox 3126 484 3413 554; x_wconf 70' lang='lat' dir='ltr'><strong>accipient.</strong></span> <span class='ocrx_word' id='word_1_122' title='bbox 3463 483 3624 540; x_wconf 78' lang='lat' dir='ltr'><strong>Aliud</strong></span> <span class='ocrx_word' id='word_1_123' title='bbox 3661 494 3748 542; x_wconf 82' lang='lat' dir='ltr'><strong>est</strong></span> 
     </span>
    </p>
   </div>
   <div class='ocr_carea' id='block_1_20' title="bbox 2165 568 3746 646">
    <p class='ocr_par' dir='ltr' id='par_1_20' title="bbox 2165 568 3746 646">
     <span class='ocr_line' id='line_1_20' title="bbox 2165 568 3746 646; baseline 0.003 -19"><span class='ocrx_word' id='word_1_124' title='bbox 2165 575 2310 628; x_wconf 88' lang='lat' dir='ltr'><strong>enim</strong></span> <span class='ocrx_word' id='word_1_125' title='bbox 2328 575 2464 629; x_wconf 88' lang='lat' dir='ltr'><strong>intra</strong></span> <span class='ocrx_word' id='word_1_126' title='bbox 2482 585 2705 629; x_wconf 79' lang='lat' dir='ltr'><strong>naturae</strong></span> <span class='ocrx_word' id='word_1_127' title='bbox 2722 576 2859 629; x_wconf 84' lang='lat' dir='ltr'><strong>bona</strong></span> <span class='ocrx_word' id='word_1_128' title='bbox 2876 591 3109 630; x_wconf 78' lang='lat' dir='ltr'><strong>manere.</strong></span> <span class='ocrx_word' id='word_1_129' title='bbox 3130 568 3269 644; x_wconf 78' lang='lat' dir='ltr'><strong>quod</strong></span> <span class='ocrx_word' id='word_1_130' title='bbox 3293 576 3746 646; x_wconf 77' lang='lat' dir='ltr'><strong>generaliterom-</strong></span> 
     </span>
    </p>
   </div>
   <div class='ocr_carea' id='block_1_21' title="bbox 2167 665 3747 737">
    <p class='ocr_par' dir='ltr' id='par_1_21' title="bbox 2167 665 3747 737">
     <span class='ocr_line' id='line_1_21' title="bbox 2167 665 3747 737; baseline 0.001 -17"><span class='ocrx_word' id='word_1_131' title='bbox 2167 666 2327 722; x_wconf 86' lang='lat' dir='ltr'><strong>nibus</strong></span> <span class='ocrx_word' id='word_1_132' title='bbox 2351 667 2529 721; x_wconf 82' lang='lat' dir='ltr'><strong>divina</strong></span> <span class='ocrx_word' id='word_1_133' title='bbox 2553 665 2801 737; x_wconf 72' lang='lat' dir='ltr'><strong>largitate</strong></span> <span class='ocrx_word' id='word_1_134' title='bbox 2824 667 3203 737; x_wconf 80' lang='lat' dir='ltr'><strong>praestabitur,</strong></span> <span class='ocrx_word' id='word_1_135' title='bbox 3225 667 3629 723; x_wconf 70' lang='lat' dir='ltr'><strong>aliad9nmnem</strong></span> <span class='ocrx_word' id='word_1_136' title='bbox 3654 685 3747 722; x_wconf 86' lang='lat' dir='ltr'><strong>na-</strong></span> 
     </span>
    </p>
   </div>
   <div class='ocr_carea' id='block_1_22' title="bbox 2169 756 3748 829">
    <p class='ocr_par' dir='ltr' id='par_1_22' title="bbox 2169 756 3748 829">
     <span class='ocr_line' id='line_1_22' title="bbox 2169 756 3748 829; baseline 0.003 -21"><span class='ocrx_word' id='word_1_137' title='bbox 2169 762 2342 811; x_wconf 88' lang='lat' dir='ltr'><strong>turam</strong></span> <span class='ocrx_word' id='word_1_138' title='bbox 2360 756 2584 827; x_wconf 78' lang='lat' dir='ltr'><strong>ejusque</strong></span> <span class='ocrx_word' id='word_1_139' title='bbox 2597 758 2737 812; x_wconf 86' lang='lat' dir='ltr'><strong>bona</strong></span> <span class='ocrx_word' id='word_1_140' title='bbox 2762 769 3107 827; x_wconf 81' lang='lat' dir='ltr'><strong>superare,et</strong></span> <span class='ocrx_word' id='word_1_141' title='bbox 3135 759 3201 812; x_wconf 89' lang='lat' dir='ltr'><strong>ad</strong></span> <span class='ocrx_word' id='word_1_142' title='bbox 3242 759 3414 828; x_wconf 84' lang='lat' dir='ltr'><strong>ipsum</strong></span> <span class='ocrx_word' id='word_1_143' title='bbox 3442 761 3605 815; x_wconf 74' lang='lat' dir='ltr'><strong>[leum</strong></span> <span class='ocrx_word' id='word_1_144' title='bbox 3632 775 3748 829; x_wconf 83' lang='lat' dir='ltr'><strong>per-</strong></span> 
     </span>
    </p>
   </div>
   <div class='ocr_carea' id='block_1_23' title="bbox 2169 846 3743 921">
    <p class='ocr_par' dir='ltr' id='par_1_23' title="bbox 2169 846 3743 921">
     <span class='ocr_line' id='line_1_23' title="bbox 2169 846 3743 921; baseline 0.005 -23"><span class='ocrx_word' id='word_1_145' title='bbox 2169 850 2530 918; x_wconf 80' lang='lat' dir='ltr'><strong>vcnire,qnod</strong></span> <span class='ocrx_word' id='word_1_146' title='bbox 2555 849 2829 919; x_wconf 86' lang='lat' dir='ltr'><strong>proprium</strong></span> <span class='ocrx_word' id='word_1_147' title='bbox 2857 846 2940 904; x_wconf 80' lang='lat' dir='ltr'><strong>est</strong></span> <span class='ocrx_word' id='word_1_148' title='bbox 2967 849 3184 903; x_wconf 79' lang='lat' dir='ltr'><strong>divinae</strong></span> <span class='ocrx_word' id='word_1_149' title='bbox 3215 851 3437 921; x_wconf 78' lang='lat' dir='ltr'><strong>gratiae.</strong></span> <span class='ocrx_word' id='word_1_150' title='bbox 3474 849 3574 906; x_wconf 74' lang='grc' dir='ltr'><strong>ι’ὺί</strong></span> <span class='ocrx_word' id='word_1_151' title='bbox 3601 854 3743 906; x_wconf 84' lang='lat' dir='ltr'><strong>enim</strong></span> 
     </span>
    </p>
   </div>
   <div class='ocr_carea' id='block_1_24' title="bbox 2170 938 3750 1011">
    <p class='ocr_par' dir='ltr' id='par_1_24' title="bbox 2170 938 3750 1011">
     <span class='ocr_line' id='line_1_24' title="bbox 2170 938 3750 1011; baseline 0.004 -22"><span class='ocrx_word' id='word_1_152' title='bbox 2170 938 2327 1007; x_wconf 74' lang='lat' dir='ltr'><strong>fuerit</strong></span> <span class='ocrx_word' id='word_1_153' title='bbox 2378 955 2585 1009; x_wconf 72' lang='lat' dir='ltr'><strong>corpus,</strong></span> <span class='ocrx_word' id='word_1_154' title='bbox 2631 939 2732 993; x_wconf 84' lang='lat' dir='ltr'><strong>hoc</strong></span> <span class='ocrx_word' id='word_1_155' title='bbox 2768 948 2849 992; x_wconf 84' lang='lat' dir='ltr'><strong>est</strong></span> <span class='ocrx_word' id='word_1_156' title='bbox 2881 938 3099 1001; x_wconf 73' lang='lat' dir='ltr'><strong>veritus,</strong></span> <span class='ocrx_word' id='word_1_157' title='bbox 3142 939 3267 994; x_wconf 83' lang='lat' dir='ltr'><strong>illuc</strong></span> <span class='ocrx_word' id='word_1_158' title='bbox 3298 942 3750 1011; x_wconf 79' lang='lat' dir='ltr'><strong>raugregnlmutur</strong></span> 
     </span>
    </p>
   </div>
   <div class='ocr_carea' id='block_1_25' title="bbox 2169 1026 3747 1102">
    <p class='ocr_par' dir='ltr' id='par_1_25' title="bbox 2169 1026 3747 1102">
     <span class='ocr_line' id='line_1_25' title="bbox 2169 1026 3747 1102; baseline 0.004 -20"><span class='ocrx_word' id='word_1_159' title='bbox 2169 1026 2400 1098; x_wconf 68' lang='lat' dir='ltr'><strong>aquilae.</strong></span> <span class='ocrx_word' id='word_1_160' title='bbox 2433 1028 2533 1083; x_wconf 81' lang='lat' dir='ltr'><strong>huc</strong></span> <span class='ocrx_word' id='word_1_161' title='bbox 2556 1041 2636 1083; x_wconf 86' lang='lat' dir='ltr'><strong>est</strong></span> <span class='ocrx_word' id='word_1_162' title='bbox 2664 1028 2850 1094; x_wconf 74' lang='lat' dir='ltr'><strong>animi,</strong></span> <span class='ocrx_word' id='word_1_163' title='bbox 2884 1029 2976 1099; x_wconf 91' lang='lat' dir='ltr'><strong>qui</strong></span> <span class='ocrx_word' id='word_1_164' title='bbox 3006 1045 3126 1085; x_wconf 89' lang='lat' dir='ltr'><strong>eam</strong></span> <span class='ocrx_word' id='word_1_165' title='bbox 3157 1031 3571 1102; x_wconf 83' lang='lat' dir='ltr'><strong>contemplaturi</strong></span> <span class='ocrx_word' id='word_1_166' title='bbox 3599 1041 3747 1089; x_wconf 82' lang='lat' dir='ltr'><strong>sunt.</strong></span> 
     </span>
    </p>
   </div>
   <div class='ocr_carea' id='block_1_26' title="bbox 2170 1120 3749 1189">
    <p class='ocr_par' dir='ltr' id='par_1_26' title="bbox 2170 1120 3749 1189">
     <span class='ocr_line' id='line_1_26' title="bbox 2170 1120 3749 1189; baseline 0.003 -15"><span class='ocrx_word' id='word_1_167' title='bbox 2170 1120 2231 1174; x_wconf 80' lang='lat' dir='ltr'><strong>Et</strong></span> <span class='ocrx_word' id='word_1_168' title='bbox 2267 1120 2459 1173; x_wconf 85' lang='lat' dir='ltr'><strong>iterum</strong></span> <span class='ocrx_word' id='word_1_169' title='bbox 2486 1135 2691 1181; x_wconf 82' lang='lat' dir='ltr'><strong>eorum,</strong></span> <span class='ocrx_word' id='word_1_170' title='bbox 2724 1121 2812 1189; x_wconf 88' lang='lat' dir='ltr'><strong>qui</strong></span> <span class='ocrx_word' id='word_1_171' title='bbox 2840 1121 3099 1177; x_wconf 85' lang='lat' dir='ltr'><strong>terminos</strong></span> <span class='ocrx_word' id='word_1_172' title='bbox 3127 1122 3454 1177; x_wconf 82' lang='lat' dir='ltr'><strong>naturalium</strong></span> <span class='ocrx_word' id='word_1_173' title='bbox 3483 1125 3749 1180; x_wconf 85' lang='lat' dir='ltr'><strong>bonorum</strong></span> 
     </span>
    </p>
   </div>
   <div class='ocr_carea' id='block_1_27' title="bbox 2124 1209 3755 1285">
    <p class='ocr_par' dir='ltr' id='par_1_27' title="bbox 2124 1209 3755 1285">
     <span class='ocr_line' id='line_1_27' title="bbox 2124 1209 3755 1285; baseline 0.002 -19"><span class='ocrx_word' id='word_1_174' title='bbox 2124 1271 2135 1277; x_wconf 30' lang='lat'><strong>,</strong></span> <span class='ocrx_word' id='word_1_175' title='bbox 2172 1228 2276 1266; x_wconf 87' lang='lat' dir='ltr'><strong>non</strong></span> <span class='ocrx_word' id='word_1_176' title='bbox 2300 1212 2573 1267; x_wconf 60' lang='lat' dir='ltr'><strong>excessuri</strong></span> <span class='ocrx_word' id='word_1_177' title='bbox 2598 1224 2713 1266; x_wconf 83' lang='lat' dir='ltr'><strong>sunt</strong></span> <span class='ocrx_word' id='word_1_178' title='bbox 2729 1255 2742 1276; x_wconf 82' lang='grc'>,</span> <span class='ocrx_word' id='word_1_179' title='bbox 2761 1212 2810 1266; x_wconf 92' lang='lat' dir='ltr'><strong>in</strong></span> <span class='ocrx_word' id='word_1_180' title='bbox 2834 1209 3023 1267; x_wconf 76' lang='lat' dir='ltr'><strong>formis</strong></span> <span class='ocrx_word' id='word_1_181' title='bbox 3045 1213 3087 1279; x_wconf 58' lang='grc'><strong>¹,⁶</strong></span> <span class='ocrx_word' id='word_1_182' title='bbox 3112 1213 3487 1283; x_wconf 81' lang='lat' dir='ltr'><strong>imagiualibus</strong></span> <span class='ocrx_word' id='word_1_183' title='bbox 3509 1214 3549 1247; x_wconf 87' lang='grc'>¹¹</span> <span class='ocrx_word' id='word_1_184' title='bbox 3568 1230 3755 1285; x_wconf 83' lang='lat' dir='ltr'><strong>specu-</strong></span> 
     </span>
    </p>
   </div>
   <div class='ocr_carea' id='block_1_28' title="bbox 2172 1302 3754 1375">
    <p class='ocr_par' dir='ltr' id='par_1_28' title="bbox 2172 1302 3754 1375">
     <span class='ocr_line' id='line_1_28' title="bbox 2172 1302 3754 1375; baseline 0.003 -19"><span class='ocrx_word' id='word_1_185' title='bbox 2172 1303 2301 1357; x_wconf 65' lang='lat' dir='ltr'><strong>latin</strong></span> <span class='ocrx_word' id='word_1_186' title='bbox 2330 1313 2430 1357; x_wconf 85' lang='lat' dir='ltr'><strong>est.</strong></span> <span class='ocrx_word' id='word_1_187' title='bbox 2466 1303 2637 1358; x_wconf 78' lang='lat' dir='ltr'><strong>Aliter</strong></span> <span class='ocrx_word' id='word_1_188' title='bbox 2664 1303 2810 1357; x_wconf 89' lang='lat' dir='ltr'><strong>enim</strong></span> <span class='ocrx_word' id='word_1_189' title='bbox 2852 1302 3265 1358; x_wconf 86' lang='lat' dir='ltr'><strong>considerantur</strong></span> <span class='ocrx_word' id='word_1_190' title='bbox 3301 1304 3352 1358; x_wconf 88' lang='lat' dir='ltr'><strong>in</strong></span> <span class='ocrx_word' id='word_1_191' title='bbox 3384 1304 3492 1370; x_wconf 84' lang='lat' dir='ltr'><strong>bis,</strong></span> <span class='ocrx_word' id='word_1_192' title='bbox 3524 1304 3614 1375; x_wconf 85' lang='lat' dir='ltr'><strong>qui</strong></span> <span class='ocrx_word' id='word_1_193' title='bbox 3648 1318 3754 1361; x_wconf 80' lang='lat' dir='ltr'><strong>me-</strong></span> 
     </span>
    </p>
   </div>
   <div class='ocr_carea' id='block_1_29' title="bbox 2177 1393 3754 1467">
    <p class='ocr_par' dir='ltr' id='par_1_29' title="bbox 2177 1393 3754 1467">
     <span class='ocr_line' id='line_1_29' title="bbox 2177 1393 3754 1467; baseline 0.002 -19"><span class='ocrx_word' id='word_1_194' title='bbox 2177 1399 2278 1452; x_wconf 83' lang='lat' dir='ltr'><strong>rito</strong></span> <span class='ocrx_word' id='word_1_195' title='bbox 2329 1393 2502 1449; x_wconf 81' lang='lat' dir='ltr'><strong>bonae</strong></span> <span class='ocrx_word' id='word_1_196' title='bbox 2540 1395 2977 1450; x_wconf 67' lang='lat' dir='ltr'><strong>conversationis</strong></span> <span class='ocrx_word' id='word_1_197' title='bbox 3007 1395 3371 1467; x_wconf 86' lang='lat' dir='ltr'><strong>simplicisque</strong></span> <span class='ocrx_word' id='word_1_198' title='bbox 3413 1396 3754 1453; x_wconf 80' lang='lat' dir='ltr'><strong>innocentiae</strong></span> 
     </span>
    </p>
   </div>
   <div class='ocr_carea' id='block_1_30' title="bbox 2173 1473 3751 1561">
    <p class='ocr_par' dir='ltr' id='par_1_30' title="bbox 2173 1473 3751 1561">
     <span class='ocr_line' id='line_1_30' title="bbox 2173 1473 3751 1561; baseline 0.001 -18"><span class='ocrx_word' id='word_1_199' title='bbox 2173 1500 2279 1543; x_wconf 84' lang='lat' dir='ltr'><strong>non</strong></span> <span class='ocrx_word' id='word_1_200' title='bbox 2303 1486 2476 1540; x_wconf 85' lang='lat' dir='ltr'><strong>solum</strong></span> <span class='ocrx_word' id='word_1_201' title='bbox 2499 1502 2685 1541; x_wconf 81' lang='lat' dir='ltr'><strong>omnes</strong></span> <span class='ocrx_word' id='word_1_202' title='bbox 2704 1499 2906 1556; x_wconf 77' lang='lat' dir='ltr'><strong>poenas</strong></span> <span class='ocrx_word' id='word_1_203' title='bbox 2931 1487 3163 1549; x_wconf 84' lang='lat' dir='ltr'><strong>evasuri,</strong></span> <span class='ocrx_word' id='word_1_204' title='bbox 3192 1503 3378 1542; x_wconf 85' lang='lat' dir='ltr'><strong>verum</strong></span> <span class='ocrx_word' id='word_1_205' title='bbox 3405 1488 3565 1542; x_wconf 89' lang='lat' dir='ltr'><strong>etiam</strong></span> <span class='ocrx_word' id='word_1_206' title='bbox 3590 1473 3751 1561; x_wconf 68' lang='lat' dir='ltr'><strong>prae-</strong></span> 
     </span>
    </p>
   </div>
   <div class='ocr_carea' id='block_1_31' title="bbox 2176 1576 3752 1650">
    <p class='ocr_par' dir='ltr' id='par_1_31' title="bbox 2176 1576 3752 1650">
     <span class='ocr_line' id='line_1_31' title="bbox 2176 1576 3752 1650; baseline 0.002 -18"><span class='ocrx_word' id='word_1_207' title='bbox 2176 1580 2283 1632; x_wconf 79' lang='lat' dir='ltr'><strong>mia</strong></span> <span class='ocrx_word' id='word_1_208' title='bbox 2314 1577 2416 1635; x_wconf 88' lang='lat' dir='ltr'><strong>sibi</strong></span> <span class='ocrx_word' id='word_1_209' title='bbox 2439 1576 2702 1647; x_wconf 77' lang='lat' dir='ltr'><strong>condigna</strong></span> <span class='ocrx_word' id='word_1_210' title='bbox 2736 1592 2800 1631; x_wconf 90' lang='lat' dir='ltr'><strong>ac</strong></span> <span class='ocrx_word' id='word_1_211' title='bbox 2835 1577 2934 1631; x_wconf 90' lang='lat' dir='ltr'><strong>soli</strong></span> <span class='ocrx_word' id='word_1_212' title='bbox 2968 1577 3078 1632; x_wconf 86' lang='lat' dir='ltr'><strong>Deo</strong></span> <span class='ocrx_word' id='word_1_213' title='bbox 3104 1579 3318 1650; x_wconf 79' lang='lat' dir='ltr'><strong>cognita</strong></span> <span class='ocrx_word' id='word_1_214' title='bbox 3363 1581 3651 1649; x_wconf 80' lang='lat' dir='ltr'><strong>recepturi,</strong></span> <span class='ocrx_word' id='word_1_215' title='bbox 3680 1580 3752 1635; x_wconf 90' lang='lat' dir='ltr'><strong>ita</strong></span> 
     </span>
    </p>
   </div>
   <div class='ocr_carea' id='block_1_32' title="bbox 2176 1668 3755 1741">
    <p class='ocr_par' dir='ltr' id='par_1_32' title="bbox 2176 1668 3755 1741">
     <span class='ocr_line' id='line_1_32' title="bbox 2176 1668 3755 1741; baseline 0.001 -16"><span class='ocrx_word' id='word_1_216' title='bbox 2176 1680 2306 1725; x_wconf 81' lang='lat' dir='ltr'><strong>utet</strong></span> <span class='ocrx_word' id='word_1_217' title='bbox 2338 1671 2379 1701; x_wconf 86' lang='grc'>¹¹</span> <span class='ocrx_word' id='word_1_218' title='bbox 2412 1670 2671 1723; x_wconf 69' lang='lat' dir='ltr'><strong>naturalia</strong></span> <span class='ocrx_word' id='word_1_219' title='bbox 2703 1670 2839 1724; x_wconf 80' lang='lat' dir='ltr'><strong>bona</strong></span> <span class='ocrx_word' id='word_1_220' title='bbox 2870 1669 3198 1740; x_wconf 61' lang='lat' dir='ltr'><strong>possideant,</strong></span> <span class='ocrx_word' id='word_1_221' title='bbox 3226 1677 3281 1724; x_wconf 81' lang='lat' dir='ltr'><strong>et</strong></span> <span class='ocrx_word' id='word_1_222' title='bbox 3324 1668 3755 1741; x_wconf 68' lang='lat' dir='ltr'><strong>snperatﬂueutis</strong></span> 
     </span>
    </p>
   </div>
   <div class='ocr_carea' id='block_1_33' title="bbox 490 1743 2074 1831">
    <p class='ocr_par' dir='ltr' id='par_1_33' title="bbox 490 1748 2068 1821">
     <span class='ocr_line' id='line_1_33' title="bbox 490 1748 2068 1821; baseline -0.004 -16"><span class='ocrx_word' id='word_1_223' title='bbox 490 1761 678 1820; x_wconf 80' lang='lat' dir='ltr'><strong>typum</strong></span> <span class='ocrx_word' id='word_1_224' title='bbox 708 1752 866 1821; x_wconf 77' lang='lat' dir='ltr'><strong>gerit.</strong></span> <span class='ocrx_word' id='word_1_225' title='bbox 899 1750 977 1804; x_wconf 78' lang='lat' dir='ltr'><strong>Ex</strong></span> <span class='ocrx_word' id='word_1_226' title='bbox 1016 1750 1116 1804; x_wconf 80' lang='lat' dir='ltr'><strong>hoc</strong></span> <span class='ocrx_word' id='word_1_227' title='bbox 1156 1749 1300 1804; x_wconf 88' lang='lat' dir='ltr'><strong>eniut</strong></span> <span class='ocrx_word' id='word_1_228' title='bbox 1343 1749 1460 1803; x_wconf 85' lang='lat' dir='ltr'><strong>loco</strong></span> <span class='ocrx_word' id='word_1_229' title='bbox 1489 1748 1647 1801; x_wconf 84' lang='lat' dir='ltr'><strong>datur</strong></span> <span class='ocrx_word' id='word_1_230' title='bbox 1685 1748 1928 1820; x_wconf 71' lang='lat' dir='ltr'><strong>intelligi,</strong></span> <span class='ocrx_word' id='word_1_231' title='bbox 1964 1761 2068 1800; x_wconf 84' lang='lat' dir='ltr'><strong>non</strong></span> 
     </span>
    </p>
   </div>
   <div class='ocr_carea' id='block_1_34' title="bbox 2174 1743 3753 1831">
    <p class='ocr_par' dir='ltr' id='par_1_34' title="bbox 2174 1751 3753 1831">
     <span class='ocr_line' id='line_1_34' title="bbox 2174 1751 3753 1831; baseline -0.003 -14"><span class='ocrx_word' id='word_1_232' title='bbox 2174 1763 2389 1817; x_wconf 77' lang='lat' dir='ltr'><strong>divinae</strong></span> <span class='ocrx_word' id='word_1_233' title='bbox 2418 1761 2682 1829; x_wconf 59' lang='lat' dir='ltr'><strong>largitatis</strong></span> <span class='ocrx_word' id='word_1_234' title='bbox 2710 1759 3107 1828; x_wconf 81' lang='lat' dir='ltr'><strong>quodannnodn</strong></span> <span class='ocrx_word' id='word_1_235' title='bbox 3129 1761 3418 1831; x_wconf 81' lang='lat' dir='ltr'><strong>participes</strong></span> <span class='ocrx_word' id='word_1_236' title='bbox 3456 1751 3603 1821; x_wconf 72' lang='lat' dir='ltr'><strong>ﬁant,</strong></span> <span class='ocrx_word' id='word_1_237' title='bbox 3646 1775 3753 1814; x_wconf 89' lang='lat' dir='ltr'><strong>non</strong></span> 
     </span>
    </p>
   </div>
   <div class='ocr_carea' id='block_1_35' title="bbox 485 1839 2081 1909">
    <p class='ocr_par' dir='ltr' id='par_1_35' title="bbox 485 1839 2081 1909">
     <span class='ocr_line' id='line_1_35' title="bbox 485 1839 2081 1909; baseline -0.005 -12"><span class='ocrx_word' id='word_1_238' title='bbox 485 1843 658 1897; x_wconf 81' lang='lat' dir='ltr'><strong>solum</strong></span> <span class='ocrx_word' id='word_1_239' title='bbox 682 1844 925 1897; x_wconf 76' lang='lat' dir='ltr'><strong>viventes</strong></span> <span class='ocrx_word' id='word_1_240' title='bbox 952 1842 1127 1896; x_wconf 81' lang='lat' dir='ltr'><strong>adhuc.</strong></span> <span class='ocrx_word' id='word_1_241' title='bbox 1158 1843 1209 1896; x_wconf 91' lang='lat' dir='ltr'><strong>in</strong></span> <span class='ocrx_word' id='word_1_242' title='bbox 1233 1857 1394 1896; x_wconf 85' lang='lat' dir='ltr'><strong>carne</strong></span> <span class='ocrx_word' id='word_1_243' title='bbox 1410 1840 1452 1904; x_wconf 82' lang='grc'><strong>⁸,</strong></span> <span class='ocrx_word' id='word_1_244' title='bbox 1473 1858 1654 1895; x_wconf 77' lang='lat' dir='ltr'><strong>verum</strong></span> <span class='ocrx_word' id='word_1_245' title='bbox 1676 1839 1839 1895; x_wconf 85' lang='lat' dir='ltr'><strong>etiam</strong></span> <span class='ocrx_word' id='word_1_246' title='bbox 1871 1839 2081 1909; x_wconf 2' lang='lat' dir='ltr'><strong>spolia-p</strong></span> 
     </span>
    </p>
   </div>
   <div class='ocr_carea' id='block_1_36' title="bbox 490 1932 2071 2000">
    <p class='ocr_par' dir='ltr' id='par_1_36' title="bbox 490 1932 2071 2000">
     <span class='ocr_line' id='line_1_36' title="bbox 490 1932 2071 2000; baseline -0.002 -16"><span class='ocrx_word' id='word_1_247' title='bbox 490 1940 571 1985; x_wconf 80' lang='lat' dir='ltr'><strong>tas</strong></span> <span class='ocrx_word' id='word_1_248' title='bbox 599 1946 764 1986; x_wconf 87' lang='lat' dir='ltr'><strong>carne</strong></span> <span class='ocrx_word' id='word_1_249' title='bbox 799 1932 1012 1986; x_wconf 77' lang='lat' dir='ltr'><strong>animas</strong></span> <span class='ocrx_word' id='word_1_250' title='bbox 1036 1932 1295 1985; x_wconf 61' lang='lat' dir='ltr'><strong>auxilium</strong></span> <span class='ocrx_word' id='word_1_251' title='bbox 1330 1943 1637 1986; x_wconf 71' lang='lat' dir='ltr'><strong>sant-torum</strong></span> <span class='ocrx_word' id='word_1_252' title='bbox 1671 1937 1856 2000; x_wconf 82' lang='lat' dir='ltr'><strong>petere</strong></span> <span class='ocrx_word' id='word_1_253' title='bbox 1894 1942 2071 2000; x_wconf 75' lang='lat' dir='ltr'><strong>posse,</strong></span> 
     </span>
    </p>
   </div>
   <div class='ocr_carea' id='block_1_37' title="bbox 484 2020 2074 2091">
    <p class='ocr_par' dir='ltr' id='par_1_37' title="bbox 484 2020 2074 2091">
     <span class='ocr_line' id='line_1_37' title="bbox 484 2020 2074 2091; baseline -0.001 -16"><span class='ocrx_word' id='word_1_254' title='bbox 484 2024 603 2077; x_wconf 78' lang='lat' dir='ltr'><strong>sive</strong></span> <span class='ocrx_word' id='word_1_255' title='bbox 626 2029 684 2075; x_wconf 80' lang='grc' dir='ltr'><strong>ιιι</strong></span> <span class='ocrx_word' id='word_1_256' title='bbox 712 2022 927 2091; x_wconf 83' lang='lat' dir='ltr'><strong>penitus</strong></span> <span class='ocrx_word' id='word_1_257' title='bbox 956 2020 1253 2077; x_wconf 82' lang='lat' dir='ltr'><strong>liberentur</strong></span> <span class='ocrx_word' id='word_1_258' title='bbox 1280 2037 1309 2075; x_wconf 71' lang='grc' dir='ltr'>ει</span> <span class='ocrx_word' id='word_1_259' title='bbox 1348 2022 1552 2091; x_wconf 75' lang='lat' dir='ltr'><strong>poenis.</strong></span> <span class='ocrx_word' id='word_1_260' title='bbox 1594 2021 1709 2075; x_wconf 83' lang='lat' dir='ltr'><strong>sive</strong></span> <span class='ocrx_word' id='word_1_261' title='bbox 1738 2030 1796 2075; x_wconf 93' lang='lat' dir='ltr'><strong>ut</strong></span> <span class='ocrx_word' id='word_1_262' title='bbox 1842 2021 2023 2074; x_wconf 89' lang='lat' dir='ltr'><strong>minus</strong></span> <span class='ocrx_word' id='word_1_263' title='bbox 2051 2020 2074 2052; x_wconf 75' lang='grc'>³</span> 
     </span>
    </p>
   </div>
   <div class='ocr_carea' id='block_1_38' title="bbox 486 2110 2076 2182">
    <p class='ocr_par' dir='ltr' id='par_1_38' title="bbox 486 2110 2076 2182">
     <span class='ocr_line' id='line_1_38' title="bbox 486 2110 2076 2182; baseline -0.001 -15"><span class='ocrx_word' id='word_1_264' title='bbox 486 2113 800 2167; x_wconf 83' lang='lat' dir='ltr'><strong>erucientur</strong></span> <span class='ocrx_word' id='word_1_265' title='bbox 833 2113 886 2166; x_wconf 90' lang='lat' dir='ltr'><strong>iu</strong></span> <span class='ocrx_word' id='word_1_266' title='bbox 920 2114 1031 2178; x_wconf 81' lang='lat' dir='ltr'><strong>eis,</strong></span> <span class='ocrx_word' id='word_1_267' title='bbox 1082 2111 1350 2166; x_wconf 83' lang='lat' dir='ltr'><strong>incassum</strong></span> <span class='ocrx_word' id='word_1_268' title='bbox 1384 2122 1561 2166; x_wconf 83' lang='lat' dir='ltr'><strong>tamen</strong></span> <span class='ocrx_word' id='word_1_269' title='bbox 1590 2119 1795 2182; x_wconf 82' lang='lat' dir='ltr'><strong>petere,</strong></span> <span class='ocrx_word' id='word_1_270' title='bbox 1823 2110 1867 2164; x_wconf 86' lang='lat' dir='ltr'><strong>si</strong></span> <span class='ocrx_word' id='word_1_271' title='bbox 1893 2110 1945 2163; x_wconf 87' lang='lat' dir='ltr'><strong>in</strong></span> <span class='ocrx_word' id='word_1_272' title='bbox 1975 2110 2076 2165; x_wconf 85' lang='lat' dir='ltr'><strong>bac</strong></span> 
     </span>
    </p>
   </div>
   <div class='ocr_carea' id='block_1_39' title="bbox 487 2195 2063 2273">
    <p class='ocr_par' dir='ltr' id='par_1_39' title="bbox 487 2195 2063 2273">
     <span class='ocr_line' id='line_1_39' title="bbox 487 2195 2063 2273; baseline -0.003 -15"><span class='ocrx_word' id='word_1_273' title='bbox 487 2205 597 2258; x_wconf 78' lang='lat' dir='ltr'><strong>vita</strong></span> <span class='ocrx_word' id='word_1_274' title='bbox 622 2203 674 2257; x_wconf 92' lang='lat' dir='ltr'><strong>iu</strong></span> <span class='ocrx_word' id='word_1_275' title='bbox 698 2202 1026 2273; x_wconf 80' lang='lat' dir='ltr'><strong>profundum</strong></span> <span class='ocrx_word' id='word_1_276' title='bbox 1052 2195 1290 2257; x_wconf 87' lang='lat' dir='ltr'><strong>malitiae</strong></span> <span class='ocrx_word' id='word_1_277' title='bbox 1319 2203 1588 2266; x_wconf 81' lang='lat' dir='ltr'><strong>cecidere,</strong></span> <span class='ocrx_word' id='word_1_278' title='bbox 1620 2202 1721 2256; x_wconf 88' lang='lat' dir='ltr'><strong>boe</strong></span> <span class='ocrx_word' id='word_1_279' title='bbox 1743 2209 1848 2266; x_wconf 88' lang='lat' dir='ltr'><strong>est,</strong></span> <span class='ocrx_word' id='word_1_280' title='bbox 1871 2201 1915 2256; x_wconf 86' lang='lat' dir='ltr'><strong>si</strong></span> <span class='ocrx_word' id='word_1_281' title='bbox 1947 2200 2063 2254; x_wconf 87' lang='lat' dir='ltr'><strong>nul-</strong></span> 
     </span>
    </p>
   </div>
   <div class='ocr_carea' id='block_1_40' title="bbox 490 2295 2077 2366">
    <p class='ocr_par' dir='ltr' id='par_1_40' title="bbox 490 2295 2077 2366">
     <span class='ocr_line' id='line_1_40' title="bbox 490 2295 2077 2366; baseline 0.001 -19"><span class='ocrx_word' id='word_1_282' title='bbox 490 2296 598 2349; x_wconf 90' lang='lat' dir='ltr'><strong>lum</strong></span> <span class='ocrx_word' id='word_1_283' title='bbox 626 2296 825 2351; x_wconf 82' lang='lat' dir='ltr'><strong>bonum</strong></span> <span class='ocrx_word' id='word_1_284' title='bbox 851 2296 903 2350; x_wconf 91' lang='lat' dir='ltr'><strong>iu</strong></span> <span class='ocrx_word' id='word_1_285' title='bbox 951 2295 1053 2350; x_wconf 77' lang='lat' dir='ltr'><strong>liae</strong></span> <span class='ocrx_word' id='word_1_286' title='bbox 1102 2296 1209 2349; x_wconf 88' lang='lat' dir='ltr'><strong>vita</strong></span> <span class='ocrx_word' id='word_1_287' title='bbox 1247 2303 1588 2366; x_wconf 80' lang='lat' dir='ltr'><strong>peregerunt,</strong></span> <span class='ocrx_word' id='word_1_288' title='bbox 1628 2310 1735 2365; x_wconf 83' lang='lat' dir='ltr'><strong>quo</strong></span> <span class='ocrx_word' id='word_1_289' title='bbox 1766 2302 2077 2349; x_wconf 87' lang='lat' dir='ltr'><strong>mereantur</strong></span> 
     </span>
    </p>
   </div>
   <div class='ocr_carea' id='block_1_41' title="bbox 486 2383 2079 2452">
    <p class='ocr_par' dir='ltr' id='par_1_41' title="bbox 486 2383 2079 2452">
     <span class='ocr_line' id='line_1_41' title="bbox 486 2383 2079 2452; baseline 0.001 -15"><span class='ocrx_word' id='word_1_290' title='bbox 486 2385 915 2441; x_wconf 74' lang='lat' dir='ltr'><strong>misericordiam</strong></span> <span class='ocrx_word' id='word_1_291' title='bbox 947 2384 998 2439; x_wconf 88' lang='lat' dir='ltr'><strong>in</strong></span> <span class='ocrx_word' id='word_1_292' title='bbox 1031 2383 1233 2438; x_wconf 77' lang='lat' dir='ltr'><strong>futura.</strong></span> <span class='ocrx_word' id='word_1_293' title='bbox 1266 2384 1361 2439; x_wconf 77' lang='lat' dir='ltr'><strong>Est</strong></span> <span class='ocrx_word' id='word_1_294' title='bbox 1398 2384 1557 2439; x_wconf 89' lang='lat' dir='ltr'><strong>etiam</strong></span> <span class='ocrx_word' id='word_1_295' title='bbox 1587 2383 1692 2438; x_wconf 83' lang='lat' dir='ltr'><strong>alia</strong></span> <span class='ocrx_word' id='word_1_296' title='bbox 1723 2383 1897 2438; x_wconf 81' lang='lat' dir='ltr'><strong>forma</strong></span> <span class='ocrx_word' id='word_1_297' title='bbox 1950 2397 2079 2452; x_wconf 75' lang='lat' dir='ltr'><strong>poe-</strong></span> 
     </span>
    </p>
   </div>
   <div class='ocr_carea' id='block_1_42' title="bbox 487 2473 2076 2546">
    <p class='ocr_par' dir='ltr' id='par_1_42' title="bbox 487 2473 2076 2546">
     <span class='ocr_line' id='line_1_42' title="bbox 487 2473 2076 2546; baseline -0.001 -18"><span class='ocrx_word' id='word_1_298' title='bbox 487 2490 680 2530; x_wconf 83' lang='lat' dir='ltr'><strong>narum</strong></span> <span class='ocrx_word' id='word_1_299' title='bbox 705 2474 956 2532; x_wconf 89' lang='lat' dir='ltr'><strong>omnibus</strong></span> <span class='ocrx_word' id='word_1_300' title='bbox 985 2474 1163 2545; x_wconf 83' lang='lat' dir='ltr'><strong>impiis</strong></span> <span class='ocrx_word' id='word_1_301' title='bbox 1200 2476 1531 2538; x_wconf 88' lang='lat' dir='ltr'><strong>communis,</strong></span> <span class='ocrx_word' id='word_1_302' title='bbox 1559 2488 1699 2546; x_wconf 82' lang='lat' dir='ltr'><strong>quae</strong></span> <span class='ocrx_word' id='word_1_303' title='bbox 1731 2474 1911 2528; x_wconf 85' lang='lat' dir='ltr'><strong>omnia</strong></span> <span class='ocrx_word' id='word_1_304' title='bbox 1948 2473 2076 2527; x_wconf 88' lang='lat' dir='ltr'><strong>vitia</strong></span> 
     </span>
    </p>
   </div>
   <div class='ocr_carea' id='block_1_43' title="bbox 488 2555 2077 2638">
    <p class='ocr_par' dir='ltr' id='par_1_43' title="bbox 488 2555 2077 2638">
     <span class='ocr_line' id='line_1_43' title="bbox 488 2555 2077 2638; baseline -0.003 -16"><span class='ocrx_word' id='word_1_305' title='bbox 488 2567 544 2622; x_wconf 84' lang='lat' dir='ltr'><strong>in</strong></span> <span class='ocrx_word' id='word_1_306' title='bbox 584 2568 688 2622; x_wconf 80' lang='lat' dir='ltr'><strong>bac</strong></span> <span class='ocrx_word' id='word_1_307' title='bbox 719 2568 825 2621; x_wconf 85' lang='lat' dir='ltr'><strong>vita</strong></span> <span class='ocrx_word' id='word_1_308' title='bbox 870 2574 1202 2638; x_wconf 86' lang='lat' dir='ltr'><strong>perpetrata,</strong></span> <span class='ocrx_word' id='word_1_309' title='bbox 1236 2576 1290 2621; x_wconf 90' lang='lat' dir='ltr'><strong>et</strong></span> <span class='ocrx_word' id='word_1_310' title='bbox 1318 2568 1369 2620; x_wconf 91' lang='lat' dir='ltr'><strong>in</strong></span> <span class='ocrx_word' id='word_1_311' title='bbox 1403 2566 1508 2635; x_wconf 77' lang='lat' dir='ltr'><strong>qui?</strong></span> <span class='ocrx_word' id='word_1_312' title='bbox 1534 2580 1796 2633; x_wconf 87' lang='lat' dir='ltr'><strong>ususque</strong></span> <span class='ocrx_word' id='word_1_313' title='bbox 1824 2565 1891 2618; x_wconf 90' lang='lat' dir='ltr'><strong>ad</strong></span> <span class='ocrx_word' id='word_1_314' title='bbox 1920 2555 2077 2632; x_wconf 79' lang='lat' dir='ltr'><strong>sepa-</strong></span> 
     </span>
    </p>
   </div>
   <div class='ocr_carea' id='block_1_44' title="bbox 491 2656 2078 2728">
    <p class='ocr_par' dir='ltr' id='par_1_44' title="bbox 491 2656 2078 2728">
     <span class='ocr_line' id='line_1_44' title="bbox 491 2656 2078 2728; baseline -0.003 -16"><span class='ocrx_word' id='word_1_315' title='bbox 491 2659 757 2712; x_wconf 82' lang='lat' dir='ltr'><strong>ratiunem</strong></span> <span class='ocrx_word' id='word_1_316' title='bbox 786 2660 1030 2728; x_wconf 69' lang='lat' dir='ltr'><strong>corporis</strong></span> <span class='ocrx_word' id='word_1_317' title='bbox 1073 2666 1130 2713; x_wconf 87' lang='lat' dir='ltr'><strong>et</strong></span> <span class='ocrx_word' id='word_1_318' title='bbox 1176 2658 1392 2712; x_wconf 87' lang='lat' dir='ltr'><strong>animae</strong></span> <span class='ocrx_word' id='word_1_319' title='bbox 1439 2657 1644 2726; x_wconf 86' lang='lat' dir='ltr'><strong>absque</strong></span> <span class='ocrx_word' id='word_1_320' title='bbox 1669 2656 1773 2709; x_wconf 82' lang='lat' dir='ltr'><strong>ulla</strong></span> <span class='ocrx_word' id='word_1_321' title='bbox 1799 2656 2078 2725; x_wconf 88' lang='lat' dir='ltr'><strong>poeniten-</strong></span> 
     </span>
    </p>
   </div>
   <div class='ocr_carea' id='block_1_45' title="bbox 492 2748 2078 2821">
    <p class='ocr_par' dir='ltr' id='par_1_45' title="bbox 492 2748 2078 2821">
     <span class='ocr_line' id='line_1_45' title="bbox 492 2748 2078 2821; baseline -0.003 -17"><span class='ocrx_word' id='word_1_322' title='bbox 492 2751 565 2804; x_wconf 90' lang='lat' dir='ltr'><strong>tia</strong></span> <span class='ocrx_word' id='word_1_323' title='bbox 615 2760 708 2805; x_wconf 85' lang='lat' dir='ltr'><strong>ant</strong></span> <span class='ocrx_word' id='word_1_324' title='bbox 760 2749 942 2821; x_wconf 86' lang='lat' dir='ltr'><strong>aliqua</strong></span> <span class='ocrx_word' id='word_1_325' title='bbox 992 2749 1279 2813; x_wconf 86' lang='lat' dir='ltr'><strong>occasione</strong></span> <span class='ocrx_word' id='word_1_326' title='bbox 1342 2748 1675 2819; x_wconf 76' lang='lat' dir='ltr'><strong>purgationis</strong></span> <span class='ocrx_word' id='word_1_327' title='bbox 1724 2755 1845 2816; x_wconf 86' lang='lat' dir='ltr'><strong>post</strong></span> <span class='ocrx_word' id='word_1_328' title='bbox 1881 2759 2078 2814; x_wconf 86' lang='lat' dir='ltr'><strong>corpus</strong></span> 
     </span>
    </p>
   </div>
   <div class='ocr_carea' id='block_1_46' title="bbox 491 2836 2078 2912">
    <p class='ocr_par' dir='ltr' id='par_1_46' title="bbox 491 2836 2078 2912">
     <span class='ocr_line' id='line_1_46' title="bbox 491 2836 2078 2912; baseline -0.002 -18"><span class='ocrx_word' id='word_1_329' title='bbox 491 2851 889 2912; x_wconf 75' lang='lat' dir='ltr'><strong>perseveratur,</strong></span> <span class='ocrx_word' id='word_1_330' title='bbox 916 2842 970 2897; x_wconf 90' lang='lat' dir='ltr'><strong>in</strong></span> <span class='ocrx_word' id='word_1_331' title='bbox 1005 2841 1243 2896; x_wconf 87' lang='lat' dir='ltr'><strong>trucibus</strong></span> <span class='ocrx_word' id='word_1_332' title='bbox 1271 2840 1725 2908; x_wconf 82' lang='lat' dir='ltr'><strong>ltorribilibusque</strong></span> <span class='ocrx_word' id='word_1_333' title='bbox 1748 2836 1911 2892; x_wconf 86' lang='lat' dir='ltr'><strong>veluti</strong></span> <span class='ocrx_word' id='word_1_334' title='bbox 1935 2837 2078 2891; x_wconf 79' lang='lat' dir='ltr'><strong>fero-</strong></span> 
     </span>
    </p>
   </div>
   <div class='ocr_carea' id='block_1_47' title="bbox 492 2932 2074 3005">
    <p class='ocr_par' dir='ltr' id='par_1_47' title="bbox 492 2932 2074 3005">
     <span class='ocr_line' id='line_1_47' title="bbox 492 2932 2074 3005; baseline -0.001 -17"><span class='ocrx_word' id='word_1_335' title='bbox 492 2936 634 2988; x_wconf 79' lang='lat' dir='ltr'><strong>riuui</strong></span> <span class='ocrx_word' id='word_1_336' title='bbox 673 2935 971 2990; x_wconf 75' lang='lat' dir='ltr'><strong>bestiarum</strong></span> <span class='ocrx_word' id='word_1_337' title='bbox 996 2934 1301 3005; x_wconf 78' lang='lat' dir='ltr'><strong>speciebus.</strong></span> <span class='ocrx_word' id='word_1_338' title='bbox 1334 2932 1402 2987; x_wconf 89' lang='lat' dir='ltr'><strong>ad</strong></span> <span class='ocrx_word' id='word_1_339' title='bbox 1449 2934 1723 2986; x_wconf 84' lang='lat' dir='ltr'><strong>cumulum</strong></span> <span class='ocrx_word' id='word_1_340' title='bbox 1778 2939 2074 2987; x_wconf 84' lang='lat' dir='ltr'><strong>tormento-</strong></span> 
     </span>
    </p>
   </div>
   <div class='ocr_carea' id='block_1_48' title="bbox 493 3022 2076 3096">
    <p class='ocr_par' dir='ltr' id='par_1_48' title="bbox 493 3022 2076 3096">
     <span class='ocr_line' id='line_1_48' title="bbox 493 3022 2076 3096; baseline -0.006 -13"><span class='ocrx_word' id='word_1_341' title='bbox 493 3043 609 3083; x_wconf 87' lang='lat' dir='ltr'><strong>rum</strong></span> <span class='ocrx_word' id='word_1_342' title='bbox 649 3028 1010 3092; x_wconf 84' lang='lat' dir='ltr'><strong>administrat,</strong></span> <span class='ocrx_word' id='word_1_343' title='bbox 1036 3037 1111 3091; x_wconf 89' lang='lat' dir='ltr'><strong>ut,</strong></span> <span class='ocrx_word' id='word_1_344' title='bbox 1134 3040 1274 3096; x_wconf 75' lang='lat' dir='ltr'><strong>quae</strong></span> <span class='ocrx_word' id='word_1_345' title='bbox 1304 3025 1391 3080; x_wconf 68' lang='lat' dir='ltr'><strong>hic</strong></span> <span class='ocrx_word' id='word_1_346' title='bbox 1418 3024 1808 3083; x_wconf 56' lang='lat' dir='ltr'><strong>delectabiliter</strong></span> <span class='ocrx_word' id='word_1_347' title='bbox 1838 3022 1862 3054; x_wconf 75' lang='grc' dir='ltr'>δ</span> <span class='ocrx_word' id='word_1_348' title='bbox 1911 3022 2076 3091; x_wconf 86' lang='lat' dir='ltr'><strong>impie</strong></span> 
     </span>
    </p>
   </div>
   <div class='ocr_carea' id='block_1_49' title="bbox 2174 1844 3757 1922">
    <p class='ocr_par' dir='ltr' id='par_1_49' title="bbox 2174 1844 3757 1922">
     <span class='ocr_line' id='line_1_49' title="bbox 2174 1844 3757 1922; baseline -0.001 -15"><span class='ocrx_word' id='word_1_349' title='bbox 2174 1851 2352 1909; x_wconf 81' lang='lat' dir='ltr'><strong>tamen</strong></span> <span class='ocrx_word' id='word_1_350' title='bbox 2381 1844 2615 1909; x_wconf 77' lang='lat' dir='ltr'><strong>deiticati</strong></span> <span class='ocrx_word' id='word_1_351' title='bbox 2648 1871 2660 1906; x_wconf 88' lang='lat'><strong>:</strong></span> <span class='ocrx_word' id='word_1_352' title='bbox 2692 1847 2849 1907; x_wconf 68' lang='lat' dir='ltr'><strong>aliter</strong></span> <span class='ocrx_word' id='word_1_353' title='bbox 2876 1854 2928 1905; x_wconf 90' lang='lat' dir='ltr'><strong>in</strong></span> <span class='ocrx_word' id='word_1_354' title='bbox 2965 1852 3070 1913; x_wconf 78' lang='lat' dir='ltr'><strong>bis,</strong></span> <span class='ocrx_word' id='word_1_355' title='bbox 3105 1852 3157 1906; x_wconf 92' lang='lat' dir='ltr'><strong>iu</strong></span> <span class='ocrx_word' id='word_1_356' title='bbox 3198 1854 3392 1922; x_wconf 67' lang='lat' dir='ltr'><strong>quibus</strong></span> <span class='ocrx_word' id='word_1_357' title='bbox 3422 1851 3757 1907; x_wconf 73' lang='lat' dir='ltr'><strong>solummodo</strong></span> 
     </span>
    </p>
   </div>
   <div class='ocr_carea' id='block_1_50' title="bbox 2174 1942 3815 2015">
    <p class='ocr_par' dir='ltr' id='par_1_50' title="bbox 2174 1942 3815 2015">
     <span class='ocr_line' id='line_1_50' title="bbox 2174 1942 3815 2015; baseline -0.001 -15"><span class='ocrx_word' id='word_1_358' title='bbox 2174 1956 2401 2000; x_wconf 69' lang='lat' dir='ltr'><strong>naturae</strong></span> <span class='ocrx_word' id='word_1_359' title='bbox 2425 1945 2709 2015; x_wconf 75' lang='lat' dir='ltr'><strong>integritas</strong></span> <span class='ocrx_word' id='word_1_360' title='bbox 2739 1942 3152 2008; x_wconf 72' lang='lat' dir='ltr'><strong>restaurabitur,</strong></span> <span class='ocrx_word' id='word_1_361' title='bbox 3184 1943 3424 1997; x_wconf 74' lang='lat' dir='ltr'><strong>tttuleliea</strong></span> <span class='ocrx_word' id='word_1_362' title='bbox 3461 1942 3506 1975; x_wconf 84' lang='grc'><strong>¹³</strong></span> <span class='ocrx_word' id='word_1_363' title='bbox 3545 1958 3674 1998; x_wconf 85' lang='lat' dir='ltr'><strong>vero</strong></span> <span class='ocrx_word' id='word_1_364' title='bbox 3701 1952 3757 1997; x_wconf 86' lang='lat' dir='ltr'><strong>et</strong></span> <span class='ocrx_word' id='word_1_365' title='bbox 3812 1998 3815 1999; x_wconf 30' lang='grc' dir='ltr'><em>ν</em></span> 
     </span>
    </p>
   </div>
   <div class='ocr_carea' id='block_1_51' title="bbox 2175 2035 3757 2105">
    <p class='ocr_par' dir='ltr' id='par_1_51' title="bbox 2175 2035 3757 2105">
     <span class='ocr_line' id='line_1_51' title="bbox 2175 2035 3757 2105; baseline -0.001 -14"><span class='ocrx_word' id='word_1_366' title='bbox 2175 2037 2465 2103; x_wconf 79' lang='lat' dir='ltr'><strong>libidinosa.</strong></span> <span class='ocrx_word' id='word_1_367' title='bbox 2485 2035 2719 2089; x_wconf 80' lang='lat' dir='ltr'><strong>carnalis</strong></span> <span class='ocrx_word' id='word_1_368' title='bbox 2742 2050 2929 2090; x_wconf 89' lang='lat' dir='ltr'><strong>eorum</strong></span> <span class='ocrx_word' id='word_1_369' title='bbox 2961 2036 3108 2091; x_wconf 84' lang='lat' dir='ltr'><strong>vitae</strong></span> <span class='ocrx_word' id='word_1_370' title='bbox 3137 2036 3248 2089; x_wconf 83' lang='lat' dir='ltr'><strong>inte</strong></span> <span class='ocrx_word' id='word_1_371' title='bbox 3271 2037 3550 2105; x_wconf 53' lang='lat' dir='ltr'><strong>sperantia</strong></span> <span class='ocrx_word' id='word_1_372' title='bbox 3582 2043 3757 2090; x_wconf 84' lang='lat' dir='ltr'><strong>aeter-</strong></span> 
     </span>
    </p>
   </div>
   <div class='ocr_carea' id='block_1_52' title="bbox 2174 2108 3758 2196">
    <p class='ocr_par' dir='ltr' id='par_1_52' title="bbox 2174 2108 3758 2196">
     <span class='ocr_line' id='line_1_52' title="bbox 2174 2108 3758 2196; baseline -0.003 -15"><span class='ocrx_word' id='word_1_373' title='bbox 2174 2126 2259 2182; x_wconf 88' lang='lat' dir='ltr'><strong>nis</strong></span> <span class='ocrx_word' id='word_1_374' title='bbox 2282 2108 2537 2195; x_wconf 77' lang='lat' dir='ltr'><strong>punietur</strong></span> <span class='ocrx_word' id='word_1_375' title='bbox 2556 2124 2854 2196; x_wconf 79' lang='lat' dir='ltr'><strong>suppliciis.</strong></span> <span class='ocrx_word' id='word_1_376' title='bbox 2902 2122 3052 2190; x_wconf 83' lang='lat' dir='ltr'><strong>Quae</strong></span> <span class='ocrx_word' id='word_1_377' title='bbox 3097 2124 3342 2180; x_wconf 57' lang='lat' dir='ltr'><strong>vidrﬁcet</strong></span> <span class='ocrx_word' id='word_1_378' title='bbox 3387 2124 3641 2194; x_wconf 69' lang='lat' dir='ltr'><strong>supplicia</strong></span> <span class='ocrx_word' id='word_1_379' title='bbox 3677 2126 3758 2179; x_wconf 83' lang='lat' dir='ltr'><strong>di-</strong></span> 
     </span>
    </p>
   </div>
   <div class='ocr_carea' id='block_1_53' title="bbox 2173 2214 3756 2291">
    <p class='ocr_par' dir='ltr' id='par_1_53' title="bbox 2173 2214 3756 2291">
     <span class='ocr_line' id='line_1_53' title="bbox 2173 2214 3756 2291; baseline -0.001 -20"><span class='ocrx_word' id='word_1_380' title='bbox 2173 2218 2315 2274; x_wconf 87' lang='lat' dir='ltr'><strong>vinis</strong></span> <span class='ocrx_word' id='word_1_381' title='bbox 2342 2216 2551 2290; x_wconf 79' lang='lat' dir='ltr'><strong>legibns</strong></span> <span class='ocrx_word' id='word_1_382' title='bbox 2581 2217 2853 2279; x_wconf 85' lang='lat' dir='ltr'><strong>ordinata,</strong></span> <span class='ocrx_word' id='word_1_383' title='bbox 2882 2225 3122 2291; x_wconf 78' lang='lat' dir='ltr'><strong>naturae,</strong></span> <span class='ocrx_word' id='word_1_384' title='bbox 3154 2216 3293 2271; x_wconf 87' lang='lat' dir='ltr'><strong>intra</strong></span> <span class='ocrx_word' id='word_1_385' title='bbox 3322 2214 3756 2284; x_wconf 65' lang='lat' dir='ltr'><strong>cujusvirtutem</strong></span> 
     </span>
    </p>
   </div>
   <div class='ocr_carea' id='block_1_54' title="bbox 2174 2309 3756 2379">
    <p class='ocr_par' dir='ltr' id='par_1_54' title="bbox 2174 2309 3756 2379">
     <span class='ocr_line' id='line_1_54' title="bbox 2174 2309 3756 2379; baseline -0.002 -12"><span class='ocrx_word' id='word_1_386' title='bbox 2174 2320 2224 2367; x_wconf 91' lang='lat' dir='ltr'><strong>et</strong></span> <span class='ocrx_word' id='word_1_387' title='bbox 2256 2311 2595 2375; x_wconf 79' lang='lat' dir='ltr'><strong>sustinentur</strong></span> <span class='ocrx_word' id='word_1_388' title='bbox 2638 2318 2699 2364; x_wconf 82' lang='lat' dir='ltr'><strong>et</strong></span> <span class='ocrx_word' id='word_1_389' title='bbox 2743 2309 3592 2379; x_wconf 61' lang='lat' dir='ltr'><strong>comprehenduntur;nusquam</strong></span> <span class='ocrx_word' id='word_1_390' title='bbox 3622 2327 3756 2364; x_wconf 63' lang='lat' dir='ltr'><strong>uuu«</strong></span> 
     </span>
    </p>
   </div>
   <div class='ocr_carea' id='block_1_55' title="bbox 2175 2388 3754 2474">
    <p class='ocr_par' dir='ltr' id='par_1_55' title="bbox 2175 2388 3754 2474">
     <span class='ocr_line' id='line_1_55' title="bbox 2175 2388 3754 2474; baseline -0.001 -16"><span class='ocrx_word' id='word_1_391' title='bbox 2175 2418 2337 2474; x_wconf 86' lang='lat' dir='ltr'><strong>quam</strong></span> <span class='ocrx_word' id='word_1_392' title='bbox 2383 2388 2505 2456; x_wconf 86' lang='lat' dir='ltr'><strong>sunt</strong></span> <span class='ocrx_word' id='word_1_393' title='bbox 2552 2402 2820 2465; x_wconf 85' lang='lat' dir='ltr'><strong>nocitura,</strong></span> <span class='ocrx_word' id='word_1_394' title='bbox 2850 2401 3036 2470; x_wconf 70' lang='lat' dir='ltr'><strong>ejusve</strong></span> <span class='ocrx_word' id='word_1_395' title='bbox 3068 2402 3521 2472; x_wconf 56' lang='lat' dir='ltr'><strong>pulchritudinem</strong></span> <span class='ocrx_word' id='word_1_396' title='bbox 3560 2418 3659 2458; x_wconf 88' lang='lat' dir='ltr'><strong>nec</strong></span> <span class='ocrx_word' id='word_1_397' title='bbox 3701 2403 3754 2457; x_wconf 85' lang='lat' dir='ltr'><strong>in</strong></span> 
     </span>
    </p>
   </div>
   <div class='ocr_carea' id='block_1_56' title="bbox 2179 2492 3755 2565">
    <p class='ocr_par' dir='ltr' id='par_1_56' title="bbox 2179 2492 3755 2565">
     <span class='ocr_line' id='line_1_56' title="bbox 2179 2492 3755 2565; baseline -0.001 -15"><span class='ocrx_word' id='word_1_398' title='bbox 2179 2503 2310 2559; x_wconf 89' lang='lat' dir='ltr'><strong>toto,</strong></span> <span class='ocrx_word' id='word_1_399' title='bbox 2337 2509 2437 2549; x_wconf 87' lang='lat' dir='ltr'><strong>nec</strong></span> <span class='ocrx_word' id='word_1_400' title='bbox 2477 2495 2528 2549; x_wconf 90' lang='lat' dir='ltr'><strong>iu</strong></span> <span class='ocrx_word' id='word_1_401' title='bbox 2552 2504 2707 2564; x_wconf 79' lang='lat' dir='ltr'><strong>parte</strong></span> <span class='ocrx_word' id='word_1_402' title='bbox 2752 2492 3032 2549; x_wconf 71' lang='lat' dir='ltr'><strong>infectum.</strong></span> <span class='ocrx_word' id='word_1_403' title='bbox 3069 2493 3442 2565; x_wconf 78' lang='lat' dir='ltr'><strong>Unusquisque</strong></span> <span class='ocrx_word' id='word_1_404' title='bbox 3484 2495 3664 2563; x_wconf 69' lang='lat' dir='ltr'><strong>itaque</strong></span> <span class='ocrx_word' id='word_1_405' title='bbox 3705 2494 3755 2548; x_wconf 86' lang='lat' dir='ltr'><strong>in</strong></span> 
     </span>
    </p>
   </div>
   <div class='ocr_carea' id='block_1_57' title="bbox 2176 2585 3762 2656">
    <p class='ocr_par' dir='ltr' id='par_1_57' title="bbox 2176 2585 3762 2656">
     <span class='ocr_line' id='line_1_57' title="bbox 2176 2585 3762 2656; baseline -0.004 -11"><span class='ocrx_word' id='word_1_406' title='bbox 2176 2606 2272 2646; x_wconf 86' lang='lat' dir='ltr'><strong>sua</strong></span> <span class='ocrx_word' id='word_1_407' title='bbox 2303 2589 2634 2645; x_wconf 84' lang='lat' dir='ltr'><strong>conscientia</strong></span> <span class='ocrx_word' id='word_1_408' title='bbox 2666 2589 2804 2642; x_wconf 88' lang='lat' dir='ltr'><strong>intra</strong></span> <span class='ocrx_word' id='word_1_409' title='bbox 2836 2586 3181 2656; x_wconf 80' lang='lat' dir='ltr'><strong>semetipsum</strong></span> <span class='ocrx_word' id='word_1_410' title='bbox 3208 2596 3313 2639; x_wconf 78' lang='lat' dir='ltr'><strong>aut</strong></span> <span class='ocrx_word' id='word_1_411' title='bbox 3358 2585 3594 2655; x_wconf 76' lang='lat' dir='ltr'><strong>praemia</strong></span> <span class='ocrx_word' id='word_1_412' title='bbox 3627 2586 3762 2638; x_wconf 75' lang='lat' dir='ltr'><strong>reri-</strong></span> 
     </span>
    </p>
   </div>
   <div class='ocr_carea' id='block_1_58' title="bbox 2178 2676 3762 2753">
    <p class='ocr_par' dir='ltr' id='par_1_58' title="bbox 2178 2676 3762 2753">
     <span class='ocr_line' id='line_1_58' title="bbox 2178 2676 3762 2753; baseline -0.001 -17"><span class='ocrx_word' id='word_1_413' title='bbox 2178 2683 2311 2753; x_wconf 90' lang='lat' dir='ltr'><strong>piet,</strong></span> <span class='ocrx_word' id='word_1_414' title='bbox 2342 2690 2431 2737; x_wconf 91' lang='lat' dir='ltr'><strong>aut</strong></span> <span class='ocrx_word' id='word_1_415' title='bbox 2463 2697 2663 2752; x_wconf 85' lang='lat' dir='ltr'><strong>poenas</strong></span> <span class='ocrx_word' id='word_1_416' title='bbox 2691 2679 2831 2743; x_wconf 81' lang='lat' dir='ltr'><strong>luet;</strong></span> <span class='ocrx_word' id='word_1_417' title='bbox 2859 2680 2971 2749; x_wconf 89' lang='lat' dir='ltr'><strong>ipsa</strong></span> <span class='ocrx_word' id='word_1_418' title='bbox 2992 2693 3119 2733; x_wconf 85' lang='lat' dir='ltr'><strong>vero</strong></span> <span class='ocrx_word' id='word_1_419' title='bbox 3150 2680 3185 2709; x_wconf 72' lang='grc'><strong>¹¹</strong></span> <span class='ocrx_word' id='word_1_420' title='bbox 3219 2686 3408 2732; x_wconf 81' lang='lat' dir='ltr'><strong>natura</strong></span> <span class='ocrx_word' id='word_1_421' title='bbox 3437 2678 3489 2731; x_wconf 90' lang='lat' dir='ltr'><strong>in</strong></span> <span class='ocrx_word' id='word_1_422' title='bbox 3510 2676 3762 2734; x_wconf 87' lang='lat' dir='ltr'><strong>omnibus</strong></span> 
     </span>
    </p>
   </div>
   <div class='ocr_carea' id='block_1_59' title="bbox 2177 2768 3758 2842">
    <p class='ocr_par' dir='ltr' id='par_1_59' title="bbox 2177 2768 3758 2842">
     <span class='ocr_line' id='line_1_59' title="bbox 2177 2768 3758 2842; baseline -0.004 -13"><span class='ocrx_word' id='word_1_423' title='bbox 2177 2772 2347 2831; x_wconf 84' lang='lat' dir='ltr'><strong>libera</strong></span> <span class='ocrx_word' id='word_1_424' title='bbox 2381 2771 2737 2842; x_wconf 67' lang='lat' dir='ltr'><strong>permanebit.</strong></span> <span class='ocrx_word' id='word_1_425' title='bbox 2768 2769 3037 2824; x_wconf 81' lang='lat' dir='ltr'><strong>Hactenus</strong></span> <span class='ocrx_word' id='word_1_426' title='bbox 3064 2769 3129 2824; x_wconf 82' lang='lat' dir='ltr'><strong>de</strong></span> <span class='ocrx_word' id='word_1_427' title='bbox 3154 2768 3236 2823; x_wconf 82' lang='lat' dir='ltr'><strong>itis</strong></span> <span class='ocrx_word' id='word_1_428' title='bbox 3269 2784 3282 2820; x_wconf 88' lang='lat'><strong>:</strong></span> <span class='ocrx_word' id='word_1_429' title='bbox 3323 2783 3464 2823; x_wconf 88' lang='lat' dir='ltr'><strong>nunc</strong></span> <span class='ocrx_word' id='word_1_430' title='bbox 3503 2768 3567 2823; x_wconf 84' lang='lat' dir='ltr'><strong>ad</strong></span> <span class='ocrx_word' id='word_1_431' title='bbox 3613 2768 3758 2824; x_wconf 79' lang='lat' dir='ltr'><strong>retii-</strong></span> 
     </span>
    </p>
   </div>
   <div class='ocr_carea' id='block_1_60' title="bbox 2178 2857 3763 2931">
    <p class='ocr_par' dir='ltr' id='par_1_60' title="bbox 2178 2857 3763 2931">
     <span class='ocr_line' id='line_1_60' title="bbox 2178 2857 3763 2931; baseline -0.004 -13"><span class='ocrx_word' id='word_1_432' title='bbox 2178 2872 2292 2919; x_wconf 86' lang='lat' dir='ltr'><strong>tum</strong></span> <span class='ocrx_word' id='word_1_433' title='bbox 2319 2871 2603 2920; x_wconf 84' lang='lat' dir='ltr'><strong>creaturae</strong></span> <span class='ocrx_word' id='word_1_434' title='bbox 2629 2862 2681 2915; x_wconf 90' lang='lat' dir='ltr'><strong>in</strong></span> <span class='ocrx_word' id='word_1_435' title='bbox 2716 2861 3001 2931; x_wconf 78' lang='lat' dir='ltr'><strong>pristinum</strong></span> <span class='ocrx_word' id='word_1_436' title='bbox 3032 2868 3256 2925; x_wconf 89' lang='lat' dir='ltr'><strong>statum,</strong></span> <span class='ocrx_word' id='word_1_437' title='bbox 3282 2858 3347 2913; x_wconf 87' lang='lat' dir='ltr'><strong>de</strong></span> <span class='ocrx_word' id='word_1_438' title='bbox 3367 2873 3474 2929; x_wconf 87' lang='lat' dir='ltr'><strong>quo</strong></span> <span class='ocrx_word' id='word_1_439' title='bbox 3496 2857 3763 2929; x_wconf 56' lang='lat' dir='ltr'><strong>print-ipa.</strong></span> 
     </span>
    </p>
   </div>
   <div class='ocr_carea' id='block_1_61' title="bbox 2179 2947 3763 3015">
    <p class='ocr_par' dir='ltr' id='par_1_61' title="bbox 2179 2947 3763 3015">
     <span class='ocr_line' id='line_1_61' title="bbox 2179 2947 3763 3015; baseline -0.004 -8"><span class='ocrx_word' id='word_1_440' title='bbox 2179 2953 2307 3009; x_wconf 90' lang='lat' dir='ltr'><strong>liter</strong></span> <span class='ocrx_word' id='word_1_441' title='bbox 2346 2952 2730 3008; x_wconf 87' lang='lat' dir='ltr'><strong>sermocinatio</strong></span> <span class='ocrx_word' id='word_1_442' title='bbox 2777 2958 2881 3015; x_wconf 86' lang='lat' dir='ltr'><strong>est,</strong></span> <span class='ocrx_word' id='word_1_443' title='bbox 2922 2949 3276 3003; x_wconf 68' lang='lat' dir='ltr'><strong>redeundum.</strong></span> <span class='ocrx_word' id='word_1_444' title='bbox 3324 2948 3468 3003; x_wconf 83' lang='lat' dir='ltr'><strong>Disc.</strong></span> <span class='ocrx_word' id='word_1_445' title='bbox 3512 2947 3763 3002; x_wconf 79' lang='lat' dir='ltr'><strong>Redeun-</strong></span> 
     </span>
    </p>
   </div>
   <div class='ocr_carea' id='block_1_62' title="bbox 2179 3040 3764 3123">
    <p class='ocr_par' dir='ltr' id='par_1_62' title="bbox 2179 3040 3764 3123">
     <span class='ocr_line' id='line_1_62' title="bbox 2179 3040 3764 3123; baseline -0.006 -23"><span class='ocrx_word' id='word_1_446' title='bbox 2179 3050 2305 3100; x_wconf 87' lang='lat' dir='ltr'><strong>dum</strong></span> <span class='ocrx_word' id='word_1_447' title='bbox 2333 3060 2484 3113; x_wconf 79' lang='lat' dir='ltr'><strong>sane,</strong></span> <span class='ocrx_word' id='word_1_448' title='bbox 2510 3060 2573 3099; x_wconf 90' lang='lat' dir='ltr'><strong>ac</strong></span> <span class='ocrx_word' id='word_1_449' title='bbox 2606 3054 2815 3114; x_wconf 82' lang='lat' dir='ltr'><strong>tempus</strong></span> <span class='ocrx_word' id='word_1_450' title='bbox 2837 3042 3004 3111; x_wconf 75' lang='lat' dir='ltr'><strong>exigit</strong></span> <span class='ocrx_word' id='word_1_451' title='bbox 3033 3040 3420 3123; x_wconf 79' lang='lat' dir='ltr'><strong>prolixitasque</strong></span> <span class='ocrx_word' id='word_1_452' title='bbox 3444 3040 3764 3112; x_wconf 81' lang='lat' dir='ltr'><strong>disputatio-</strong></span> 
     </span>
    </p>
   </div>
   <div class='ocr_carea' id='block_1_63' title="bbox 495 3107 2074 3201">
    <p class='ocr_par' dir='ltr' id='par_1_63' title="bbox 495 3116 2074 3189">
     <span class='ocr_line' id='line_1_63' title="bbox 495 3116 2074 3189; baseline 0.002 -18"><span class='ocrx_word' id='word_1_453' title='bbox 495 3119 800 3173; x_wconf 82' lang='lat' dir='ltr'><strong>viventibus</strong></span> <span class='ocrx_word' id='word_1_454' title='bbox 822 3116 1209 3184; x_wconf 69' lang='lat' dir='ltr'><strong>arrident,illic</strong></span> <span class='ocrx_word' id='word_1_455' title='bbox 1238 3118 1550 3171; x_wconf 66' lang='lat' dir='ltr'><strong>terribiliter</strong></span> <span class='ocrx_word' id='word_1_456' title='bbox 1577 3116 2074 3189; x_wconf 76' lang='lat' dir='ltr'><strong>appareautjustis-</strong></span> 
     </span>
    </p>
   </div>
   <div class='ocr_carea' id='block_1_64' title="bbox 2174 3107 3764 3201">
    <p class='ocr_par' dir='ltr' id='par_1_64' title="bbox 2180 3107 3764 3201">
     <span class='ocr_line' id='line_1_64' title="bbox 2180 3107 3764 3201; baseline -0.004 -11"><span class='ocrx_word' id='word_1_457' title='bbox 2180 3137 2282 3191; x_wconf 90' lang='lat' dir='ltr'><strong>nis.</strong></span> <span class='ocrx_word' id='word_1_458' title='bbox 2313 3134 2383 3190; x_wconf 87' lang='lat' dir='ltr'><strong>Et</strong></span> <span class='ocrx_word' id='word_1_459' title='bbox 2416 3107 2626 3198; x_wconf 81' lang='lat' dir='ltr'><strong>vereor,</strong></span> <span class='ocrx_word' id='word_1_460' title='bbox 2649 3107 2733 3187; x_wconf 40' lang='lat' dir='ltr'><strong>ne-</strong></span> <span class='ocrx_word' id='word_1_461' title='bbox 2756 3132 2893 3187; x_wconf 78' lang='lat' dir='ltr'><strong>forte</strong></span> <span class='ocrx_word' id='word_1_462' title='bbox 2920 3107 3148 3201; x_wconf 28' lang='lat' dir='ltr'><strong>bis,vqui</strong></span> <span class='ocrx_word' id='word_1_463' title='bbox 3186 3107 3375 3187; x_wconf 74' lang='lat' dir='ltr'><strong>lecturi</strong></span> <span class='ocrx_word' id='word_1_464' title='bbox 3403 3107 3548 3194; x_wconf 67' lang='lat' dir='ltr'><strong>sunt,</strong></span> <span class='ocrx_word' id='word_1_465' title='bbox 3585 3130 3764 3186; x_wconf 75' lang='lat' dir='ltr'><strong>multi-</strong></span> 
     </span>
    </p>
   </div>
   <div class='ocr_carea' id='block_1_65' title="bbox 493 3206 2073 3279">
    <p class='ocr_par' dir='ltr' id='par_1_65' title="bbox 493 3206 2073 3279">
     <span class='ocr_line' id='line_1_65' title="bbox 493 3206 2073 3279; baseline -0.003 -15"><span class='ocrx_word' id='word_1_466' title='bbox 493 3211 633 3264; x_wconf 80' lang='lat' dir='ltr'><strong>simu</strong></span> <span class='ocrx_word' id='word_1_467' title='bbox 661 3207 916 3279; x_wconf 82' lang='lat' dir='ltr'><strong>puniendi</strong></span> <span class='ocrx_word' id='word_1_468' title='bbox 948 3209 1106 3262; x_wconf 89' lang='lat' dir='ltr'><strong>modo</strong></span> <span class='ocrx_word' id='word_1_469' title='bbox 1150 3206 1289 3274; x_wconf 81' lang='lat' dir='ltr'><strong>Quid</strong></span> <span class='ocrx_word' id='word_1_470' title='bbox 1334 3208 1478 3262; x_wconf 89' lang='lat' dir='ltr'><strong>enim</strong></span> <span class='ocrx_word' id='word_1_471' title='bbox 1530 3208 1758 3278; x_wconf 85' lang='lat' dir='ltr'><strong>aequius</strong></span> <span class='ocrx_word' id='word_1_472' title='bbox 1801 3217 1886 3262; x_wconf 87' lang='lat' dir='ltr'><strong>est</strong></span> <span class='ocrx_word' id='word_1_473' title='bbox 1935 3207 2073 3261; x_wconf 53' lang='lat' dir='ltr'><strong>diﬁc</strong></span> 
     </span>
    </p>
   </div>
   <div class='ocr_carea' id='block_1_66' title="bbox 494 3299 2076 3372">
    <p class='ocr_par' dir='ltr' id='par_1_66' title="bbox 494 3299 2076 3372">
     <span class='ocr_line' id='line_1_66' title="bbox 494 3299 2076 3372; baseline -0.001 -16"><span class='ocrx_word' id='word_1_474' title='bbox 494 3317 702 3372; x_wconf 87' lang='lat' dir='ltr'><strong>uaeque</strong></span> <span class='ocrx_word' id='word_1_475' title='bbox 739 3301 1061 3355; x_wconf 79' lang='lat' dir='ltr'><strong>urdinationi</strong></span> <span class='ocrx_word' id='word_1_476' title='bbox 1098 3299 1498 3369; x_wconf 77' lang='lat' dir='ltr'><strong>congruentius,</strong></span> <span class='ocrx_word' id='word_1_477' title='bbox 1522 3316 1681 3368; x_wconf 89' lang='lat' dir='ltr'><strong>quam</strong></span> <span class='ocrx_word' id='word_1_478' title='bbox 1709 3310 1767 3354; x_wconf 88' lang='lat' dir='ltr'><strong>ut</strong></span> <span class='ocrx_word' id='word_1_479' title='bbox 1806 3313 1901 3361; x_wconf 87' lang='lat' dir='ltr'><strong>ea,</strong></span> <span class='ocrx_word' id='word_1_480' title='bbox 1936 3315 2076 3369; x_wconf 85' lang='lat' dir='ltr'><strong>quae</strong></span> 
     </span>
    </p>
   </div>
   <div class='ocr_carea' id='block_1_67' title="bbox 494 3387 2075 3459">
    <p class='ocr_par' dir='ltr' id='par_1_67' title="bbox 494 3387 2075 3459">
     <span class='ocr_line' id='line_1_67' title="bbox 494 3387 2075 3459; baseline -0.001 -14"><span class='ocrx_word' id='word_1_481' title='bbox 494 3394 548 3446; x_wconf 92' lang='lat' dir='ltr'><strong>iu</strong></span> <span class='ocrx_word' id='word_1_482' title='bbox 581 3391 681 3445; x_wconf 71' lang='lat' dir='ltr'><strong>bac.</strong></span> <span class='ocrx_word' id='word_1_483' title='bbox 710 3391 818 3445; x_wconf 88' lang='lat' dir='ltr'><strong>vita</strong></span> <span class='ocrx_word' id='word_1_484' title='bbox 848 3388 1036 3445; x_wconf 88' lang='lat' dir='ltr'><strong>illicito</strong></span> <span class='ocrx_word' id='word_1_485' title='bbox 1057 3404 1240 3444; x_wconf 90' lang='lat' dir='ltr'><strong>amore</strong></span> <span class='ocrx_word' id='word_1_486' title='bbox 1272 3392 1520 3444; x_wconf 74' lang='lat' dir='ltr'><strong>ardentes</strong></span> <span class='ocrx_word' id='word_1_487' title='bbox 1544 3400 1843 3459; x_wconf 78' lang='lat' dir='ltr'><strong>sequuntur</strong></span> <span class='ocrx_word' id='word_1_488' title='bbox 1868 3387 2075 3456; x_wconf 86' lang='lat' dir='ltr'><strong>injusti,</strong></span> 
     </span>
    </p>
   </div>
   <div class='ocr_carea' id='block_1_68' title="bbox 493 3480 2077 3553">
    <p class='ocr_par' dir='ltr' id='par_1_68' title="bbox 493 3480 2077 3553">
     <span class='ocr_line' id='line_1_68' title="bbox 493 3480 2077 3553; baseline -0.001 -15"><span class='ocrx_word' id='word_1_489' title='bbox 493 3486 547 3538; x_wconf 90' lang='lat' dir='ltr'><strong>iu</strong></span> <span class='ocrx_word' id='word_1_490' title='bbox 580 3484 682 3536; x_wconf 81' lang='lat' dir='ltr'><strong>alia</strong></span> <span class='ocrx_word' id='word_1_491' title='bbox 713 3484 844 3548; x_wconf 81' lang='lat' dir='ltr'><strong>vita,</strong></span> <span class='ocrx_word' id='word_1_492' title='bbox 871 3497 1011 3553; x_wconf 87' lang='lat' dir='ltr'><strong>quae</strong></span> <span class='ocrx_word' id='word_1_493' title='bbox 1041 3484 1242 3537; x_wconf 86' lang='lat' dir='ltr'><strong>rectius</strong></span> <span class='ocrx_word' id='word_1_494' title='bbox 1281 3491 1533 3538; x_wconf 63' lang='lat' dir='ltr'><strong>aeternae</strong></span> <span class='ocrx_word' id='word_1_495' title='bbox 1577 3484 1766 3535; x_wconf 66' lang='lat' dir='ltr'><strong>multis</strong></span> <span class='ocrx_word' id='word_1_496' title='bbox 1815 3480 2077 3537; x_wconf 84' lang='lat' dir='ltr'><strong>vocabulo</strong></span> 
     </span>
    </p>
   </div>
   <div class='ocr_carea' id='block_1_69' title="bbox 492 3575 2079 3649">
    <p class='ocr_par' dir='ltr' id='par_1_69' title="bbox 492 3575 2079 3649">
     <span class='ocr_line' id='line_1_69' title="bbox 492 3575 2079 3649; baseline 0 -18"><span class='ocrx_word' id='word_1_497' title='bbox 492 3578 844 3649; x_wconf 75' lang='lat' dir='ltr'><strong>signiﬁcatur,</strong></span> <span class='ocrx_word' id='word_1_498' title='bbox 870 3577 1070 3646; x_wconf 81' lang='lat' dir='ltr'><strong>ingenti</strong></span> <span class='ocrx_word' id='word_1_499' title='bbox 1096 3592 1295 3647; x_wconf 78' lang='lat' dir='ltr'><strong>pavore</strong></span> <span class='ocrx_word' id='word_1_500' title='bbox 1317 3577 1486 3630; x_wconf 77' lang='lat' dir='ltr'><strong>territi</strong></span> <span class='ocrx_word' id='word_1_501' title='bbox 1523 3576 1726 3646; x_wconf 73' lang='lat' dir='ltr'><strong>fugiant</strong></span> <span class='ocrx_word' id='word_1_502' title='bbox 1751 3575 1945 3645; x_wconf 78' lang='lat' dir='ltr'><strong>puniti.</strong></span> <span class='ocrx_word' id='word_1_503' title='bbox 1974 3589 2079 3631; x_wconf 84' lang='lat' dir='ltr'><strong>nec</strong></span> 
     </span>
    </p>
   </div>
   <div class='ocr_carea' id='block_1_70' title="bbox 493 3667 2075 3725">
    <p class='ocr_par' dir='ltr' id='par_1_70' title="bbox 493 3667 2075 3725">
     <span class='ocr_line' id='line_1_70' title="bbox 493 3667 2075 3725; baseline 0 -3"><span class='ocrx_word' id='word_1_504' title='bbox 493 3669 921 3725; x_wconf 61' lang='lat' dir='ltr'><strong>tamenevarlere</strong></span> <span class='ocrx_word' id='word_1_505' title='bbox 948 3667 1160 3723; x_wconf 82' lang='lat' dir='ltr'><strong>valituri</strong></span> <span class='ocrx_word' id='word_1_506' title='bbox 1185 3668 1208 3721; x_wconf 88' lang='lat'><strong>?</strong></span> <span class='ocrx_word' id='word_1_507' title='bbox 1245 3668 1384 3724; x_wconf 82' lang='lat' dir='ltr'><strong>Haec</strong></span> <span class='ocrx_word' id='word_1_508' title='bbox 1414 3676 1593 3722; x_wconf 71' lang='lat' dir='ltr'><strong>autem</strong></span> <span class='ocrx_word' id='word_1_509' title='bbox 1619 3681 1810 3723; x_wconf 85' lang='lat' dir='ltr'><strong>omnes</strong></span> <span class='ocrx_word' id='word_1_510' title='bbox 1832 3674 2075 3722; x_wconf 83' lang='lat' dir='ltr'><strong>ceterae-</strong></span> 
     </span>
    </p>
   </div>
   <div class='ocr_carea' id='block_1_71' title="bbox 491 3758 2078 3829">
    <p class='ocr_par' dir='ltr' id='par_1_71' title="bbox 491 3758 2078 3829">
     <span class='ocr_line' id='line_1_71' title="bbox 491 3758 2078 3829; baseline 0.001 -18"><span class='ocrx_word' id='word_1_511' title='bbox 491 3776 597 3829; x_wconf 81' lang='lat' dir='ltr'><strong>que</strong></span> <span class='ocrx_word' id='word_1_512' title='bbox 635 3759 931 3815; x_wconf 75' lang='lat' dir='ltr'><strong>ineliabiles</strong></span> <span class='ocrx_word' id='word_1_513' title='bbox 958 3770 1012 3815; x_wconf 90' lang='lat' dir='ltr'><strong>et</strong></span> <span class='ocrx_word' id='word_1_514' title='bbox 1039 3758 1462 3814; x_wconf 81' lang='lat' dir='ltr'><strong>innumerabiles</strong></span> <span class='ocrx_word' id='word_1_515' title='bbox 1494 3773 1790 3827; x_wconf 75' lang='lat' dir='ltr'><strong>poenarum</strong></span> <span class='ocrx_word' id='word_1_516' title='bbox 1829 3764 1852 3798; x_wconf 78' lang='grc'><strong><em>³</em></strong></span> <span class='ocrx_word' id='word_1_517' title='bbox 1900 3758 2078 3813; x_wconf 87' lang='lat' dir='ltr'><strong>varie-</strong></span> 
     </span>
    </p>
   </div>
   <div class='ocr_carea' id='block_1_72' title="bbox 494 3848 2073 3919">
    <p class='ocr_par' dir='ltr' id='par_1_72' title="bbox 494 3848 2073 3919">
     <span class='ocr_line' id='line_1_72' title="bbox 494 3848 2073 3919; baseline 0 -17"><span class='ocrx_word' id='word_1_518' title='bbox 494 3858 630 3903; x_wconf 80' lang='lat' dir='ltr'><strong>tates</strong></span> <span class='ocrx_word' id='word_1_519' title='bbox 652 3850 704 3903; x_wconf 89' lang='lat' dir='ltr'><strong>in</strong></span> <span class='ocrx_word' id='word_1_520' title='bbox 735 3849 1039 3919; x_wconf 85' lang='lat' dir='ltr'><strong>pbantasiis</strong></span> <span class='ocrx_word' id='word_1_521' title='bbox 1073 3865 1250 3903; x_wconf 89' lang='lat' dir='ltr'><strong>rerum</strong></span> <span class='ocrx_word' id='word_1_522' title='bbox 1292 3850 1627 3905; x_wconf 80' lang='lat' dir='ltr'><strong>sensibilium</strong></span> <span class='ocrx_word' id='word_1_523' title='bbox 1663 3848 1877 3903; x_wconf 82' lang='lat' dir='ltr'><strong>futurae</strong></span> <span class='ocrx_word' id='word_1_524' title='bbox 1925 3856 2073 3902; x_wconf 86' lang='lat' dir='ltr'><strong>sunt.</strong></span> 
     </span>
    </p>
   </div>
   <div class='ocr_carea' id='block_1_73' title="bbox 494 3936 2079 4008">
    <p class='ocr_par' dir='ltr' id='par_1_73' title="bbox 494 3936 2079 4008">
     <span class='ocr_line' id='line_1_73' title="bbox 494 3936 2079 4008; baseline -0.001 -12"><span class='ocrx_word' id='word_1_525' title='bbox 494 3941 818 3997; x_wconf 82' lang='lat' dir='ltr'><strong>l’liantusiae</strong></span> <span class='ocrx_word' id='word_1_526' title='bbox 863 3949 1044 3996; x_wconf 89' lang='lat' dir='ltr'><strong>autem</strong></span> <span class='ocrx_word' id='word_1_527' title='bbox 1076 3940 1128 3995; x_wconf 88' lang='lat' dir='ltr'><strong>in</strong></span> <span class='ocrx_word' id='word_1_528' title='bbox 1184 3937 1461 3999; x_wconf 73' lang='lat' dir='ltr'><strong>latissimis</strong></span> <span class='ocrx_word' id='word_1_529' title='bbox 1491 3941 1785 3994; x_wconf 74' lang='lat' dir='ltr'><strong>tur-muriae</strong></span> <span class='ocrx_word' id='word_1_530' title='bbox 1819 3939 2028 4008; x_wconf 82' lang='lat' dir='ltr'><strong>eampis</strong></span> <span class='ocrx_word' id='word_1_531' title='bbox 2054 3936 2079 3972; x_wconf 80' lang='grc'><strong>⁸</strong></span> 
     </span>
    </p>
   </div>
   <div class='ocr_carea' id='block_1_74' title="bbox 490 4030 2078 4101">
    <p class='ocr_par' dir='ltr' id='par_1_74' title="bbox 490 4030 2078 4101">
     <span class='ocr_line' id='line_1_74' title="bbox 490 4030 2078 4101; baseline -0.002 -13"><span class='ocrx_word' id='word_1_532' title='bbox 490 4035 606 4090; x_wconf 77' lang='lat' dir='ltr'><strong>sive</strong></span> <span class='ocrx_word' id='word_1_533' title='bbox 651 4034 734 4093; x_wconf 78' lang='lat' dir='ltr'><strong>liir</strong></span> <span class='ocrx_word' id='word_1_534' title='bbox 769 4034 882 4089; x_wconf 78' lang='lat' dir='ltr'><strong>sive</strong></span> <span class='ocrx_word' id='word_1_535' title='bbox 913 4033 1022 4088; x_wconf 88' lang='lat' dir='ltr'><strong>illic</strong></span> <span class='ocrx_word' id='word_1_536' title='bbox 1051 4032 1453 4088; x_wconf 82' lang='lat' dir='ltr'><strong>ordinatissime</strong></span> <span class='ocrx_word' id='word_1_537' title='bbox 1482 4038 1503 4069; x_wconf 77' lang='grc'><strong>⁷</strong></span> <span class='ocrx_word' id='word_1_538' title='bbox 1526 4032 1904 4101; x_wconf 80' lang='lat' dir='ltr'><strong>disponuntur.</strong></span> <span class='ocrx_word' id='word_1_539' title='bbox 1934 4030 2078 4098; x_wconf 85' lang='lat' dir='ltr'><strong>Quo-</strong></span> 
     </span>
    </p>
   </div>
   <div class='ocr_carea' id='block_1_75' title="bbox 490 4126 2079 4197">
    <p class='ocr_par' dir='ltr' id='par_1_75' title="bbox 490 4126 2079 4197">
     <span class='ocr_line' id='line_1_75' title="bbox 490 4126 2079 4197; baseline 0.001 -18"><span class='ocrx_word' id='word_1_540' title='bbox 490 4143 610 4181; x_wconf 81' lang='lat' dir='ltr'><strong>t-nm</strong></span> <span class='ocrx_word' id='word_1_541' title='bbox 665 4128 872 4197; x_wconf 85' lang='lat' dir='ltr'><strong>primus</strong></span> <span class='ocrx_word' id='word_1_542' title='bbox 917 4136 1001 4182; x_wconf 88' lang='lat' dir='ltr'><strong>est.</strong></span> <span class='ocrx_word' id='word_1_543' title='bbox 1055 4142 1263 4189; x_wconf 87' lang='lat' dir='ltr'><strong>earum,</strong></span> <span class='ocrx_word' id='word_1_544' title='bbox 1289 4142 1427 4196; x_wconf 88' lang='lat' dir='ltr'><strong>quae</strong></span> <span class='ocrx_word' id='word_1_545' title='bbox 1466 4142 1563 4195; x_wconf 57' lang='lat' dir='ltr'><strong>per,</strong></span> <span class='ocrx_word' id='word_1_546' title='bbox 1591 4127 1783 4189; x_wconf 75' lang='lat' dir='ltr'><strong>visum,</strong></span> <span class='ocrx_word' id='word_1_547' title='bbox 1810 4126 2079 4181; x_wconf 84' lang='lat' dir='ltr'><strong>secundus</strong></span> 
     </span>
    </p>
   </div>
   <div class='ocr_carea' id='block_1_76' title="bbox 491 4217 2081 4289">
    <p class='ocr_par' dir='ltr' id='par_1_76' title="bbox 491 4217 2081 4289">
     <span class='ocr_line' id='line_1_76' title="bbox 491 4217 2081 4289; baseline 0.001 -20"><span class='ocrx_word' id='word_1_548' title='bbox 491 4237 521 4272; x_wconf 68' lang='grc' dir='ltr'>ιε</span> <span class='ocrx_word' id='word_1_549' title='bbox 540 4235 701 4283; x_wconf 74' lang='grc' dir='ltr'>ιιιιιιι,</span> <span class='ocrx_word' id='word_1_550' title='bbox 723 4233 862 4289; x_wconf 87' lang='lat' dir='ltr'><strong>quae</strong></span> <span class='ocrx_word' id='word_1_551' title='bbox 891 4234 987 4288; x_wconf 89' lang='lat' dir='ltr'><strong>per</strong></span> <span class='ocrx_word' id='word_1_552' title='bbox 1008 4217 1270 4281; x_wconf 86' lang='lat' dir='ltr'><strong>auditum,</strong></span> <span class='ocrx_word' id='word_1_553' title='bbox 1306 4218 1498 4271; x_wconf 86' lang='lat' dir='ltr'><strong>tertius</strong></span> <span class='ocrx_word' id='word_1_554' title='bbox 1546 4231 1768 4280; x_wconf 86' lang='lat' dir='ltr'><strong>earnm,</strong></span> <span class='ocrx_word' id='word_1_555' title='bbox 1794 4230 1936 4286; x_wconf 87' lang='lat' dir='ltr'><strong>quae</strong></span> <span class='ocrx_word' id='word_1_556' title='bbox 1981 4230 2081 4286; x_wconf 86' lang='lat' dir='ltr'><strong>per</strong></span> 
     </span>
    </p>
   </div>
   <div class='ocr_carea' id='block_1_77' title="bbox 491 4307 2080 4378">
    <p class='ocr_par' dir='ltr' id='par_1_77' title="bbox 491 4307 2080 4378">
     <span class='ocr_line' id='line_1_77' title="bbox 491 4307 2080 4378; baseline 0.001 -19"><span class='ocrx_word' id='word_1_557' title='bbox 491 4308 773 4366; x_wconf 77' lang='lat' dir='ltr'><strong>olfactum‘.</strong></span> <span class='ocrx_word' id='word_1_558' title='bbox 798 4317 1022 4378; x_wconf 86' lang='lat' dir='ltr'><strong>quartus</strong></span> <span class='ocrx_word' id='word_1_559' title='bbox 1053 4324 1263 4371; x_wconf 80' lang='lat' dir='ltr'><strong>catum,</strong></span> <span class='ocrx_word' id='word_1_560' title='bbox 1288 4322 1428 4378; x_wconf 86' lang='lat' dir='ltr'><strong>quae</strong></span> <span class='ocrx_word' id='word_1_561' title='bbox 1453 4324 1547 4378; x_wconf 75' lang='lat' dir='ltr'><strong>per</strong></span> <span class='ocrx_word' id='word_1_562' title='bbox 1587 4319 1825 4377; x_wconf 80' lang='lat' dir='ltr'><strong>gustum,</strong></span> <span class='ocrx_word' id='word_1_563' title='bbox 1858 4307 2080 4374; x_wconf 86' lang='lat' dir='ltr'><strong>quintus</strong></span> 
     </span>
    </p>
   </div>
   <div class='ocr_carea' id='block_1_78' title="bbox 489 4397 2078 4469">
    <p class='ocr_par' dir='ltr' id='par_1_78' title="bbox 489 4397 2078 4469">
     <span class='ocr_line' id='line_1_78' title="bbox 489 4397 2078 4469; baseline 0.003 -22"><span class='ocrx_word' id='word_1_564' title='bbox 489 4414 697 4463; x_wconf 74' lang='lat' dir='ltr'><strong>earum,</strong></span> <span class='ocrx_word' id='word_1_565' title='bbox 720 4415 857 4469; x_wconf 86' lang='lat' dir='ltr'><strong>quae</strong></span> <span class='ocrx_word' id='word_1_566' title='bbox 888 4413 983 4468; x_wconf 88' lang='lat' dir='ltr'><strong>per</strong></span> <span class='ocrx_word' id='word_1_567' title='bbox 1005 4409 1224 4463; x_wconf 82' lang='lat' dir='ltr'><strong>tactum,</strong></span> <span class='ocrx_word' id='word_1_568' title='bbox 1262 4397 1425 4453; x_wconf 83' lang='lat' dir='ltr'><strong>veluti</strong></span> <span class='ocrx_word' id='word_1_569' title='bbox 1465 4414 1562 4468; x_wconf 83' lang='lat' dir='ltr'><strong>per</strong></span> <span class='ocrx_word' id='word_1_570' title='bbox 1608 4400 1846 4468; x_wconf 85' lang='lat' dir='ltr'><strong>quinque</strong></span> <span class='ocrx_word' id='word_1_571' title='bbox 1891 4410 2078 4466; x_wconf 79' lang='lat' dir='ltr'><strong>portas</strong></span> 
     </span>
    </p>
   </div>
   <div class='ocr_carea' id='block_1_79' title="bbox 2179 3222 3762 3298">
    <p class='ocr_par' dir='ltr' id='par_1_79' title="bbox 2179 3222 3762 3298">
     <span class='ocr_line' id='line_1_79' title="bbox 2179 3222 3762 3298; baseline -0.003 -17"><span class='ocrx_word' id='word_1_572' title='bbox 2179 3227 2301 3298; x_wconf 79' lang='lat' dir='ltr'><strong>plex</strong></span> <span class='ocrx_word' id='word_1_573' title='bbox 2330 3226 2695 3297; x_wconf 72' lang='lat' dir='ltr'><strong>perplexaqne</strong></span> <span class='ocrx_word' id='word_1_574' title='bbox 2740 3222 3036 3278; x_wconf 84' lang='lat' dir='ltr'><strong>earundem</strong></span> <span class='ocrx_word' id='word_1_575' title='bbox 3086 3238 3264 3277; x_wconf 89' lang='lat' dir='ltr'><strong>rerum</strong></span> <span class='ocrx_word' id='word_1_576' title='bbox 3317 3223 3568 3291; x_wconf 85' lang='lat' dir='ltr'><strong>repetitio</strong></span> <span class='ocrx_word' id='word_1_577' title='bbox 3609 3223 3762 3277; x_wconf 83' lang='lat' dir='ltr'><strong>lasti-</strong></span> 
     </span>
    </p>
   </div>
   <div class='ocr_carea' id='block_1_80' title="bbox 2177 3306 3765 3383">
    <p class='ocr_par' dir='ltr' id='par_1_80' title="bbox 2177 3306 3765 3383">
     <span class='ocr_line' id='line_1_80' title="bbox 2177 3306 3765 3383; baseline -0.003 -16"><span class='ocrx_word' id='word_1_578' title='bbox 2177 3316 2327 3368; x_wconf 87' lang='lat' dir='ltr'><strong>dium</strong></span> <span class='ocrx_word' id='word_1_579' title='bbox 2355 3313 2559 3383; x_wconf 82' lang='lat' dir='ltr'><strong>gignat.</strong></span> <span class='ocrx_word' id='word_1_580' title='bbox 2587 3311 2724 3367; x_wconf 67' lang='grc' dir='ltr'><strong>Μειο.</strong></span> <span class='ocrx_word' id='word_1_581' title='bbox 2764 3308 3022 3380; x_wconf 77' lang='lat' dir='ltr'><strong>Perplexa</strong></span> <span class='ocrx_word' id='word_1_582' title='bbox 3054 3309 3278 3363; x_wconf 81' lang='lat' dir='ltr'><strong>materia</strong></span> <span class='ocrx_word' id='word_1_583' title='bbox 3306 3306 3765 3363; x_wconf 75' lang='lat' dir='ltr'><strong>ditiicillimarum-</strong></span> 
     </span>
    </p>
   </div>
   <div class='ocr_carea' id='block_1_81' title="bbox 2176 3397 3761 3472">
    <p class='ocr_par' dir='ltr' id='par_1_81' title="bbox 2176 3397 3761 3472">
     <span class='ocr_line' id='line_1_81' title="bbox 2176 3397 3761 3472; baseline -0.001 -19"><span class='ocrx_word' id='word_1_584' title='bbox 2176 3416 2283 3472; x_wconf 90' lang='lat' dir='ltr'><strong>que</strong></span> <span class='ocrx_word' id='word_1_585' title='bbox 2311 3414 2491 3455; x_wconf 89' lang='lat' dir='ltr'><strong>rerum</strong></span> <span class='ocrx_word' id='word_1_586' title='bbox 2523 3399 2799 3453; x_wconf 76' lang='lat' dir='ltr'><strong>anfractus</strong></span> <span class='ocrx_word' id='word_1_587' title='bbox 2826 3397 3171 3467; x_wconf 69' lang='lat' dir='ltr'><strong>multiplicetur</strong></span> <span class='ocrx_word' id='word_1_588' title='bbox 3210 3397 3630 3468; x_wconf 77' lang='lat' dir='ltr'><strong>perplexamque</strong></span> <span class='ocrx_word' id='word_1_589' title='bbox 3672 3414 3761 3451; x_wconf 84' lang='lat' dir='ltr'><strong>ru-</strong></span> 
     </span>
    </p>
   </div>
   <div class='ocr_carea' id='block_1_82' title="bbox 2178 3486 3762 3557">
    <p class='ocr_par' dir='ltr' id='par_1_82' title="bbox 2178 3486 3762 3557">
     <span class='ocr_line' id='line_1_82' title="bbox 2178 3486 3762 3557; baseline -0.004 -12"><span class='ocrx_word' id='word_1_590' title='bbox 2178 3491 2578 3547; x_wconf 88' lang='lat' dir='ltr'><strong>tiocinatiouem</strong></span> <span class='ocrx_word' id='word_1_591' title='bbox 2610 3490 2849 3557; x_wconf 65' lang='lat' dir='ltr'><strong>exigunt.</strong></span> <span class='ocrx_word' id='word_1_592' title='bbox 2884 3498 2937 3541; x_wconf 88' lang='lat' dir='ltr'><strong>et</strong></span> <span class='ocrx_word' id='word_1_593' title='bbox 2967 3488 3212 3543; x_wconf 79' lang='lat' dir='ltr'><strong>fortassis</strong></span> <span class='ocrx_word' id='word_1_594' title='bbox 3237 3501 3340 3540; x_wconf 89' lang='lat' dir='ltr'><strong>non</strong></span> <span class='ocrx_word' id='word_1_595' title='bbox 3369 3486 3614 3547; x_wconf 88' lang='lat' dir='ltr'><strong>deerunt,</strong></span> <span class='ocrx_word' id='word_1_596' title='bbox 3643 3486 3762 3555; x_wconf 74' lang='lat' dir='ltr'><strong>q::i-</strong></span> 
     </span>
    </p>
   </div>
   <div class='ocr_carea' id='block_1_83' title="bbox 2176 3579 3760 3656">
    <p class='ocr_par' dir='ltr' id='par_1_83' title="bbox 2176 3579 3760 3656">
     <span class='ocr_line' id='line_1_83' title="bbox 2176 3579 3760 3656; baseline -0.008 -15"><span class='ocrx_word' id='word_1_597' title='bbox 2176 3585 2280 3641; x_wconf 86' lang='lat' dir='ltr'><strong>bus</strong></span> <span class='ocrx_word' id='word_1_598' title='bbox 2300 3584 2472 3656; x_wconf 78' lang='lat' dir='ltr'><strong>magis</strong></span> <span class='ocrx_word' id='word_1_599' title='bbox 2496 3582 2725 3653; x_wconf 78' lang='lat' dir='ltr'><strong>placebit</strong></span> <span class='ocrx_word' id='word_1_600' title='bbox 2768 3579 3022 3651; x_wconf 78' lang='lat' dir='ltr'><strong>frequens</strong></span> <span class='ocrx_word' id='word_1_601' title='bbox 3065 3581 3357 3635; x_wconf 79' lang='lat' dir='ltr'><strong>earundem</strong></span> <span class='ocrx_word' id='word_1_602' title='bbox 3390 3596 3570 3636; x_wconf 88' lang='lat' dir='ltr'><strong>rerum</strong></span> <span class='ocrx_word' id='word_1_603' title='bbox 3606 3596 3760 3651; x_wconf 71' lang='lat' dir='ltr'><strong>rupe-</strong></span> 
     </span>
    </p>
   </div>
   <div class='ocr_carea' id='block_1_84' title="bbox 2178 3670 3759 3743">
    <p class='ocr_par' dir='ltr' id='par_1_84' title="bbox 2178 3670 3759 3743">
     <span class='ocr_line' id='line_1_84' title="bbox 2178 3670 3759 3743; baseline -0.003 -13"><span class='ocrx_word' id='word_1_604' title='bbox 2178 3674 2317 3739; x_wconf 87' lang='lat' dir='ltr'><strong>titio,</strong></span> <span class='ocrx_word' id='word_1_605' title='bbox 2368 3688 2530 3743; x_wconf 87' lang='lat' dir='ltr'><strong>quam</strong></span> <span class='ocrx_word' id='word_1_606' title='bbox 2579 3672 2760 3728; x_wconf 82' lang='lat' dir='ltr'><strong>brevis</strong></span> <span class='ocrx_word' id='word_1_607' title='bbox 2804 3672 3114 3740; x_wconf 84' lang='lat' dir='ltr'><strong>cursimque</strong></span> <span class='ocrx_word' id='word_1_608' title='bbox 3175 3670 3480 3742; x_wconf 76' lang='lat' dir='ltr'><strong>ingrediens</strong></span> <span class='ocrx_word' id='word_1_609' title='bbox 3535 3671 3601 3726; x_wconf 89' lang='lat' dir='ltr'><strong>de</strong></span> <span class='ocrx_word' id='word_1_610' title='bbox 3654 3672 3759 3735; x_wconf 88' lang='lat' dir='ltr'><strong>bis,</strong></span> 
     </span>
    </p>
   </div>
   <div class='ocr_carea' id='block_1_85' title="bbox 2176 3763 3762 3840">
    <p class='ocr_par' dir='ltr' id='par_1_85' title="bbox 2176 3763 3762 3840">
     <span class='ocr_line' id='line_1_85' title="bbox 2176 3763 3762 3840; baseline -0.001 -19"><span class='ocrx_word' id='word_1_611' title='bbox 2176 3781 2319 3838; x_wconf 86' lang='lat' dir='ltr'><strong>quae</strong></span> <span class='ocrx_word' id='word_1_612' title='bbox 2357 3781 2518 3837; x_wconf 83' lang='lat' dir='ltr'><strong>saepe</strong></span> <span class='ocrx_word' id='word_1_613' title='bbox 2563 3765 2760 3819; x_wconf 88' lang='lat' dir='ltr'><strong>mentis</strong></span> <span class='ocrx_word' id='word_1_614' title='bbox 2799 3766 2969 3819; x_wconf 80' lang='lat' dir='ltr'><strong>aciem</strong></span> <span class='ocrx_word' id='word_1_615' title='bbox 3020 3763 3248 3834; x_wconf 73' lang='lat' dir='ltr'><strong>fugiunt,</strong></span> <span class='ocrx_word' id='word_1_616' title='bbox 3297 3763 3582 3840; x_wconf 77' lang='lat' dir='ltr'><strong>iutimatjo,</strong></span> <span class='ocrx_word' id='word_1_617' title='bbox 3620 3777 3762 3834; x_wconf 80' lang='lat' dir='ltr'><strong>quae</strong></span> 
     </span>
    </p>
   </div>
   <div class='ocr_carea' id='block_1_86' title="bbox 2176 3846 3757 3925">
    <p class='ocr_par' dir='ltr' id='par_1_86' title="bbox 2176 3846 3757 3925">
     <span class='ocr_line' id='line_1_86' title="bbox 2176 3846 3757 3925; baseline -0.004 -9"><span class='ocrx_word' id='word_1_618' title='bbox 2176 3859 2312 3915; x_wconf 84' lang='lat' dir='ltr'><strong>solet</strong></span> <span class='ocrx_word' id='word_1_619' title='bbox 2334 3856 2545 3913; x_wconf 81' lang='lat' dir='ltr'><strong>facilius</strong></span> <span class='ocrx_word' id='word_1_620' title='bbox 2572 3856 2789 3911; x_wconf 76' lang='lat' dir='ltr'><strong>cludere</strong></span> <span class='ocrx_word' id='word_1_621' title='bbox 2823 3858 3217 3925; x_wconf 83' lang='lat' dir='ltr'><strong>obtrusaquam</strong></span> <span class='ocrx_word' id='word_1_622' title='bbox 3261 3846 3492 3924; x_wconf 67' lang='lat' dir='ltr'><strong>aperire.</strong></span> <span class='ocrx_word' id='word_1_623' title='bbox 3542 3864 3597 3910; x_wconf 87' lang='lat' dir='ltr'><strong>et</strong></span> <span class='ocrx_word' id='word_1_624' title='bbox 3639 3870 3757 3909; x_wconf 87' lang='lat' dir='ltr'><strong>am-</strong></span> 
     </span>
    </p>
   </div>
   <div class='ocr_carea' id='block_1_87' title="bbox 2178 3936 3759 4021">
    <p class='ocr_par' dir='ltr' id='par_1_87' title="bbox 2178 3936 3759 4021">
     <span class='ocr_line' id='line_1_87' title="bbox 2178 3936 3759 4021; baseline -0.003 -19"><span class='ocrx_word' id='word_1_625' title='bbox 2178 3948 2471 4021; x_wconf 83' lang='lat' dir='ltr'><strong>phiboliam</strong></span> <span class='ocrx_word' id='word_1_626' title='bbox 2503 3946 2703 4002; x_wconf 81' lang='lat' dir='ltr'><strong>inferre</strong></span> <span class='ocrx_word' id='word_1_627' title='bbox 2727 3936 2887 4016; x_wconf 69' lang='lat' dir='ltr'><strong>quam</strong></span> <span class='ocrx_word' id='word_1_628' title='bbox 2928 3944 3217 4015; x_wconf 74' lang='lat' dir='ltr'><strong>expellere.</strong></span> <span class='ocrx_word' id='word_1_629' title='bbox 3267 3946 3411 3999; x_wconf 82' lang='lat' dir='ltr'><strong>Disc.</strong></span> <span class='ocrx_word' id='word_1_630' title='bbox 3456 3943 3759 4015; x_wconf 77' lang='lat' dir='ltr'><strong>ingredere,</strong></span> 
     </span>
    </p>
   </div>
   <div class='ocr_carea' id='block_1_88' title="bbox 2176 4024 3738 4109">
    <p class='ocr_par' dir='ltr' id='par_1_88' title="bbox 2176 4024 3738 4109">
     <span class='ocr_line' id='line_1_88' title="bbox 2176 4024 3738 4109; baseline -0.002 -17"><span class='ocrx_word' id='word_1_631' title='bbox 2176 4055 2285 4109; x_wconf 91' lang='lat' dir='ltr'><strong>quo</strong></span> <span class='ocrx_word' id='word_1_632' title='bbox 2308 4049 2363 4094; x_wconf 90' lang='lat' dir='ltr'><strong>et</strong></span> <span class='ocrx_word' id='word_1_633' title='bbox 2391 4036 2535 4108; x_wconf 84' lang='lat' dir='ltr'><strong>quali</strong></span> <span class='ocrx_word' id='word_1_634' title='bbox 2568 4038 2725 4091; x_wconf 79' lang='lat' dir='ltr'><strong>modo</strong></span> <span class='ocrx_word' id='word_1_635' title='bbox 2758 4036 2869 4100; x_wconf 76' lang='lat' dir='ltr'><strong>vis;</strong></span> <span class='ocrx_word' id='word_1_636' title='bbox 2903 4042 3111 4089; x_wconf 87' lang='lat' dir='ltr'><strong>tantum</strong></span> <span class='ocrx_word' id='word_1_637' title='bbox 3142 4043 3198 4088; x_wconf 90' lang='lat' dir='ltr'><strong>ut</strong></span> <span class='ocrx_word' id='word_1_638' title='bbox 3223 4024 3574 4106; x_wconf 83' lang='lat' dir='ltr'><strong>principalem</strong></span> <span class='ocrx_word' id='word_1_639' title='bbox 3600 4048 3738 4104; x_wconf 89' lang='lat' dir='ltr'><strong>quae</strong></span> 
     </span>
    </p>
   </div>
   <div class='ocr_carea' id='block_1_89' title="bbox 2177 4124 3759 4199">
    <p class='ocr_par' dir='ltr' id='par_1_89' title="bbox 2177 4124 3759 4199">
     <span class='ocr_line' id='line_1_89' title="bbox 2177 4124 3759 4199; baseline -0.003 -15"><span class='ocrx_word' id='word_1_640' title='bbox 2177 4129 2432 4193; x_wconf 89' lang='lat' dir='ltr'><strong>stionem,</strong></span> <span class='ocrx_word' id='word_1_641' title='bbox 2462 4143 2603 4199; x_wconf 87' lang='lat' dir='ltr'><strong>quae</strong></span> <span class='ocrx_word' id='word_1_642' title='bbox 2628 4126 2695 4181; x_wconf 91' lang='lat' dir='ltr'><strong>de</strong></span> <span class='ocrx_word' id='word_1_643' title='bbox 2736 4126 2911 4181; x_wconf 88' lang='lat' dir='ltr'><strong>reditu</strong></span> <span class='ocrx_word' id='word_1_644' title='bbox 2936 4133 3038 4190; x_wconf 88' lang='lat' dir='ltr'><strong>est,</strong></span> <span class='ocrx_word' id='word_1_645' title='bbox 3077 4124 3278 4194; x_wconf 80' lang='lat' dir='ltr'><strong>absque</strong></span> <span class='ocrx_word' id='word_1_646' title='bbox 3316 4124 3439 4179; x_wconf 84' lang='lat' dir='ltr'><strong>ullis</strong></span> <span class='ocrx_word' id='word_1_647' title='bbox 3473 4124 3759 4180; x_wconf 60' lang='lat' dir='ltr'><strong>incidentia</strong></span> 
     </span>
    </p>
   </div>
   <div class='ocr_carea' id='block_1_90' title="bbox 2175 4214 3760 4290">
    <p class='ocr_par' dir='ltr' id='par_1_90' title="bbox 2175 4214 3760 4290">
     <span class='ocr_line' id='line_1_90' title="bbox 2175 4214 3760 4290; baseline -0.007 -11"><span class='ocrx_word' id='word_1_648' title='bbox 2175 4221 2278 4279; x_wconf 87' lang='lat' dir='ltr'><strong>bus</strong></span> <span class='ocrx_word' id='word_1_649' title='bbox 2302 4217 2707 4290; x_wconf 83' lang='lat' dir='ltr'><strong>quaestiotiibus</strong></span> <span class='ocrx_word' id='word_1_650' title='bbox 2733 4216 3011 4272; x_wconf 87' lang='lat' dir='ltr'><strong>diseutias.</strong></span> <span class='ocrx_word' id='word_1_651' title='bbox 3041 4215 3341 4270; x_wconf 82' lang='lat' dir='ltr'><strong>incidentes</strong></span> <span class='ocrx_word' id='word_1_652' title='bbox 3368 4214 3561 4287; x_wconf 78' lang='lat' dir='ltr'><strong>quippe</strong></span> <span class='ocrx_word' id='word_1_653' title='bbox 3591 4228 3760 4284; x_wconf 87' lang='lat' dir='ltr'><strong>quae-</strong></span> 
     </span>
    </p>
   </div>
   <div class='ocr_carea' id='block_1_91' title="bbox 2179 4303 3759 4379">
    <p class='ocr_par' dir='ltr' id='par_1_91' title="bbox 2179 4303 3759 4379">
     <span class='ocr_line' id='line_1_91' title="bbox 2179 4303 3759 4379; baseline -0.005 -10"><span class='ocrx_word' id='word_1_654' title='bbox 2179 4313 2383 4369; x_wconf 86' lang='lat' dir='ltr'><strong>stiones</strong></span> <span class='ocrx_word' id='word_1_655' title='bbox 2400 4310 2564 4365; x_wconf 83' lang='lat' dir='ltr'><strong>tinem</strong></span> <span class='ocrx_word' id='word_1_656' title='bbox 2589 4307 2936 4379; x_wconf 71' lang='lat' dir='ltr'><strong>disputationi</strong></span> <span class='ocrx_word' id='word_1_657' title='bbox 2968 4306 3266 4378; x_wconf 88' lang='lat' dir='ltr'><strong>impediunt</strong></span> <span class='ocrx_word' id='word_1_658' title='bbox 3294 4306 3588 4377; x_wconf 90' lang='lat' dir='ltr'><strong>imponere.</strong></span> <span class='ocrx_word' id='word_1_659' title='bbox 3619 4303 3759 4361; x_wconf 69' lang='lat' dir='ltr'><strong>MAG.</strong></span> 
     </span>
    </p>
   </div>
   <div class='ocr_carea' id='block_1_92' title="bbox 2178 4396 3761 4476">
    <p class='ocr_par' dir='ltr' id='par_1_92' title="bbox 2178 4396 3761 4476">
     <span class='ocr_line' id='line_1_92' title="bbox 2178 4396 3761 4476; baseline -0.005 -17"><span class='ocrx_word' id='word_1_660' title='bbox 2178 4405 2256 4461; x_wconf 85' lang='lat' dir='ltr'><strong>De</strong></span> <span class='ocrx_word' id='word_1_661' title='bbox 2279 4401 2512 4476; x_wconf 79' lang='lat' dir='ltr'><strong>generali</strong></span> <span class='ocrx_word' id='word_1_662' title='bbox 2544 4400 2705 4455; x_wconf 87' lang='lat' dir='ltr'><strong>totius</strong></span> <span class='ocrx_word' id='word_1_663' title='bbox 2731 4398 3001 4455; x_wconf 88' lang='lat' dir='ltr'><strong>sensibilis</strong></span> <span class='ocrx_word' id='word_1_664' title='bbox 3022 4407 3302 4453; x_wconf 85' lang='lat' dir='ltr'><strong>creaturae</strong></span> <span class='ocrx_word' id='word_1_665' title='bbox 3325 4396 3377 4450; x_wconf 91' lang='lat' dir='ltr'><strong>in</strong></span> <span class='ocrx_word' id='word_1_666' title='bbox 3412 4410 3605 4450; x_wconf 87' lang='lat' dir='ltr'><strong>causas</strong></span> <span class='ocrx_word' id='word_1_667' title='bbox 3632 4410 3761 4451; x_wconf 82' lang='lat' dir='ltr'><strong>suas</strong></span> 
     </span>
    </p>
   </div>
   <div class='ocr_carea' id='block_1_93' title="bbox 490 4465 2074 4565">
    <p class='ocr_par' dir='ltr' id='par_1_93' title="bbox 490 4488 2074 4557">
     <span class='ocr_line' id='line_1_93' title="bbox 490 4488 2074 4557; baseline 0 -16"><span class='ocrx_word' id='word_1_668' title='bbox 490 4489 763 4543; x_wconf 68' lang='lat' dir='ltr'><strong>civitatem</strong></span> <span class='ocrx_word' id='word_1_669' title='bbox 811 4488 1025 4543; x_wconf 85' lang='lat' dir='ltr'><strong>animae</strong></span> <span class='ocrx_word' id='word_1_670' title='bbox 1084 4489 1307 4542; x_wconf 87' lang='lat' dir='ltr'><strong>intrant.</strong></span> <span class='ocrx_word' id='word_1_671' title='bbox 1366 4491 1604 4554; x_wconf 73' lang='lat' dir='ltr'><strong>Quarum</strong></span> <span class='ocrx_word' id='word_1_672' title='bbox 1666 4488 2074 4557; x_wconf 82' lang='lat' dir='ltr'><strong>pltantasiarum</strong></span> 
     </span>
    </p>
   </div>
   <div class='ocr_carea' id='block_1_94' title="bbox 2174 4465 3764 4565">
    <p class='ocr_par' dir='ltr' id='par_1_94' title="bbox 2183 4492 3764 4565">
     <span class='ocr_line' id='line_1_94' title="bbox 2183 4492 3764 4565; baseline -0.006 -9"><span class='ocrx_word' id='word_1_673' title='bbox 2183 4500 2358 4556; x_wconf 88' lang='lat' dir='ltr'><strong>reditu</strong></span> <span class='ocrx_word' id='word_1_674' title='bbox 2373 4497 2525 4554; x_wconf 85' lang='lat' dir='ltr'><strong>linito</strong></span> <span class='ocrx_word' id='word_1_675' title='bbox 2547 4496 2747 4553; x_wconf 86' lang='lat' dir='ltr'><strong>mundo</strong></span> <span class='ocrx_word' id='word_1_676' title='bbox 2758 4496 3062 4560; x_wconf 88' lang='lat' dir='ltr'><strong>docuimus,</strong></span> <span class='ocrx_word' id='word_1_677' title='bbox 3079 4503 3133 4549; x_wconf 88' lang='lat' dir='ltr'><strong>et</strong></span> <span class='ocrx_word' id='word_1_678' title='bbox 3150 4510 3289 4549; x_wconf 88' lang='lat' dir='ltr'><strong>nunc</strong></span> <span class='ocrx_word' id='word_1_679' title='bbox 3304 4495 3497 4549; x_wconf 90' lang='lat' dir='ltr'><strong>iterum</strong></span> <span class='ocrx_word' id='word_1_680' title='bbox 3516 4492 3764 4565; x_wconf 86' lang='lat' dir='ltr'><strong>speciati-</strong></span> 
     </span>
    </p>
   </div>
   <div class='ocr_carea' id='block_1_95' title="bbox 490 4575 2072 4645">
    <p class='ocr_par' dir='ltr' id='par_1_95' title="bbox 490 4575 2072 4645">
     <span class='ocr_line' id='line_1_95' title="bbox 490 4575 2072 4645; baseline -0.001 -14"><span class='ocrx_word' id='word_1_681' title='bbox 490 4579 629 4633; x_wconf 89' lang='lat' dir='ltr'><strong>duae</strong></span> <span class='ocrx_word' id='word_1_682' title='bbox 666 4576 874 4631; x_wconf 74' lang='lat' dir='ltr'><strong>formae</strong></span> <span class='ocrx_word' id='word_1_683' title='bbox 900 4585 1047 4631; x_wconf 81' lang='lat' dir='ltr'><strong>sunt.</strong></span> <span class='ocrx_word' id='word_1_684' title='bbox 1073 4575 1193 4632; x_wconf 85' lang='lat' dir='ltr'><strong>Una</strong></span> <span class='ocrx_word' id='word_1_685' title='bbox 1220 4591 1427 4641; x_wconf 87' lang='lat' dir='ltr'><strong>earum,</strong></span> <span class='ocrx_word' id='word_1_686' title='bbox 1458 4577 1508 4630; x_wconf 91' lang='lat' dir='ltr'><strong>in</strong></span> <span class='ocrx_word' id='word_1_687' title='bbox 1537 4577 1732 4645; x_wconf 81' lang='lat' dir='ltr'><strong>quibus</strong></span> <span class='ocrx_word' id='word_1_688' title='bbox 1764 4576 1866 4637; x_wconf 85' lang='lat' dir='ltr'><strong>bis,</strong></span> <span class='ocrx_word' id='word_1_689' title='bbox 1900 4576 1993 4644; x_wconf 91' lang='lat' dir='ltr'><strong>qui</strong></span> <span class='ocrx_word' id='word_1_690' title='bbox 2019 4576 2072 4631; x_wconf 90' lang='lat' dir='ltr'><strong>in</strong></span> 
     </span>
    </p>
   </div>
   <div class='ocr_carea' id='block_1_96' title="bbox 490 4673 2074 4746">
    <p class='ocr_par' dir='ltr' id='par_1_96' title="bbox 490 4673 2074 4746">
     <span class='ocr_line' id='line_1_96' title="bbox 490 4673 2074 4746; baseline 0.001 -18"><span class='ocrx_word' id='word_1_691' title='bbox 490 4674 592 4728; x_wconf 87' lang='lat' dir='ltr'><strong>bac</strong></span> <span class='ocrx_word' id='word_1_692' title='bbox 623 4674 731 4727; x_wconf 87' lang='lat' dir='ltr'><strong>vita</strong></span> <span class='ocrx_word' id='word_1_693' title='bbox 763 4673 917 4735; x_wconf 84' lang='lat' dir='ltr'><strong>bene,</strong></span> <span class='ocrx_word' id='word_1_694' title='bbox 940 4674 1032 4728; x_wconf 90' lang='lat' dir='ltr'><strong>sed</strong></span> <span class='ocrx_word' id='word_1_695' title='bbox 1058 4688 1162 4728; x_wconf 91' lang='lat' dir='ltr'><strong>non</strong></span> <span class='ocrx_word' id='word_1_696' title='bbox 1186 4689 1393 4729; x_wconf 89' lang='lat' dir='ltr'><strong>sunuue</strong></span> <span class='ocrx_word' id='word_1_697' title='bbox 1423 4675 1694 4739; x_wconf 68' lang='lat' dir='ltr'><strong>vixerunt,</strong></span> <span class='ocrx_word' id='word_1_698' title='bbox 1742 4691 2074 4746; x_wconf 53' lang='lat' dir='ltr'><strong>praeparanw</strong></span> 
     </span>
    </p>
   </div>
   <div class='ocr_carea' id='block_1_97' title="bbox 492 4765 2070 4835">
    <p class='ocr_par' dir='ltr' id='par_1_97' title="bbox 492 4765 2070 4835">
     <span class='ocr_line' id='line_1_97' title="bbox 492 4765 2070 4835; baseline 0.002 -17"><span class='ocrx_word' id='word_1_699' title='bbox 492 4778 578 4818; x_wconf 83' lang='lat' dir='ltr'><strong>tur</strong></span> <span class='ocrx_word' id='word_1_700' title='bbox 606 4767 879 4835; x_wconf 87' lang='lat' dir='ltr'><strong>praemia;</strong></span> <span class='ocrx_word' id='word_1_701' title='bbox 914 4765 1040 4827; x_wconf 88' lang='lat' dir='ltr'><strong>alia,</strong></span> <span class='ocrx_word' id='word_1_702' title='bbox 1071 4765 1121 4819; x_wconf 92' lang='lat' dir='ltr'><strong>in</strong></span> <span class='ocrx_word' id='word_1_703' title='bbox 1148 4765 1344 4834; x_wconf 83' lang='lat' dir='ltr'><strong>quibus</strong></span> <span class='ocrx_word' id='word_1_704' title='bbox 1373 4766 1476 4829; x_wconf 85' lang='lat' dir='ltr'><strong>bis,</strong></span> <span class='ocrx_word' id='word_1_705' title='bbox 1526 4766 1616 4835; x_wconf 89' lang='lat' dir='ltr'><strong>qui</strong></span> <span class='ocrx_word' id='word_1_706' title='bbox 1674 4766 1814 4821; x_wconf 85' lang='lat' dir='ltr'><strong>male</strong></span> <span class='ocrx_word' id='word_1_707' title='bbox 1862 4768 2070 4830; x_wconf 77' lang='lat' dir='ltr'><strong>vivunt,</strong></span> 
     </span>
    </p>
   </div>
   <div class='ocr_carea' id='block_1_98' title="bbox 436 4854 2071 4927">
    <p class='ocr_par' dir='ltr' id='par_1_98' title="bbox 436 4854 2071 4927">
     <span class='ocr_line' id='line_1_98' title="bbox 436 4854 2071 4927; baseline 0.003 -21"><span class='ocrx_word' id='word_1_708' title='bbox 436 4890 439 4893; x_wconf 94' lang='lat'><strong><em>-</em></strong></span> <span class='ocrx_word' id='word_1_709' title='bbox 491 4856 872 4924; x_wconf 74' lang='lat' dir='ltr'><strong>iliSpensantur</strong></span> <span class='ocrx_word' id='word_1_710' title='bbox 894 4854 1169 4925; x_wconf 78' lang='lat' dir='ltr'><strong>supplicia.</strong></span> <span class='ocrx_word' id='word_1_711' title='bbox 1213 4856 1487 4925; x_wconf 79' lang='lat' dir='ltr'><strong>Siquidem</strong></span> <span class='ocrx_word' id='word_1_712' title='bbox 1530 4857 1734 4920; x_wconf 85' lang='lat' dir='ltr'><strong>sancti,</strong></span> <span class='ocrx_word' id='word_1_713' title='bbox 1763 4858 1854 4927; x_wconf 89' lang='lat' dir='ltr'><strong>qui</strong></span> <span class='ocrx_word' id='word_1_714' title='bbox 1894 4860 1997 4911; x_wconf 83' lang='lat' dir='ltr'><strong>adt.</strong></span> <span class='ocrx_word' id='word_1_715' title='bbox 2023 4873 2071 4912; x_wconf 86' lang='lat' dir='ltr'><strong>te.</strong></span> 
     </span>
    </p>
   </div>
   <div class='ocr_carea' id='block_1_99' title="bbox 493 4934 2074 5011">
    <p class='ocr_par' dir='ltr' id='par_1_99' title="bbox 493 4934 2074 5011">
     <span class='ocr_line' id='line_1_99' title="bbox 493 4934 2074 5011; baseline 0.003 -11"><span class='ocrx_word' id='word_1_716' title='bbox 493 4940 547 5002; x_wconf 78' lang='lat' dir='ltr'><strong>in</strong></span> <span class='ocrx_word' id='word_1_717' title='bbox 579 4934 741 5002; x_wconf 78' lang='lat' dir='ltr'><strong>carne</strong></span> <span class='ocrx_word' id='word_1_718' title='bbox 761 4949 1275 5011; x_wconf 79' lang='lat' dir='ltr'><strong>constituti,virtutc</strong></span> <span class='ocrx_word' id='word_1_719' title='bbox 1298 4950 1525 5004; x_wconf 87' lang='lat' dir='ltr'><strong>actionis</strong></span> <span class='ocrx_word' id='word_1_720' title='bbox 1547 4960 1601 5003; x_wconf 90' lang='lat' dir='ltr'><strong>et</strong></span> <span class='ocrx_word' id='word_1_721' title='bbox 1642 4951 1901 5006; x_wconf 84' lang='lat' dir='ltr'><strong>scientiae</strong></span> <span class='ocrx_word' id='word_1_722' title='bbox 1947 4965 2074 5004; x_wconf 83' lang='lat' dir='ltr'><strong>car-</strong></span> 
     </span>
    </p>
   </div>
   <div class='ocr_carea' id='block_1_100' title="bbox 496 5040 2074 5110">
    <p class='ocr_par' dir='ltr' id='par_1_100' title="bbox 496 5040 2074 5110">
     <span class='ocr_line' id='line_1_100' title="bbox 496 5040 2074 5110; baseline 0.002 -18"><span class='ocrx_word' id='word_1_723' title='bbox 496 5054 616 5093; x_wconf 79' lang='lat' dir='ltr'><strong>nem</strong></span> <span class='ocrx_word' id='word_1_724' title='bbox 646 5048 699 5093; x_wconf 78' lang='lat' dir='ltr'><strong>et</strong></span> <span class='ocrx_word' id='word_1_725' title='bbox 724 5041 978 5094; x_wconf 87' lang='lat' dir='ltr'><strong>mundum</strong></span> <span class='ocrx_word' id='word_1_726' title='bbox 1010 5040 1031 5071; x_wconf 84' lang='grc'>⁸</span> <span class='ocrx_word' id='word_1_727' title='bbox 1060 5055 1222 5109; x_wconf 76' lang='lat' dir='ltr'><strong>seque</strong></span> <span class='ocrx_word' id='word_1_728' title='bbox 1272 5041 1416 5110; x_wconf 86' lang='lat' dir='ltr'><strong>ipsus</strong></span> <span class='ocrx_word' id='word_1_729' title='bbox 1453 5051 1770 5110; x_wconf 81' lang='lat' dir='ltr'><strong>superantes</strong></span> <span class='ocrx_word' id='word_1_730' title='bbox 1799 5057 1965 5110; x_wconf 64' lang='lat' dir='ltr'><strong>usque</strong></span> <span class='ocrx_word' id='word_1_731' title='bbox 2006 5040 2074 5096; x_wconf 85' lang='lat' dir='ltr'><strong>ad</strong></span> 
     </span>
    </p>
   </div>
   <div class='ocr_carea' id='block_1_101' title="bbox 494 5129 2071 5201">
    <p class='ocr_par' dir='ltr' id='par_1_101' title="bbox 494 5129 2071 5201">
     <span class='ocr_line' id='line_1_101' title="bbox 494 5129 2071 5201; baseline 0.003 -20"><span class='ocrx_word' id='word_1_732' title='bbox 494 5130 666 5197; x_wconf 64' lang='lat' dir='ltr'><strong>ipsum</strong></span> <span class='ocrx_word' id='word_1_733' title='bbox 694 5130 857 5183; x_wconf 76' lang='lat' dir='ltr'><strong>Deum</strong></span> <span class='ocrx_word' id='word_1_734' title='bbox 887 5129 1168 5185; x_wconf 88' lang='lat' dir='ltr'><strong>altitudine</strong></span> <span class='ocrx_word' id='word_1_735' title='bbox 1194 5132 1661 5201; x_wconf 85' lang='lat' dir='ltr'><strong>contemplationis</strong></span> <span class='ocrx_word' id='word_1_736' title='bbox 1688 5134 2071 5197; x_wconf 80' lang='lat' dir='ltr'><strong>ascenderunt,</strong></span> 
     </span>
    </p>
   </div>
   <div class='ocr_carea' id='block_1_102' title="bbox 494 5220 2076 5292">
    <p class='ocr_par' dir='ltr' id='par_1_102' title="bbox 494 5220 2076 5292">
     <span class='ocr_line' id='line_1_102' title="bbox 494 5220 2076 5292; baseline 0.004 -21"><span class='ocrx_word' id='word_1_737' title='bbox 494 5221 672 5273; x_wconf 89' lang='lat' dir='ltr'><strong>nonin</strong></span> <span class='ocrx_word' id='word_1_738' title='bbox 701 5220 997 5289; x_wconf 66' lang='lat' dir='ltr'><strong>pbantasiis</strong></span> <span class='ocrx_word' id='word_1_739' title='bbox 1026 5237 1201 5275; x_wconf 78' lang='lat' dir='ltr'><strong>rerum</strong></span> <span class='ocrx_word' id='word_1_740' title='bbox 1234 5221 1701 5285; x_wconf 78' lang='lat' dir='ltr'><strong>sensibilium,sed</strong></span> <span class='ocrx_word' id='word_1_741' title='bbox 1734 5223 1787 5274; x_wconf 88' lang='lat' dir='ltr'><strong>iu</strong></span> <span class='ocrx_word' id='word_1_742' title='bbox 1814 5222 2076 5292; x_wconf 78' lang='lat' dir='ltr'><strong>theopha-</strong></span> 
     </span>
    </p>
   </div>
   <div class='ocr_carea' id='block_1_103' title="bbox 2182 4583 3763 4677">
    <p class='ocr_par' dir='ltr' id='par_1_103' title="bbox 2182 4583 3763 4677">
     <span class='ocr_line' id='line_1_103' title="bbox 2182 4583 3763 4677; baseline -0.001 -33"><span class='ocrx_word' id='word_1_743' title='bbox 2182 4599 2263 4646; x_wconf 86' lang='lat' dir='ltr'><strong>ter</strong></span> <span class='ocrx_word' id='word_1_744' title='bbox 2277 4593 2342 4646; x_wconf 87' lang='lat' dir='ltr'><strong>de</strong></span> <span class='ocrx_word' id='word_1_745' title='bbox 2363 4590 2535 4647; x_wconf 78' lang='lat' dir='ltr'><strong>reditu</strong></span> <span class='ocrx_word' id='word_1_746' title='bbox 2558 4590 2825 4644; x_wconf 82' lang='lat' dir='ltr'><strong>humanae</strong></span> <span class='ocrx_word' id='word_1_747' title='bbox 2851 4597 3074 4677; x_wconf 51' lang='lat' dir='ltr'><strong>tuitui-ae</strong></span> <span class='ocrx_word' id='word_1_748' title='bbox 3102 4589 3297 4642; x_wconf 81' lang='lat' dir='ltr'><strong>docere</strong></span> <span class='ocrx_word' id='word_1_749' title='bbox 3317 4586 3592 4642; x_wconf 85' lang='lat' dir='ltr'><strong>debemus.</strong></span> <span class='ocrx_word' id='word_1_750' title='bbox 3623 4583 3763 4643; x_wconf 79' lang='lat' dir='ltr'><strong>Tota</strong></span> 
     </span>
    </p>
   </div>
   <div class='ocr_carea' id='block_1_104' title="bbox 2180 4677 3762 4751">
    <p class='ocr_par' dir='ltr' id='par_1_104' title="bbox 2180 4677 3762 4751">
     <span class='ocr_line' id='line_1_104' title="bbox 2180 4677 3762 4751; baseline -0.002 -15"><span class='ocrx_word' id='word_1_751' title='bbox 2180 4682 2363 4751; x_wconf 86' lang='lat' dir='ltr'><strong>itaque</strong></span> <span class='ocrx_word' id='word_1_752' title='bbox 2384 4680 2691 4735; x_wconf 81' lang='lat' dir='ltr'><strong>humanitas</strong></span> <span class='ocrx_word' id='word_1_753' title='bbox 2718 4680 2770 4734; x_wconf 90' lang='lat' dir='ltr'><strong>in</strong></span> <span class='ocrx_word' id='word_1_754' title='bbox 2790 4680 2926 4749; x_wconf 90' lang='lat' dir='ltr'><strong>ipso,</strong></span> <span class='ocrx_word' id='word_1_755' title='bbox 2951 4678 3041 4750; x_wconf 91' lang='lat' dir='ltr'><strong>qui</strong></span> <span class='ocrx_word' id='word_1_756' title='bbox 3057 4694 3176 4733; x_wconf 90' lang='lat' dir='ltr'><strong>eam</strong></span> <span class='ocrx_word' id='word_1_757' title='bbox 3196 4688 3359 4732; x_wconf 87' lang='lat' dir='ltr'><strong>totant</strong></span> <span class='ocrx_word' id='word_1_758' title='bbox 3382 4677 3689 4747; x_wconf 81' lang='lat' dir='ltr'><strong>assumpsit,</strong></span> <span class='ocrx_word' id='word_1_759' title='bbox 3706 4678 3762 4733; x_wconf 88' lang='lat' dir='ltr'><strong>iu</strong></span> 
     </span>
    </p>
   </div>
   <div class='ocr_carea' id='block_1_105' title="bbox 2180 4756 3761 4843">
    <p class='ocr_par' dir='ltr' id='par_1_105' title="bbox 2180 4756 3761 4843">
     <span class='ocr_line' id='line_1_105' title="bbox 2180 4756 3761 4843; baseline -0.003 -17"><span class='ocrx_word' id='word_1_760' title='bbox 2180 4772 2467 4843; x_wconf 90' lang='lat' dir='ltr'><strong>pristinum</strong></span> <span class='ocrx_word' id='word_1_761' title='bbox 2497 4756 2783 4843; x_wconf 60' lang='lat' dir='ltr'><strong>reversum</strong></span> <span class='ocrx_word' id='word_1_762' title='bbox 2810 4780 2893 4824; x_wconf 88' lang='lat' dir='ltr'><strong>est</strong></span> <span class='ocrx_word' id='word_1_763' title='bbox 2932 4780 3154 4831; x_wconf 85' lang='lat' dir='ltr'><strong>statum,</strong></span> <span class='ocrx_word' id='word_1_764' title='bbox 3185 4768 3236 4822; x_wconf 92' lang='lat' dir='ltr'><strong>in</strong></span> <span class='ocrx_word' id='word_1_765' title='bbox 3279 4767 3458 4823; x_wconf 71' lang='lat' dir='ltr'><strong>Verbo</strong></span> <span class='ocrx_word' id='word_1_766' title='bbox 3484 4767 3577 4822; x_wconf 88' lang='lat' dir='ltr'><strong>Dei</strong></span> <span class='ocrx_word' id='word_1_767' title='bbox 3611 4768 3761 4821; x_wconf 77' lang='lat' dir='ltr'><strong>vide-</strong></span> 
     </span>
    </p>
   </div>
   <div class='ocr_carea' id='block_1_106' title="bbox 2181 4826 3764 4927">
    <p class='ocr_par' dir='ltr' id='par_1_106' title="bbox 2181 4826 3764 4927">
     <span class='ocr_line' id='line_1_106' title="bbox 2181 4826 3764 4927; baseline -0.004 -9"><span class='ocrx_word' id='word_1_768' title='bbox 2181 4865 2306 4918; x_wconf 87' lang='lat' dir='ltr'><strong>licet</strong></span> <span class='ocrx_word' id='word_1_769' title='bbox 2336 4826 2769 4927; x_wconf 69' lang='lat' dir='ltr'><strong>incarnato/Qui</strong></span> <span class='ocrx_word' id='word_1_770' title='bbox 2802 4859 3005 4916; x_wconf 82' lang='lat' dir='ltr'><strong>reditus</strong></span> <span class='ocrx_word' id='word_1_771' title='bbox 3047 4860 3256 4914; x_wconf 80' lang='lat' dir='ltr'><strong>duabus</strong></span> <span class='ocrx_word' id='word_1_772' title='bbox 3296 4858 3470 4913; x_wconf 88' lang='lat' dir='ltr'><strong>modis</strong></span> <span class='ocrx_word' id='word_1_773' title='bbox 3516 4856 3764 4913; x_wconf 88' lang='lat' dir='ltr'><strong>conside-</strong></span> 
     </span>
    </p>
   </div>
   <div class='ocr_carea' id='block_1_107' title="bbox 2180 4951 3766 5022">
    <p class='ocr_par' dir='ltr' id='par_1_107' title="bbox 2180 4951 3766 5022">
     <span class='ocr_line' id='line_1_107' title="bbox 2180 4951 3766 5022; baseline -0.004 -13"><span class='ocrx_word' id='word_1_774' title='bbox 2180 4966 2353 5017; x_wconf 87' lang='lat' dir='ltr'><strong>ratur,</strong></span> <span class='ocrx_word' id='word_1_775' title='bbox 2388 4969 2615 5022; x_wconf 88' lang='lat' dir='ltr'><strong>quorum</strong></span> <span class='ocrx_word' id='word_1_776' title='bbox 2654 4967 2792 5007; x_wconf 90' lang='lat' dir='ltr'><strong>unus</strong></span> <span class='ocrx_word' id='word_1_777' title='bbox 2814 4960 2915 5015; x_wconf 78' lang='lat' dir='ltr'><strong>est,</strong></span> <span class='ocrx_word' id='word_1_778' title='bbox 2945 4951 3034 5019; x_wconf 86' lang='lat' dir='ltr'><strong>qui</strong></span> <span class='ocrx_word' id='word_1_779' title='bbox 3061 4952 3223 5004; x_wconf 82' lang='lat' dir='ltr'><strong>totius</strong></span> <span class='ocrx_word' id='word_1_780' title='bbox 3250 4951 3513 5004; x_wconf 88' lang='lat' dir='ltr'><strong>luunanae</strong></span> <span class='ocrx_word' id='word_1_781' title='bbox 3537 4957 3766 5003; x_wconf 80' lang='lat' dir='ltr'><strong>naturae</strong></span> 
     </span>
    </p>
   </div>
   <div class='ocr_carea' id='block_1_108' title="bbox 2183 5041 3762 5109">
    <p class='ocr_par' dir='ltr' id='par_1_108' title="bbox 2183 5041 3762 5109">
     <span class='ocr_line' id='line_1_108' title="bbox 2183 5041 3762 5109; baseline -0.006 -7"><span class='ocrx_word' id='word_1_782' title='bbox 2183 5047 2339 5102; x_wconf 86' lang='lat' dir='ltr'><strong>docet</strong></span> <span class='ocrx_word' id='word_1_783' title='bbox 2390 5047 2442 5099; x_wconf 88' lang='lat' dir='ltr'><strong>in</strong></span> <span class='ocrx_word' id='word_1_784' title='bbox 2501 5043 2718 5098; x_wconf 77' lang='lat' dir='ltr'><strong>Christo</strong></span> <span class='ocrx_word' id='word_1_785' title='bbox 2792 5042 3262 5105; x_wconf 58' lang='lat' dir='ltr'><strong>restaurationem,</strong></span> <span class='ocrx_word' id='word_1_786' title='bbox 3304 5042 3441 5095; x_wconf 88' lang='lat' dir='ltr'><strong>alter</strong></span> <span class='ocrx_word' id='word_1_787' title='bbox 3489 5056 3637 5101; x_wconf 87' lang='lat' dir='ltr'><strong>vero.</strong></span> <span class='ocrx_word' id='word_1_788' title='bbox 3668 5041 3762 5109; x_wconf 89' lang='lat' dir='ltr'><strong>qui</strong></span> 
     </span>
    </p>
   </div>
   <div class='ocr_carea' id='block_1_109' title="bbox 2187 5130 3762 5202">
    <p class='ocr_par' dir='ltr' id='par_1_109' title="bbox 2187 5130 3762 5202">
     <span class='ocr_line' id='line_1_109' title="bbox 2187 5130 3762 5202; baseline -0.004 -13"><span class='ocrx_word' id='word_1_789' title='bbox 2187 5152 2290 5189; x_wconf 91' lang='lat' dir='ltr'><strong>non</strong></span> <span class='ocrx_word' id='word_1_790' title='bbox 2316 5135 2484 5190; x_wconf 85' lang='lat' dir='ltr'><strong>solam</strong></span> <span class='ocrx_word' id='word_1_791' title='bbox 2520 5135 2687 5202; x_wconf 81' lang='lat' dir='ltr'><strong>ipsam</strong></span> <span class='ocrx_word' id='word_1_792' title='bbox 2717 5134 3160 5188; x_wconf 78' lang='lat' dir='ltr'><strong>restauratioaem</strong></span> <span class='ocrx_word' id='word_1_793' title='bbox 3195 5131 3518 5197; x_wconf 71' lang='lat' dir='ltr'><strong>generaliter</strong></span> <span class='ocrx_word' id='word_1_794' title='bbox 3553 5130 3762 5201; x_wconf 75' lang='lat' dir='ltr'><strong>perspi~</strong></span> 
     </span>
    </p>
   </div>
   <div class='ocr_carea' id='block_1_110' title="bbox 2187 5223 3772 5302">
    <p class='ocr_par' dir='ltr' id='par_1_110' title="bbox 2187 5223 3772 5302">
     <span class='ocr_line' id='line_1_110' title="bbox 2187 5223 3772 5302; baseline -0.003 -21"><span class='ocrx_word' id='word_1_795' title='bbox 2187 5229 2280 5291; x_wconf 88' lang='lat' dir='ltr'><strong>cit,</strong></span> <span class='ocrx_word' id='word_1_796' title='bbox 2312 5242 2495 5281; x_wconf 80' lang='lat' dir='ltr'><strong>verum</strong></span> <span class='ocrx_word' id='word_1_797' title='bbox 2526 5226 2685 5279; x_wconf 68' lang='lat' dir='ltr'><strong>etiam</strong></span> <span class='ocrx_word' id='word_1_798' title='bbox 2712 5239 2925 5287; x_wconf 86' lang='lat' dir='ltr'><strong>eorum,</strong></span> <span class='ocrx_word' id='word_1_799' title='bbox 2958 5224 3047 5294; x_wconf 87' lang='lat' dir='ltr'><strong>qui</strong></span> <span class='ocrx_word' id='word_1_800' title='bbox 3078 5223 3130 5276; x_wconf 90' lang='lat' dir='ltr'><strong>iu</strong></span> <span class='ocrx_word' id='word_1_801' title='bbox 3167 5223 3338 5291; x_wconf 87' lang='lat' dir='ltr'><strong>ipsum</strong></span> <span class='ocrx_word' id='word_1_802' title='bbox 3373 5225 3538 5277; x_wconf 79' lang='lat' dir='ltr'><strong>Deum</strong></span> <span class='ocrx_word' id='word_1_803' title='bbox 3574 5238 3737 5277; x_wconf 78' lang='lat' dir='ltr'><strong>ascen</strong></span> <span class='ocrx_word' id='word_1_804' title='bbox 3763 5288 3772 5302; x_wconf 45' lang='lat'><em>.</em></span> 
     </span>
    </p>
   </div>
   <div class='ocr_carea' id='block_1_111' title="bbox 1773 5352 2470 5412">
    <p class='ocr_par' dir='ltr' id='par_1_111' title="bbox 1773 5352 2470 5412">
     <span class='ocr_line' id='line_1_111' title="bbox 1773 5352 2470 5412; baseline 0.006 -7"><span class='ocrx_word' id='word_1_805' title='bbox 1773 5352 2030 5409; x_wconf 70' lang='lat' dir='ltr'><strong>VAltlAE</strong></span> <span class='ocrx_word' id='word_1_806' title='bbox 2071 5354 2470 5412; x_wconf 71' lang='lat' dir='ltr'><strong>LECTIONES.</strong></span> 
     </span>
    </p>
   </div>
   <div class='ocr_carea' id='block_1_112' title="bbox 568 5491 1536 5546">
    <p class='ocr_par' dir='ltr' id='par_1_112' title="bbox 568 5491 1536 5546">
     <span class='ocr_line' id='line_1_112' title="bbox 568 5491 1536 5546; baseline -0.001 -3"><span class='ocrx_word' id='word_1_807' title='bbox 568 5498 582 5522; x_wconf 82' lang='lat'><strong><em>‘</em></strong></span> <span class='ocrx_word' id='word_1_808' title='bbox 614 5491 656 5543; x_wconf 89' lang='grc' dir='ltr'><strong>Α</strong></span> <span class='ocrx_word' id='word_1_809' title='bbox 681 5507 742 5544; x_wconf 73' lang='lat' dir='ltr'><strong>ex</strong></span> <span class='ocrx_word' id='word_1_810' title='bbox 774 5492 873 5546; x_wconf 77' lang='lat' dir='ltr'><strong>bis.</strong></span> <span class='ocrx_word' id='word_1_811' title='bbox 953 5494 971 5523; x_wconf 81' lang='grc'>³</span> <span class='ocrx_word' id='word_1_812' title='bbox 998 5493 1037 5543; x_wconf 85' lang='grc' dir='ltr'><strong>Α</strong></span> <span class='ocrx_word' id='word_1_813' title='bbox 1070 5507 1120 5543; x_wconf 75' lang='lat' dir='ltr'><strong>tu</strong></span> <span class='ocrx_word' id='word_1_814' title='bbox 1159 5509 1315 5545; x_wconf 72' lang='lat' dir='ltr'><strong>carne</strong></span> <span class='ocrx_word' id='word_1_815' title='bbox 1345 5492 1536 5545; x_wconf 82' lang='lat' dir='ltr'><strong>adhuc.</strong></span> 
     </span>
    </p>
   </div>
   <div class='ocr_carea' id='block_1_113' title="bbox 496 5559 1812 5618">
    <p class='ocr_par' dir='ltr' id='par_1_113' title="bbox 496 5559 1812 5618">
     <span class='ocr_line' id='line_1_113' title="bbox 496 5559 1812 5618; baseline 0 -2"><span class='ocrx_word' id='word_1_816' title='bbox 496 5576 579 5616; x_wconf 86' lang='lat' dir='ltr'><strong>om</strong></span> <span class='ocrx_word' id='word_1_817' title='bbox 650 5564 688 5615; x_wconf 77' lang='grc' dir='ltr'><strong>Α</strong></span> <span class='ocrx_word' id='word_1_818' title='bbox 804 5564 944 5618; x_wconf 72' lang='lat' dir='ltr'><strong>‘Sic</strong></span> <span class='ocrx_word' id='word_1_819' title='bbox 991 5560 1074 5614; x_wconf 68' lang='lat' dir='ltr'><strong>(LF</strong></span> <span class='ocrx_word' id='word_1_820' title='bbox 1103 5603 1114 5616; x_wconf 92' lang='lat'><strong>.</strong></span> <span class='ocrx_word' id='word_1_821' title='bbox 1176 5564 1211 5614; x_wconf 65' lang='grc' dir='ltr'><strong>Α</strong></span> <span class='ocrx_word' id='word_1_822' title='bbox 1246 5565 1405 5618; x_wconf 75' lang='lat' dir='ltr'><strong>cauis.</strong></span> <span class='ocrx_word' id='word_1_823' title='bbox 1503 5563 1523 5594; x_wconf 82' lang='grc'><strong>⁷</strong></span> <span class='ocrx_word' id='word_1_824' title='bbox 1558 5562 1648 5615; x_wconf 74' lang='lat' dir='ltr'><strong>Sic.</strong></span> <span class='ocrx_word' id='word_1_825' title='bbox 1696 5559 1812 5616; x_wconf 69' lang='lat' dir='ltr'><strong>Cl&quot;:</strong></span> 
     </span>
    </p>
   </div>
   <div class='ocr_carea' id='block_1_114' title="bbox 498 5632 1819 5702">
    <p class='ocr_par' dir='ltr' id='par_1_114' title="bbox 498 5632 1819 5702">
     <span class='ocr_line' id='line_1_114' title="bbox 498 5632 1819 5702; baseline -0.001 -20"><span class='ocrx_word' id='word_1_826' title='bbox 498 5642 707 5702; x_wconf 80' lang='lat' dir='ltr'><strong>omnem</strong></span> <span class='ocrx_word' id='word_1_827' title='bbox 760 5644 1046 5702; x_wconf 40' lang='lat' dir='ltr'><strong>naturam,</strong></span> <span class='ocrx_word' id='word_1_828' title='bbox 1106 5635 1145 5663; x_wconf 54' lang='lat'><strong>1&quot;</strong></span> <span class='ocrx_word' id='word_1_829' title='bbox 1185 5636 1223 5683; x_wconf 86' lang='grc' dir='ltr'><strong>Α</strong></span> <span class='ocrx_word' id='word_1_830' title='bbox 1256 5633 1493 5702; x_wconf 64' lang='lat' dir='ltr'><strong>biformis</strong></span> <span class='ocrx_word' id='word_1_831' title='bbox 1524 5632 1819 5702; x_wconf 74' lang='lat' dir='ltr'><strong>speculalin</strong></span> 
     </span>
    </p>
   </div>
   <div class='ocr_carea' id='block_1_115' title="bbox 530 5700 1742 5764">
    <p class='ocr_par' dir='ltr' id='par_1_115' title="bbox 530 5700 1742 5764">
     <span class='ocr_line' id='line_1_115' title="bbox 530 5700 1742 5764; baseline 0 -11"><span class='ocrx_word' id='word_1_832' title='bbox 530 5701 545 5721; x_wconf 84' lang='lat'><strong>&#39;</strong></span> <span class='ocrx_word' id='word_1_833' title='bbox 582 5701 671 5754; x_wconf 81' lang='lat' dir='ltr'><strong>Sic</strong></span> <span class='ocrx_word' id='word_1_834' title='bbox 701 5701 783 5756; x_wconf 80' lang='lat' dir='ltr'><strong>CF</strong></span> <span class='ocrx_word' id='word_1_835' title='bbox 845 5706 889 5757; x_wconf 79' lang='grc' dir='ltr'>Α</span> <span class='ocrx_word' id='word_1_836' title='bbox 941 5700 1222 5764; x_wconf 67' lang='lat' dir='ltr'><strong>male/icta.</strong></span> <span class='ocrx_word' id='word_1_837' title='bbox 1305 5700 1496 5755; x_wconf 62' lang='lat' dir='ltr'><strong>&quot;uero</strong></span> <span class='ocrx_word' id='word_1_838' title='bbox 1525 5700 1610 5755; x_wconf 79' lang='lat' dir='ltr'><strong>om</strong></span> <span class='ocrx_word' id='word_1_839' title='bbox 1661 5701 1742 5756; x_wconf 57' lang='grc' dir='ltr'><strong>ΕΡ</strong></span> 
     </span>
    </p>
   </div>
   <div class='ocr_carea' id='block_1_116' title="bbox 1615 5488 2542 5547">
    <p class='ocr_par' dir='ltr' id='par_1_116' title="bbox 1615 5488 2542 5547">
     <span class='ocr_line' id='line_1_116' title="bbox 1615 5488 2542 5547; baseline -0.001 -2"><span class='ocrx_word' id='word_1_840' title='bbox 1615 5494 1635 5521; x_wconf 82' lang='grc'>³</span> <span class='ocrx_word' id='word_1_841' title='bbox 1666 5488 1756 5545; x_wconf 88' lang='lat' dir='ltr'><strong>Sic</strong></span> <span class='ocrx_word' id='word_1_842' title='bbox 1788 5491 1861 5547; x_wconf 81' lang='lat'><strong>.-\:</strong></span> <span class='ocrx_word' id='word_1_843' title='bbox 1896 5489 1980 5543; x_wconf 80' lang='lat' dir='ltr'><strong>CF</strong></span> <span class='ocrx_word' id='word_1_844' title='bbox 2004 5494 2183 5545; x_wconf 72' lang='lat' dir='ltr'><strong>milia:</strong></span> <span class='ocrx_word' id='word_1_845' title='bbox 2212 5493 2542 5547; x_wconf 79' lang='lat' dir='ltr'><strong>crucientur.</strong></span> 
     </span>
    </p>
   </div>
   <div class='ocr_carea' id='block_1_117' title="bbox 1876 5560 2350 5615">
    <p class='ocr_par' dir='ltr' id='par_1_117' title="bbox 1876 5560 2350 5615">
     <span class='ocr_line' id='line_1_117' title="bbox 1876 5560 2350 5615; baseline 0.004 -2"><span class='ocrx_word' id='word_1_846' title='bbox 1876 5562 1913 5613; x_wconf 60' lang='grc' dir='ltr'>Α</span> <span class='ocrx_word' id='word_1_847' title='bbox 1955 5560 2350 5615; x_wconf 70' lang='lat' dir='ltr'><strong>nrdinulissimt.</strong></span> 
     </span>
    </p>
   </div>
   <div class='ocr_carea' id='block_1_118' title="bbox 1951 5629 3302 5707">
    <p class='ocr_par' dir='ltr' id='par_1_118' title="bbox 1951 5629 3302 5707">
     <span class='ocr_line' id='line_1_118' title="bbox 1951 5629 3302 5707; baseline -0.001 -24"><span class='ocrx_word' id='word_1_848' title='bbox 1951 5633 1989 5661; x_wconf 76' lang='grc' dir='ltr'>’ί</span> <span class='ocrx_word' id='word_1_849' title='bbox 2032 5630 2121 5683; x_wconf 77' lang='lat' dir='ltr'><strong>Sic</strong></span> <span class='ocrx_word' id='word_1_850' title='bbox 2166 5632 2238 5693; x_wconf 81' lang='lat' dir='ltr'><strong>F;</strong></span> <span class='ocrx_word' id='word_1_851' title='bbox 2272 5632 2641 5707; x_wconf 76' lang='lat' dir='ltr'><strong>imaginalilms</strong></span> <span class='ocrx_word' id='word_1_852' title='bbox 2667 5647 2771 5685; x_wconf 89' lang='lat' dir='ltr'><strong>om.</strong></span> <span class='ocrx_word' id='word_1_853' title='bbox 2808 5629 2846 5680; x_wconf 70' lang='grc' dir='ltr'><strong>Δ</strong></span> <span class='ocrx_word' id='word_1_854' title='bbox 2878 5646 2890 5685; x_wconf 85' lang='grc'>;</span> <span class='ocrx_word' id='word_1_855' title='bbox 2922 5632 2959 5683; x_wconf 66' lang='grc' dir='ltr'><strong>(ἶ</strong></span> <span class='ocrx_word' id='word_1_856' title='bbox 2993 5629 3302 5707; x_wconf 73' lang='lat' dir='ltr'><strong>iumginibus</strong></span> 
     </span>
    </p>
   </div>
   <div class='ocr_carea' id='block_1_119' title="bbox 2623 5486 3333 5550">
    <p class='ocr_par' dir='ltr' id='par_1_119' title="bbox 2623 5486 3333 5550">
     <span class='ocr_line' id='line_1_119' title="bbox 2623 5486 3333 5550; baseline -0.008 -5"><span class='ocrx_word' id='word_1_857' title='bbox 2623 5490 2641 5521; x_wconf 66' lang='grc'>⁸</span> <span class='ocrx_word' id='word_1_858' title='bbox 2670 5490 2757 5545; x_wconf 89' lang='lat' dir='ltr'><strong>Sic</strong></span> <span class='ocrx_word' id='word_1_859' title='bbox 2780 5488 2900 5550; x_wconf 72' lang='lat' dir='ltr'><strong>CF;</strong></span> <span class='ocrx_word' id='word_1_860' title='bbox 2932 5490 2971 5543; x_wconf 80' lang='grc' dir='ltr'>Α</span> <span class='ocrx_word' id='word_1_861' title='bbox 3007 5486 3333 5543; x_wconf 72' lang='lat' dir='ltr'><strong>delcctubilia</strong></span> 
     </span>
    </p>
   </div>
   <div class='ocr_carea' id='block_1_120' title="bbox 3298 5558 3761 5613">
    <p class='ocr_par' dir='ltr' id='par_1_120' title="bbox 3298 5558 3761 5613">
     <span class='ocr_line' id='line_1_120' title="bbox 3298 5558 3761 5613; baseline -0.002 -2"><span class='ocrx_word' id='word_1_862' title='bbox 3298 5560 3320 5591; x_wconf 85' lang='grc'><strong>¹⁵</strong></span> <span class='ocrx_word' id='word_1_863' title='bbox 3354 5563 3387 5611; x_wconf 90' lang='lat'><strong>.\</strong></span> <span class='ocrx_word' id='word_1_864' title='bbox 3425 5558 3566 5611; x_wconf 85' lang='lat' dir='ltr'><strong>aliud</strong></span> <span class='ocrx_word' id='word_1_865' title='bbox 3590 5569 3761 5613; x_wconf 70' lang='lat' dir='ltr'><strong>(uitem</strong></span> 
     </span>
    </p>
   </div>
   <div class='ocr_carea' id='block_1_121' title="bbox 3407 5629 3739 5684">
    <p class='ocr_par' dir='ltr' id='par_1_121' title="bbox 3407 5629 3739 5684">
     <span class='ocr_line' id='line_1_121' title="bbox 3407 5629 3739 5684; baseline 0.009 -3"><span class='ocrx_word' id='word_1_866' title='bbox 3407 5630 3444 5658; x_wconf 72' lang='lat'><strong>&quot;</strong></span> <span class='ocrx_word' id='word_1_867' title='bbox 3482 5638 3528 5681; x_wconf 72' lang='lat' dir='ltr'><strong>et</strong></span> <span class='ocrx_word' id='word_1_868' title='bbox 3558 5643 3663 5682; x_wconf 85' lang='lat' dir='ltr'><strong>out.</strong></span> <span class='ocrx_word' id='word_1_869' title='bbox 3699 5629 3739 5684; x_wconf 69' lang='grc' dir='ltr'><strong>Α</strong></span> 
     </span>
    </p>
   </div>
   <div class='ocr_carea' id='block_1_122' title="bbox 2457 5563 3212 5627">
    <p class='ocr_par' dir='ltr' id='par_1_122' title="bbox 2457 5563 3212 5627">
     <span class='ocr_line' id='line_1_122' title="bbox 2457 5563 3212 5627; baseline -0.005 -12"><span class='ocrx_word' id='word_1_870' title='bbox 2457 5563 2478 5595; x_wconf 80' lang='grc'><strong>⁸</strong></span> <span class='ocrx_word' id='word_1_871' title='bbox 2503 5564 2545 5615; x_wconf 83' lang='grc' dir='ltr'><strong>Α</strong></span> <span class='ocrx_word' id='word_1_872' title='bbox 2582 5576 2800 5615; x_wconf 82' lang='lat' dir='ltr'><strong>carnem</strong></span> <span class='ocrx_word' id='word_1_873' title='bbox 2841 5564 3212 5627; x_wconf 79' lang='lat' dir='ltr'><strong>mundumque.</strong></span> 
     </span>
    </p>
   </div>
   <div class='ocr_carea' id='block_1_123' title="bbox 3429 5492 3845 5557">
    <p class='ocr_par' dir='ltr' id='par_1_123' title="bbox 3429 5492 3845 5557">
     <span class='ocr_line' id='line_1_123' title="bbox 3429 5492 3845 5557; baseline 0.002 -17"><span class='ocrx_word' id='word_1_874' title='bbox 3429 5492 3451 5522; x_wconf 84' lang='grc'>⁸</span> <span class='ocrx_word' id='word_1_875' title='bbox 3476 5505 3763 5556; x_wconf 74' lang='lat' dir='ltr'><strong>poenarum</strong></span> <span class='ocrx_word' id='word_1_876' title='bbox 3836 5548 3845 5557; x_wconf 49' lang='grc'><em>,</em></span> 
     </span>
    </p>
   </div>
  </div>
