4210 6226
494 5806 495 5809 η
585 5745 747 5800 bitus.

1977 267 2263 381 ieiunis
2298 297 2496 359 scen
2545 304 2577 323 λι

3779 306 3869 364 θδι

545 458 549 462 .
592 419 859 473 honorum
885 392 1155 482 conditor,
1192 398 1455 471 malorum
1485 415 1782 481 ordinatos,
1816 400 1872 470 in
1910 412 2176 471 universi-
2208 415 2258 476 Δ
2284 428 2481 471 avarus
2512 414 2774 471 'vendidit
2817 414 3093 472 hominem
3137 415 3305 472 Deum
3334 458 3349 479 ,
3396 408 3533 472 alter
3578 403 3873 491 Theologus

596 514 729 570 tate,
753 522 915 577 quam
943 506 1203 575 condidit,
1238 505 1437 560 malum
1460 506 1680 572 sineret,
1702 508 1745 561 si
1780 507 1913 562 nihil
1933 505 2200 577 utilitatis.

518 635 533 646 ο
593 598 909 667 conferret!
940 599 1092 668 Quod
1129 602 1291 656 etiam
1323 615 1391 655 ex
1431 594 1809 655 collutidnihus
1846 617 2026 659 rerum
2059 615 2185 655 sen-

595 675 861 757 sibilium,
876 699 1046 746 anteit
1062 690 1314 745 humanis
1342 691 1580 745 moribus
1606 689 1856 744 facillime
1878 688 2179 757 conjicitur.

598 781 678 836 Ex
706 780 1042 838 infructuose
1068 782 1264 852 quippe
1295 781 1437 852 ligno
1461 782 1476 813 ³
1509 779 1769 835 l‘rnetil‘eri
1797 781 1919 838 laus
1955 780 2182 849 ampliﬁ-

595 883 772 938 catur,
795 887 860 927 ex
886 872 1170 943 libidinoso
1204 873 1418 927 homine
1442 871 1598 929 casti.
1635 872 1692 926 In
1722 872 1973 942 paradiso
2003 871 2183 941 itaque

598 963 865 1018 humanae
884 973 1110 1019 naturae
1133 964 1501 1039 unusquisque
1514 964 1689 1019 locum
1705 981 1875 1029 suum
1887 967 2181 1033 secundum

594 1056 1001 1124 pmportionem
1018 1055 1446 1111 conversationis
1466 1071 1596 1123 suae
1618 1055 1671 1111 in
1694 1056 1798 1111 hac
1817 1056 1925 1111 vita
1944 1057 2208 1127 posside“

597 1146 696 1211 hit,
739 1146 828 1201 alii
871 1148 1110 1202 exterius
1147 1148 1306 1202 veluti
1359 1147 1411 1201 in
1453 1149 1713 1203 extremis
1736 1149 2051 1218 porticibus,
2090 1148 2181 1204 alii

596 1241 826 1296 interius
862 1237 1120 1312 tauquam
1164 1242 1216 1297 in
1255 1241 1728 1312 propinquioribus
1770 1240 1929 1296 atriis
1970 1240 2185 1298 divinae

596 1334 1063 1404 contemplationis
1109 1338 1155 1398 ³,
1206 1334 1295 1389 alii
1364 1333 1429 1388 in"
1472 1333 1821 1403 amplissimis
1876 1334 2183 1391 divinorum

597 1425 976 1495 mysteriorum
1005 1424 1243 1494 templis,
1291 1424 1378 1478 alii
1420 1424 1472 1479 in
1512 1413 1717 1481 intimis
1768 1441 1930 1496 super
1966 1442 2184 1486 omnem

597 1498 847 1570 naturam
897 1517 949 1570 in
1003 1516 1120 1585 ipso
1151 1526 1203 1571 et
1242 1532 1363 1571 cum
1404 1518 1538 1587 ipso,
1566 1500 1665 1587 qui
1717 1518 2193 1587 superessentialis

596 1615 650 1658 et
687 1607 1114 1674 supernaturalis
1145 1615 1247 1665 est,
1286 1607 1645 1678 tlteophaniis.
1699 1606 1850 1662 Beati
1902 1617 2051 1674 sunt,
2090 1610 2182 1679 qtti

596 1698 758 1770 adyta
783 1698 803 1729 ³
837 1696 1041 1752 intrant
1090 1697 1421 1769 sapientiae,
1483 1713 1624 1769 quae
1652 1706 1739 1754 est
1764 1699 2043 1765 Christus;
2090 1700 2180 1771 qui

2284 491 2544 576 cognovit
2592 507 2762 562 Deum
2812 506 3090 567 hominem
3145 524 3158 559 :
3215 522 3357 562 unus
3405 509 3592 563 osculo
3639 511 3875 578 corporis

2285 611 2481 667 corpus
2511 598 2747 661 tradidit,
2775 597 2914 652 alter
2938 597 3123 653 osculo
3147 599 3343 656 mentis
3374 600 3608 655 divinam
3645 612 3872 658 mentem

2283 687 2487 742 dilexit.
2547 685 2661 757 lloe
2718 697 2899 743 autem
2945 687 3086 750 dico,
3132 698 3193 742 ut
3239 704 3554 759 cognoscas,
3585 695 3730 762 quod
3776 711 3874 750 non

2282 775 2523 833 locorum
2556 779 2859 844 intervalla,
2891 778 2984 834 sed
3014 780 3335 835 meritorum
3368 781 3655 851 qualitates
3677 783 3877 841 facitmt

2284 871 2557 926 hominem
2590 875 3023 942 appropinquare
3046 871 3285 936 Christo,
3307 881 3401 927 aut
3430 875 3586 930 abeo
3616 875 3883 947 clongari.

2285 959 2422 1017 Hinc
2444 962 2600 1015 datur
2630 962 2879 1032 intelligi,
2906 964 3106 1017 omnes
3132 962 3377 1017 homines
3415 964 3576 1019 unius
3621 964 3877 1036 ejusdem-

2284 1067 2390 1122 que
2416 1062 2666 1119 naturae,
2697 1068 2836 1125 quae
2861 1054 2912 1108 in
2946 1052 3165 1108 Christo
3189 1053 3463 1123 redempta
3492 1063 3595 1118 est,
3626 1056 3880 1126 omnique

2285 1144 2569 1208 servitute,
2604 1144 2705 1199 sub
2746 1158 2850 1215 qua
2885 1143 3063 1203 adhuc
3100 1142 3452 1219 congemiScit
3476 1152 3531 1199 et
3560 1143 3724 1209 dolet,
3751 1145 3880 1201 libe-

2286 1242 2425 1298 rata,
2451 1234 2740 1304 participes
2757 1248 2903 1299 esse,
2922 1244 2977 1289 et
2999 1234 3056 1290 in
3074 1248 3136 1288 ea
3159 1249 3325 1289 unum
3345 1249 3535 1290 omnes
3555 1236 3878 1292 subsistere:

2288 1327 2602 1381 interiturum
2657 1340 2781 1383 vero
2816 1323 3105 1395 qualitates
3150 1333 3215 1380 et
3250 1327 3601 1395 quantitates,
3648 1327 3753 1383 hoc
3802 1338 3884 1383 est

2283 1419 2551 1475 bonorum
2598 1428 2819 1499 actuum
2868 1419 3239 1493 malorumque
3282 1419 3643 1486 diﬂ'ercntias,
3691 1422 3885 1493 quibus

2285 1512 2657 1583 unusquisque
2700 1513 2753 1568 in
2795 1512 2896 1568 hac
2923 1512 3194 1569 vita'bene
3220 1512 3374 1579 vixit,
3405 1513 3620 1584 adjutus
3651 1513 3763 1572 Deo
3785 1532 3884 1587 per

2285 1605 2534 1678 gratiam,
2564 1621 2657 1660 seu
2683 1605 2841 1669 male,
2866 1606 3111 1673 desertus
3137 1607 3250 1663 Deo
3284 1622 3380 1678 per
3397 1607 3687 1678 justitiaur,
3727 1610 3885 1682 longe

2287 1711 2318 1750 a
2339 1711 2397 1750 se
2424 1695 2653 1751 invicem
2673 1681 2728 1751 et
2746 1694 3113 1772 multipliciter
3135 1707 3190 1753 et
3212 1696 3555 1755 ininlinitum
3577 1681 3840 1771 disparari
3868 1721 3883 1757 :

594 1792 861 1847 accedunt
895 1794 915 1822 ⁸
953 1792 1005 1845 ἰιι
1054 1791 1471 1848 obscurissimas
1543 1782 1796 1847 tenebras
1844 1792 2189 1850 excellentisn
2218 1771 2262 1831 Β
2287 1788 2467 1845 omnia
2516 1799 2715 1847 autem
2742 1789 2876 1846 haec
2923 1790 2974 1844 in
3018 1790 3236 1846 illauna
3270 1801 3325 1849 et
3368 1792 3700 1863 amplissima
3728 1794 3886 1851 domo

596 1882 766 1937 rimae
791 1881 1017 1947 luris,in
1041 1896 1145 1951 qua
1175 1881 1333 1944 simul
1364 1883 1416 1937 in
1445 1884 1622 1938 causis
1644 1882 1756 1937 suis
1771 1882 2181 1947 videntotmiia;

595 1974 684 2027 ubi
720 1989 824 2028 nou
856 1972 1094 2029 locorum
1150 1973 1230 2029 vel
1283 1982 1586 2044 temporum
1637 1974 1914 2030 intervalla
1958 1976 2183 2031 bonosa

595 2067 773 2131 malis,
807 2069 903 2123 sed
937 2068 1250 2125 meritorum
1282 2068 1536 2124 distantia
1565 2078 1844 2141 segregat;
1879 2084 1984 2123 non
2014 2084 2196 2139 quan-.

599 2162 725 2216 titas
751 2170 803 2213 et
835 2160 1180 2230 pulchritudo
1213 2177 1525 2232 corporum,
1559 2161 1652 2218 sed
1681 2163 1952 2218 .honcsms
1980 2172 2034 2217 et
2064 2179 2181 2217 ma-

594 2266 628 2320 g
669 2250 820 2304 itudo
865 2249 1126 2305 virtutum
1170 2252 1451 2317 laudatur;
1501 2254 1605 2307 non
1658 2266 2032 2321 personarum,
2089 2253 2182 2308 sed

536 2341 539 2345 '
593 2353 811 2417 morum
830 2339 1071 2411 dignitas
1087 2349 1142 2397 e'.
1166 2341 1422 2397 nobilitas
1450 2344 1759 2413 quaeritur;
1794 2359 1899 2397 una
1931 2344 2183 2400 onmibus

592 2432 896 2487 rrunmuuis
924 2442 1139 2497 natura,
1172 2434 1384 2488 diversa
1417 2444 1597 2489 autem
1627 2434 1828 2505 gratia;
1868 2435 1956 2490 ubi
1994 2449 2183 2491 omnes

592 2521 748 2576 simul
784 2533 929 2586 sunt,
964 2531 1018 2577 et
1057 2523 1216 2577 simul
1249 2540 1355 2577 non
1388 2533 1555 2591 sunt,
1580 2525 1738 2580 simul
1771 2533 1899 2579 sunt
1930 2524 2182 2580 similitu-

593 2612 719 2667 dine
744 2613 1193 2679 substantiarutn,
1230 2616 1390 2670 simul
1437 2633 1541 2671 non
1580 2625 1706 2671 sunt
1731 2616 2182 2673 dissimilitudine

593 2704 906 2761 allectuum.
938 2706 1110 2765 Simul
1142 2717 1296 2762 erant
1327 2709 1479 2764 dives
1517 2717 1571 2764 et
1608 2707 1895 2773 Abraham
1920 2710 1972 2765 in
2020 2710 2181 2781 spiri-

596 2799 828 2855 tualibus
874 2800 1215 2864 substantiis,
1264 2818 1399 2871 quas
1448 2819 1551 2863 una
1603 2804 1902 2874 eademque
1945 2803 2181 2859 humana

592 2895 798 2966 colligit
839 2902 894 2950 et
942 2895 1376 2965 inseparabiliter
1408 2895 1589 2968 jungit
1637 2890 1906 2962 essentia;
1938 2897 2031 2967 sed
2073 2912 2181 2959 non

592 2986 753 3040 simul
774 2995 929 3041 erant
952 3000 1048 3057 per
1074 2985 1434 3043 tlilfcrentium
1454 2987 1814 3059 spiritualium
1839 2987 2178 3059 qualitatum.

591 3067 827 3133 Chasma
900 3074 1151 3151 magnum
1228 3079 1370 3133 inter
1434 3093 1528 3133 eos
1594 3070 1714 3134 erat
1773 3078 1836 3145 ’ς
1903 3077 2178 3132 Μονειιιῑιηι

589 3173 790 3244 quippe
813 3173 867 3227 in
898 3180 1119 3228 acterna
1151 3173 1335 3243 quiete
1365 3171 1654 3243 gaudebat,
1686 3172 1837 3228 dives
1877 3173 1931 3226 in
1963 3172 2179 3227 ﬂamma

591 3263 991 3334 inextinguibili
1043 3264 1286 3335 lugebat;
1337 3268 1621 3336 propterea
1676 3265 1812 3321 vidit
1857 3264 2008 3321 dives
2053 3263 2077 3296 ⁶
2115 3263 2185 3322 de

502 3373 515 3388 ο
590 3356 751 3430 longe
772 3356 1070 3414 Abraham.
1102 3357 1236 3425 Quis
1263 3357 1442 3415 verbis
1466 3367 1642 3428 potest
1662 3359 1986 3429 exprimere,
2017 3374 2184 3429 (ιιιειιιο

592 3458 704 3504 tmn
748 3436 1027 3505 interstitii
1073 3459 1159 3505 est
1189 3448 1210 3480 ⁷
1247 3434 1388 3504 inter
1438 3449 1700 3505 laetitiam
1748 3459 1803 3505 et
1837 3451 2113 3505 tristitiam
2158 3455 2182 3489 ⁸

551 3542 554 3546 “
590 3542 759 3597 etiam
798 3542 852 3597 in
898 3542 1000 3598 hac
1046 3543 1180 3606 vita,
1214 3552 1417 3612 quanto
1459 3543 1630 3614 magis
1665 3542 1717 3598 in
1758 3542 1959 3606 altera,
1989 3544 2042 3597 iu
2074 3557 2179 3614 qua

590 3631 737 3687 nulla
799 3632 1020 3688 tristitia
1073 3647 1332 3704 sequetur
1384 3633 1657 3702 justorum
1733 3634 2027 3697 laetitiam,
2086 3649 2181 3689 ne-

588 3739 696 3796 que
767 3725 872 3781 ulla
932 3728 1133 3783 laetitia
1198 3735 1454 3798 sequetur
1512 3728 1800 3798 impiorum
1860 3728 2181 3792 tristitiam,

589 3818 770 3875 divina
829 3822 1093 3875 sententia
1152 3821 1341 3888 dignas
1398 3820 1625 3892 singulis
1662 3820 2183 3885 iueonnnutabiiiter

589 3910 918 3981 attribueute
968 3912 1385 3969 retributiones!
1421 3911 1484 3965 Et
1529 3914 1630 3967 hoc.
1684 3922 1767 3968 est
1808 3915 2026 3969 chasma
2068 3929 2181 3969 ma-

587 4019 752 4074 gnum
796 4013 851 4058 et
882 4005 1298 4074 impermeabilis
1321 4004 1518 4069 hiatus,
1569 4006 1814 4061 dividens
1852 4010 1995 4062 inter
2023 4023 2181 4078 prae-

587 4097 698 4151 mia
758 4105 813 4151 et
861 4098 1141 4168 supplicia.
1212 4098 1370 4153 liii-es
1424 4106 1601 4153 tamen
1642 4098 1664 4130 ⁹
1711 4114 1816 4154 non
1880 4099 1948 4154 de
1991 4100 2176 4171 longe,

586 4185 680 4239 sed
711 4187 867 4257 juxta
904 4188 968 4242 ad
1004 4188 1278 4243 Abraham
1325 4189 1368 4220 ¹⁸
1416 4189 1754 4261 loquebatur,
1790 4201 1848 4244 ut
1889 4191 2176 4265 intelligas,

588 4294 710 4333 eum
737 4294 839 4333 non
872 4289 1062 4335 natura
1092 4291 1431 4352 segregatum
1462 4282 1628 4337 fuisse
1665 4284 1735 4338 ab
1757 4282 2051 4348 Abraham,
2084 4288 2179 4341 sed

506 4361 512 4367 ’
587 4372 764 4443 culpa.
809 4372 926 4429 Una
964 4374 1229 4445 siquidem
1272 4376 1506 4432 essentia
1531 4374 1728 4445 jungit,
1758 4392 1894 4446 quos
1924 4380 2175 4435 merituut

2285 1879 2524 1936 ordinari
2550 1881 3015 1957 etcomprehendi
3035 1922 3050 1946 ,
3081 1882 3133 1936 in
3162 1897 3267 1954 qua
3293 1883 3597 1954 respublica
3622 1887 3885 1942 univcrsi‘

2285 1970 2412 2025 tatis
2434 1984 2465 2024 a
2493 1969 2605 2026 Deo
2636 1979 2693 2026 et
2735 1970 2788 2026 in
2819 1971 2930 2028 Deo
2959 1973 3209 2029 conditae
3248 1973 3294 2006 ¹³
3341 1989 3439 2045 per
3479 1977 3678 2032 multas
3708 1979 3888 2036 diver-

2283 2079 2480 2135 sasque
2512 2064 2859 2134 dispensatur
2892 2063 2943 2098 ιδ
2964 2067 3304 2133 mansiones,
3336 2068 3439 2125 hoc
3462 2076 3546 2126 est
3567 2073 3886 2129 meritorum

2282 2165 2339 2214 et
2390 2156 2687 2229 gratiarum
2743 2156 3131 2214 ordinatio:;es.
3208 2157 3411 2215 Domus
3473 2171 3653 2218 autem
3703 2164 3747 2197 ⁵⁸
3795 2163 3887 2219 illa

2282 2249 2529 2304 Christus
2558 2258 2661 2312 est,
2697 2249 2785 2318 qui
2835 2250 3017 2307 omnia
3049 2257 3104 2304 et
3129 2251 3171 2283 “
3193 2254 3363 2308 ambit
3387 2253 3606 2322 virtute,
3650 2257 3889 2327 disponit

2270 2338 3030 2410 providentia,'rcgitjustitia,
3052 2351 3208 2397 ornat
3228 2344 3425 2413 gratia,
3442 2347 3681 2401 continet
3709 2338 3886 2404 aeter-

2283 2434 2469 2497 nitate,
2498 2432 2682 2504 implet
2702 2434 2961 2503 sapientia
2984 2476 2997 2497 ,
3028 2435 3238 2504 perlicit
3258 2437 3619 2504 dedicatione,
3637 2442 3887 2510 quoniam

2282 2525 2558 2595 exipso,et
2588 2526 2878 2595 peripsmn,
2903 2536 2949 2580 et
2974 2527 3026 2580 in
3056 2528 3187 2598 ipso,
3217 2537 3266 2583 et
3281 2530 3351 2583 ad
3364 2532 3533 2600 ipsum
3546 2534 3886 2594 suntomnia.

2354 2616 2442 2670 57.
2487 2615 2629 2672 Dtsc.
2673 2617 2821 2685 Quae
2847 2634 2875 2671 a
2909 2628 2960 2673 te
2988 2619 3127 2676 dicta
3157 2631 3317 2689 sunt,
3347 2629 3493 2679 recta
3529 2624 3633 2679 {ide
3661 2626 3891 2681 creden-

2284 2707 2449 2772 tibus,
2485 2717 2743 2777 rectoque
2765 2708 2958 2764 intuitu
2991 2724 3172 2765 rerum
3208 2719 3457 2767 naturam
3484 2714 3525 2746 ”
3558 2717 3889 2786 perSpicien-

2287 2799 2429 2855 tibus
2467 2814 2572 2853 non
2613 2799 2786 2861 solum
2840 2800 3204 2869 rationabilia,
3246 2819 3432 2858 verum
3478 2806 3642 2860 etiam
3695 2809 3889 2862 verisi-

2286 2889 2509 2947 miliima
2559 2891 2603 2925 ⁸⁸
2643 2892 2940 2965 probantur
2977 2908 3137 2949 esse:
3172 2897 3419 2965 quamvis
3464 2898 3567 2959 his,
3613 2899 3709 2968 qui
3755 2901 3890 2955 nihil

2284 2999 2405 3040 esse
2438 2990 2590 3040 extra
2637 2984 2680 3017 ¹⁹
2719 2999 2807 3051 ea,
2829 3001 2968 3056 quae
2994 2986 3237 3043 localiter
3262 2997 3318 3043 et
3349 2992 3720 3060 temporaliter
3747 2995 3888 3051 intra

2285 3079 2427 3133 hunc
2472 3079 2730 3135 mundum
2768 3079 3081 3137 sensibilem
3110 3085 3474 3157 continentur,
3510 3087 3775 3159 cogitant,
3806 3091 3887 3143 in-

2287 3170 2564 3227 credibilia
2616 3188 2677 3227 ac
2738 3172 2901 3228 veluti
2962 3189 3100 3228 vana
3149 3164 3501 3232 deliramenta
3557 3179 3884 3247 videantur;

2287 3254 2638 3333 aliirmantes",
2673 3268 2817 3322 hunc
2844 3270 3101 3323 mundum
3126 3271 3435 3326 sensibilem
3462 3273 3515 3328 in
3540 3289 3666 3330 suas
3693 3290 3887 3331 causas

2286 3372 2393 3413 non
2434 3358 2757 3422 rediturum,
2792 3375 2967 3431 neque
3003 3361 3219 3431 penitus
3264 3366 3588 3433 periturum,
3638 3368 3731 3422 sed
3774 3370 3887 3424 suis

2285 3450 2637 3521 qualitatibus
2681 3450 3019 3508 solummodo
3059 3456 3385 3524 permutatis
3424 3456 3476 3511 in
3507 3458 3723 3523 melius,
3764 3475 3886 3529 pcr-

2286 3559 2625 3611 mansurmn,
2657 3545 2782 3599 suis
2801 3546 3120 3616 corporibus
3157 3551 3537 3618 compositum,
3588 3552 3702 3607 suis
3751 3553 3885 3609 locis

2283 3633 2597 3699 discretum,
2626 3633 2739 3689 suis
2769 3636 3099 3706 temporibus
3125 3637 3466 3703 distinctum,
3504 3642 3615 3696 suis
3643 3644 3885 3698 numeris

2284 3723 2719 3794 multiplicatum,
2772 3728 2888 3780 suis
2940 3729 3375 3785 extremitatibus
3422 3733 3684 3787 ambitum
3733 3733 3799 3787 ²⁶ν
3831 3737 3882 3790 in

2284 3824 2439 3884 parte
2499 3818 2581 3872 sui
2634 3816 2799 3871 veluti
2840 3816 3081 3873 inferiori
3131 3822 3449 3890 corporibus
3492 3824 3883 3895 aniu‘tubusquc

2284 3906 2573 3976 impiorum
2625 3907 2829 3963 aeterni
2887 3908 3024 3980 ignis
3078 3910 3270 3971 ardore
3335 3915 3881 3982 torquendiS‘loeum

2284 4002 2623 4071 praebentes.
2672 4002 2744 4057 De
2785 4017 2893 4071 quo
2927 4009 2985 4083 et
3022 4003 3073 4057 in
3114 4006 3482 4073 superioribus
3508 4005 3882 4064 libristrarta»

2284 4096 2481 4158 vimus,
2530 4103 2586 4150 et
2637 4110 2779 4148 nunc.
2827 4096 3021 4149 iterum
3080 4095 3131 4149 iu
3191 4099 3508 4152 memoriam
3566 4112 3881 4157 revocantes

2282 4187 2522 4242 breviter
2574 4186 2887 4255 repetimus.
2945 4184 3176 4252 Quidam
3236 4189 3378 4243 enim
3430 4191 3681 4260 spatium,
3741 4192 3882 4259 quod

2282 4283 2461 4337 lunam
2484 4280 2527 4313 ¹¹
2554 4288 2800 4352 segregat
2835 4295 2863 4333 a
2898 4286 3073 4345 terra,
3105 4267 3496 4343 tormentorum
3542 4283 3659 4338 loco
3701 4284 3883 4338 distri—

2280 4372 2452 4426 buunt
2483 4389 2495 4424 :
2526 4371 2744 4441 quidau
2780 4371 3093 4427 inferiorem
3121 4373 3708 4444 corpulentioremqne,
3762 4392 3879 4429 um—

588 4464 845 4521 dissimile
864 4466 1073 4521 dividit.
1115 4466 1282 4522 Paulo
1309 4468 1620 4539 priusquam
1649 4467 1910 4524 Dominus
1954 4468 1996 4502 ¹¹
2034 4480 2179 4541 pate-

2283 4464 2502 4519 hrarum
2566 4480 2872 4535 capacem,
2928 4465 3198 4535 terrisque
3249 4466 3599 4535 proximam,
3650 4467 3879 4537 praelati

586 4566 757 4620 retur,
787 4557 946 4613 simul
992 4559 1044 4612 in
1095 4575 1202 4614 uno
1241 4559 1534 4617 coenaeulo
1582 4558 1749 4615 Judas
1796 4561 2078 4618 lscariotes
2123 4572 2180 4618 et

587 4646 775 4705 Simon
824 4648 1017 4717 Petrus
1067 4666 1191 4707 cum
1239 4651 1459 4707 Christo
1504 4653 1803 4708 coeuabant
1837 4694 1852 4714 ,
1907 4654 2001 4709 sed
2038 4669 2179 4708 unus

579 4733 735 4808 juxta
771 4739 1067 4801 Christum.
1122 4730 1259 4796 alter
1302 4741 1458 4812 longe
1508 4749 1625 4797 erat
1662 4757 1693 4795 a
1740 4742 1975 4799 Christo.
2029 4740 2179 4798 Unus

587 4830 676 4899 qui
706 4846 827 4883 eum
858 4829 1077 4886 Christo
1112 4832 1409 4902 intingebat
1443 4848 1660 4887 mauttm
1706 4832 1760 4887 in
1811 4832 2174 4903 paropsidem,

588 4921 941 4977 humanitatis
992 4921 1191 4978 Citriin
1238 4932 1355 4979 erat
1403 4924 1632 4978 tratlitor
1663 4965 1677 4987 ,
1732 4926 1870 4977 alter
1924 4925 2017 4994 qui
2072 4940 2175 4978 non

586 5011 782 5083 legitur
812 5014 1094 5069 iutiuxisse
1122 5030 1339 5068 manum
1370 5031 1491 5069 eum
1516 5014 1733 5069 Christo
1767 5016 1809 5046 ¹²
1842 5016 1894 5069 in
1928 5016 2175 5084 paropsi-

588 5107 734 5170 dem,
787 5107 1085 5163 divinitatis
1138 5108 1339 5163 Christi
1390 5114 1507 5162 erat
1560 5108 1993 5177 contemplator:
2037 5122 2176 5162 unus

1888 5268 2146 5324 VABIAE
2182 5265 2587 5324 LECTIONES.

1740 5391 1761 5421 ³
1799 5389 1889 5445 Sic
1918 5388 2036 5445 CF:
2065 5388 2106 5442 A
2150 5390 2202 5442 in
2236 5388 2436 5443 obdita.

1910 5461 1930 5492 "
1969 5459 2062 5514 Sic
2088 5458 2213 5521 CF;
2247 5459 2290 5513 Δ
2320 5459 2610 5512 interstitit.

1866 5532 1907 5562 “
1964 5530 2219 5585 Dominus
2248 5544 2356 5583 om.
2399 5528 2503 5581 (2F.

1778 5600 1821 5633 ⁸⁸
1844 5612 2018 5654 autem
2047 5617 2153 5653 oin.
2190 5602 2249 5655 Α.

674 5390 793 5445 ‘CF
819 5391 968 5461 ligni.
1043 5392 1062 5422 ’
1103 5390 1186 5447 CF
1215 5391 1661 5460 contemplationi.

587 5477 843 5531 maguum
899 5471 1008 5515 erat
1032 5462 1169 5515 inter
1192 5479 1298 5515 eos.
1377 5463 1397 5493 ⁶
1435 5462 1576 5515 diros
1614 5476 1721 5516 om.
1755 5462 1820 5514 Α.

590 5532 673 5588 (.F
699 5552 713 5592 ;
748 5534 790 5586 Α
816 5542 1010 5587 autem.
1111 5534 1151 5564 '°
1179 5532 1244 5587 ad
1271 5533 1531 5585 Abrulmm
1563 5548 1671 5585 om.
1706 5532 1769 5584 Α.

591 5604 635 5662 Λ
674 5604 905 5657 condita.
985 5602 1138 5659 “Sic
1161 5599 1277 5665 C57;
1313 5605 1350 5655 Α
1379 5602 1697 5672 dispensata.

2285 4559 2465 4626 spatii,
2517 4556 2661 4627 quod
2716 4556 2860 4611 aéris
2915 4556 3179 4612 vocabulo
3226 4567 3585 4627 nuncupatur,
3632 4567 3874 4627 partem;

2283 4652 2503 4720 quidam
2529 4649 2746 4705 intimos
2790 4649 2995 4704 telluris
3040 4649 3213 4713 sinus,
3257 4649 3416 4704 veluti
3462 4648 3877 4717 prol‘undissima

2283 4754 2339 4799 et
2383 4742 2717 4814 amplissima
2768 4750 2922 4796 antra
2950 4780 2966 4806 ,
3017 4741 3572 4812 densissimarumque
3618 4752 3878 4817 perpetuo

2283 4833 2571 4906 caliginum
2595 4832 2773 4901 plena,
2800 4847 2863 4888 ac
2884 4832 3046 4887 veluti
3070 4832 3191 4887 ﬁliis
3215 4833 3559 4887 tenebrarum
3587 4834 3867 4905 condigna.

2283 4925 2401 4996 Ipsa
2433 4934 2613 4980 autem
2640 4924 2926 4994 impiorum
2951 4940 3180 4995 corpora
3211 4925 3263 4978 in
3289 4939 3352 4978 ea
3395 4926 3720 4993 quantitate,
3750 4925 3802 4979 in
3830 4924 3874 4957 "

2282 5033 2390 5087 qua
2429 5017 2784 5078 ceciderunt,
2835 5016 2997 5085 inque
3044 5031 3231 5085 eorum
3277 5031 3408 5069 sexu
3466 5030 3529 5068 ae
3578 5015 3625 5047 "
3667 5015 3872 5077 forma,

2285 5122 2619 5176 numeroque
2675 5106 3048 5159 membrorum
3092 5114 3467 5160 resurrectura
3501 5143 3516 5167 ,
3580 5104 3877 5161 codcmuue

2516 5390 2536 5419 ⁸
2578 5385 2782 5445 SicCF
2807 5384 3070 5439 occidunt.
3148 5383 3171 5417 ⁸
3200 5384 3293 5441 Sic
3314 5385 3429 5449 CF;
3460 5387 3501 5439 A
3535 5384 3705 5439 (limes
3734 5388 3869 5440 enim

2714 5456 2737 5489 ³
2777 5457 2813 5508 Α
2843 5456 2983 5508 inter
3004 5456 3275 5510 tristitiam
3303 5467 3350 5509 et
3377 5454 3654 5510 laetitiam.
3733 5456 3752 5486 ⁵⁵
3781 5456 3871 5511 Sic

3574 5526 3617 5557 ’³
3641 5526 3730 5580 Sic
3753 5526 3865 5591 CF;

3561 5595 3602 5628 ιι
3630 5594 3720 5651 Sit:
3750 5594 3863 5657 t1t‘;

2581 5529 2622 5559 ¹³
2665 5525 2749 5580 CF
2781 5542 2903 5579 cum
2925 5525 3145 5581 Christo
3176 5543 3387 5580 manum
3421 5526 3472 5579 iu

2333 5600 2375 5630 ’δ
2407 5610 2452 5650 et
2484 5615 2592 5652 om.
2623 5599 2685 5651 Α.
2765 5598 2803 5629 ¹⁷
2834 5595 2926 5650 Sic
2970 5596 3088 5657 CF;
3138 5598 3178 5651 A
3235 5607 3470 5650 naturas.

591 5675 632 5730 Δ
664 5674 985 5730 verisimilia.
1047 5673 1089 5706 ¹⁹
1123 5674 1212 5727 Sic
1234 5674 1349 5734 tZF;
1377 5673 1415 5725 Α
1442 5666 1576 5726 inter
1599 5690 1677 5724 ea.
1741 5670 1786 5701 ²⁰
1813 5672 1902 5726 Sic
1930 5672 1966 5725 Δ
1990 5688 2002 5733 ;
2023 5670 2106 5723 (ῚΡ
2128 5671 2442 5741 compositus
2461 5702 2519 5709 —
2541 5670 2794 5722 discretus
2816 5697 2883 5709 ο·-
2906 5668 3263 5721 diuinrtus—
3281 5666 3653 5727 multiplicatus
3667 5698 3727 5706 οη
3750 5682 3865 5721 am-

1619 5742 1661 5774 ²³
1700 5744 1726 5795 ‘s
1754 5752 1823 5798 el.

826 5747 866 5778 ”
897 5744 937 5798 A
967 5744 1111 5800 (una.
1189 5748 1232 5778 "
1260 5748 1309 5799 in
1337 5762 1443 5815 nm.
1480 5746 1538 5797 :\.
