  <div class='ocr_page' id='page_1' title='image "/cluster/home/n/w/nwhite01/storage/ocr_20150623/122/uva.x000503459/532.png"; bbox 0 0 4210 6214; ppageno 0'>
   <div class='ocr_carea' id='block_1_1' title="bbox 355 244 466 303">
    <p class='ocr_par' dir='ltr' id='par_1_1' title="bbox 355 244 466 303">
     <span class='ocr_line' id='line_1_1' title="bbox 355 244 466 303; baseline -0.027 1"><span class='ocrx_word' id='word_1_1' title='bbox 355 244 466 303; x_wconf 68' lang='lat'><strong>985</strong></span> 
     </span>
    </p>
   </div>
   <div class='ocr_carea' id='block_1_2' title="bbox 1243 233 2796 318">
    <p class='ocr_par' dir='ltr' id='par_1_2' title="bbox 1243 233 2796 318">
     <span class='ocr_line' id='line_1_2' title="bbox 1243 233 2796 318; baseline 0.008 -20"><span class='ocrx_word' id='word_1_2' title='bbox 1243 241 1706 300; x_wconf 61' lang='lat' dir='ltr'><strong>DE&#39;DiVlSiOt‘iE</strong></span> <span class='ocrx_word' id='word_1_3' title='bbox 1743 233 2094 298; x_wconf 69' lang='grc' dir='ltr'><strong>ΝᾹἸΠΒΑΕ.</strong></span> <span class='ocrx_word' id='word_1_4' title='bbox 2136 275 2201 284; x_wconf 77' lang='grc'><strong>-</strong></span> <span class='ocrx_word' id='word_1_5' title='bbox 2239 243 2436 302; x_wconf 65' lang='lat' dir='ltr'><strong>LIBER</strong></span> <span class='ocrx_word' id='word_1_6' title='bbox 2478 249 2796 318; x_wconf 69' lang='lat' dir='ltr'><strong>QUlNTUS.</strong></span> 
     </span>
    </p>
   </div>
   <div class='ocr_carea' id='block_1_3' title="bbox 3457 256 3631 320">
    <p class='ocr_par' dir='ltr' id='par_1_3' title="bbox 3457 256 3631 320">
     <span class='ocr_line' id='line_1_3' title="bbox 3457 256 3631 320; baseline -0.023 -1"><span class='ocrx_word' id='word_1_7' title='bbox 3457 261 3461 264; x_wconf 41' lang='grc'><strong>⁴</strong></span> <span class='ocrx_word' id='word_1_8' title='bbox 3523 256 3631 320; x_wconf 80' lang='lat'><strong>986</strong></span> 
     </span>
    </p>
   </div>
   <div class='ocr_carea' id='block_1_4' title="bbox 359 347 3632 442">
    <p class='ocr_par' dir='ltr' id='par_1_4' title="bbox 359 347 3632 442">
     <span class='ocr_line' id='line_1_4' title="bbox 359 347 3632 442; baseline 0.004 -26"><span class='ocrx_word' id='word_1_9' title='bbox 359 363 582 419; x_wconf 79' lang='lat' dir='ltr'><strong>omnino</strong></span> <span class='ocrx_word' id='word_1_10' title='bbox 614 360 792 423; x_wconf 79' lang='lat' dir='ltr'><strong>modo,</strong></span> <span class='ocrx_word' id='word_1_11' title='bbox 819 377 926 430; x_wconf 86' lang='lat' dir='ltr'><strong>quo</strong></span> <span class='ocrx_word' id='word_1_12' title='bbox 958 363 1008 414; x_wconf 86' lang='lat' dir='ltr'><strong>in</strong></span> <span class='ocrx_word' id='word_1_13' title='bbox 1045 361 1147 415; x_wconf 82' lang='lat' dir='ltr'><strong>hac</strong></span> <span class='ocrx_word' id='word_1_14' title='bbox 1187 347 1290 414; x_wconf 66' lang='lat' dir='ltr'><strong>vita</strong></span> <span class='ocrx_word' id='word_1_15' title='bbox 1325 359 1528 424; x_wconf 70' lang='lat' dir='ltr'><strong>visere,</strong></span> <span class='ocrx_word' id='word_1_16' title='bbox 1565 360 1744 414; x_wconf 88' lang='lat' dir='ltr'><strong>futura</strong></span> <span class='ocrx_word' id='word_1_17' title='bbox 1780 374 1940 430; x_wconf 80' lang='lat' dir='ltr'><strong>prac-</strong></span> <span class='ocrx_word' id='word_1_18' title='bbox 1975 364 2015 418; x_wconf 68' lang='grc' dir='ltr'><strong>Α</strong></span> <span class='ocrx_word' id='word_1_19' title='bbox 2047 359 2187 414; x_wconf 88' lang='lat' dir='ltr'><strong>sicut</strong></span> <span class='ocrx_word' id='word_1_20' title='bbox 2211 363 2508 432; x_wconf 81' lang='lat' dir='ltr'><strong>aequaliter</strong></span> <span class='ocrx_word' id='word_1_21' title='bbox 2524 366 2666 421; x_wconf 71' lang='lat' dir='ltr'><strong>dedit</strong></span> <span class='ocrx_word' id='word_1_22' title='bbox 2687 369 3264 429; x_wconf 75' lang='lat' dir='ltr'><strong>omnibushomiuibus</strong></span> <span class='ocrx_word' id='word_1_23' title='bbox 3283 389 3421 442; x_wconf 73' lang='lat' dir='ltr'><strong>esse,</strong></span> <span class='ocrx_word' id='word_1_24' title='bbox 3439 375 3508 430; x_wconf 88' lang='lat' dir='ltr'><strong>ita</strong></span> <span class='ocrx_word' id='word_1_25' title='bbox 3532 391 3632 436; x_wconf 59' lang='lat' dir='ltr'><strong>ac,</strong></span> 
     </span>
    </p>
   </div>
   <div class='ocr_carea' id='block_1_5' title="bbox 359 450 1949 522">
    <p class='ocr_par' dir='ltr' id='par_1_5' title="bbox 359 450 1949 522">
     <span class='ocr_line' id='line_1_5' title="bbox 359 450 1949 522; baseline -0.003 -12"><span class='ocrx_word' id='word_1_26' title='bbox 359 455 560 514; x_wconf 83' lang='lat' dir='ltr'><strong>dicant,</strong></span> <span class='ocrx_word' id='word_1_27' title='bbox 585 463 910 521; x_wconf 61' lang='lat' dir='ltr'><strong>euerrcpto,</strong></span> <span class='ocrx_word' id='word_1_28' title='bbox 936 451 1078 520; x_wconf 69' lang='lat' dir='ltr'><strong>quod</strong></span> <span class='ocrx_word' id='word_1_29' title='bbox 1103 451 1167 505; x_wconf 89' lang='lat' dir='ltr'><strong>de</strong></span> <span class='ocrx_word' id='word_1_30' title='bbox 1194 450 1510 506; x_wconf 59' lang='lat' dir='ltr'><strong>mortalibus</strong></span> <span class='ocrx_word' id='word_1_31' title='bbox 1536 451 1949 522; x_wconf 74' lang='lat' dir='ltr'><strong>temporalibus-</strong></span> 
     </span>
    </p>
   </div>
   <div class='ocr_carea' id='block_1_6' title="bbox 358 541 1953 614">
    <p class='ocr_par' dir='ltr' id='par_1_6' title="bbox 358 541 1953 614">
     <span class='ocr_line' id='line_1_6' title="bbox 358 541 1953 614; baseline -0.004 -16"><span class='ocrx_word' id='word_1_32' title='bbox 358 563 461 614; x_wconf 84' lang='lat' dir='ltr'><strong>que</strong></span> <span class='ocrx_word' id='word_1_33' title='bbox 492 547 544 598; x_wconf 87' lang='lat' dir='ltr'><strong>in</strong></span> <span class='ocrx_word' id='word_1_34' title='bbox 575 544 895 606; x_wconf 83' lang='lat' dir='ltr'><strong>iuuuortalia</strong></span> <span class='ocrx_word' id='word_1_35' title='bbox 925 542 1273 596; x_wconf 69' lang='lat' dir='ltr'><strong>mutabuntur</strong></span> <span class='ocrx_word' id='word_1_36' title='bbox 1299 551 1353 596; x_wconf 89' lang='lat' dir='ltr'><strong>et</strong></span> <span class='ocrx_word' id='word_1_37' title='bbox 1379 551 1624 606; x_wconf 84' lang='lat' dir='ltr'><strong>aeterna,</strong></span> <span class='ocrx_word' id='word_1_38' title='bbox 1647 541 1716 597; x_wconf 80' lang='lat' dir='ltr'><strong>de</strong></span> <span class='ocrx_word' id='word_1_39' title='bbox 1739 541 1953 594; x_wconf 82' lang='lat' dir='ltr'><strong>aninm-</strong></span> 
     </span>
    </p>
   </div>
   <div class='ocr_carea' id='block_1_7' title="bbox 359 631 1950 716">
    <p class='ocr_par' dir='ltr' id='par_1_7' title="bbox 359 631 1950 716">
     <span class='ocr_line' id='line_1_7' title="bbox 359 631 1950 716; baseline -0.004 -27"><span class='ocrx_word' id='word_1_40' title='bbox 359 635 498 689; x_wconf 76' lang='lat' dir='ltr'><strong>libus</strong></span> <span class='ocrx_word' id='word_1_41' title='bbox 526 635 576 688; x_wconf 91' lang='lat' dir='ltr'><strong>in</strong></span> <span class='ocrx_word' id='word_1_42' title='bbox 608 632 904 705; x_wconf 78' lang='lat' dir='ltr'><strong>spiritualia</strong></span> <span class='ocrx_word' id='word_1_43' title='bbox 934 650 946 684; x_wconf 87' lang='lat'><strong><em>:</em></strong></span> <span class='ocrx_word' id='word_1_44' title='bbox 979 646 1160 716; x_wconf 71' lang='lat' dir='ltr'><strong>neque.</strong></span> <span class='ocrx_word' id='word_1_45' title='bbox 1192 634 1292 686; x_wconf 87' lang='lat' dir='ltr'><strong>hoc</strong></span> <span class='ocrx_word' id='word_1_46' title='bbox 1321 631 1388 686; x_wconf 83' lang='lat' dir='ltr'><strong>ad</strong></span> <span class='ocrx_word' id='word_1_47' title='bbox 1427 632 1678 688; x_wconf 75' lang='lat' dir='ltr'><strong>virtutem</strong></span> <span class='ocrx_word' id='word_1_48' title='bbox 1725 641 1950 686; x_wconf 75' lang='lat' dir='ltr'><strong>natnrz-e</strong></span> 
     </span>
    </p>
   </div>
   <div class='ocr_carea' id='block_1_8' title="bbox 359 723 1946 796">
    <p class='ocr_par' dir='ltr' id='par_1_8' title="bbox 359 723 1946 796">
     <span class='ocr_line' id='line_1_8' title="bbox 359 723 1946 796; baseline -0.002 -17"><span class='ocrx_word' id='word_1_49' title='bbox 359 727 682 796; x_wconf 80' lang='lat' dir='ltr'><strong>divinaeque</strong></span> <span class='ocrx_word' id='word_1_50' title='bbox 705 724 960 778; x_wconf 71' lang='lat' dir='ltr'><strong>bonitatis</strong></span> <span class='ocrx_word' id='word_1_51' title='bbox 988 723 1222 779; x_wconf 84' lang='lat' dir='ltr'><strong>refertur</strong></span> <span class='ocrx_word' id='word_1_52' title='bbox 1241 724 1564 796; x_wconf 77' lang='lat' dir='ltr'><strong>largitatem,</strong></span> <span class='ocrx_word' id='word_1_53' title='bbox 1590 723 1682 779; x_wconf 87' lang='lat' dir='ltr'><strong>sed</strong></span> <span class='ocrx_word' id='word_1_54' title='bbox 1713 724 1779 778; x_wconf 81' lang='lat' dir='ltr'><strong>ad</strong></span> <span class='ocrx_word' id='word_1_55' title='bbox 1805 728 1946 778; x_wconf 84' lang='lat' dir='ltr'><strong>stre-</strong></span> 
     </span>
    </p>
   </div>
   <div class='ocr_carea' id='block_1_9' title="bbox 357 814 1953 888">
    <p class='ocr_par' dir='ltr' id='par_1_9' title="bbox 357 814 1953 888">
     <span class='ocr_line' id='line_1_9' title="bbox 357 814 1953 888; baseline -0.001 -17"><span class='ocrx_word' id='word_1_56' title='bbox 357 817 448 872; x_wconf 84' lang='lat' dir='ltr'><strong>nui</strong></span> <span class='ocrx_word' id='word_1_57' title='bbox 472 814 1039 888; x_wconf 80' lang='lat' dir='ltr'><strong>judicisdnrissimam</strong></span> <span class='ocrx_word' id='word_1_58' title='bbox 1085 825 1140 870; x_wconf 90' lang='lat' dir='ltr'><strong>et</strong></span> <span class='ocrx_word' id='word_1_59' title='bbox 1179 815 1674 872; x_wconf 70' lang='lat' dir='ltr'><strong>incommutabilem</strong></span> <span class='ocrx_word' id='word_1_60' title='bbox 1719 815 1953 872; x_wconf 86' lang='lat' dir='ltr'><strong>austeri-</strong></span> 
     </span>
    </p>
   </div>
   <div class='ocr_carea' id='block_1_10' title="bbox 357 907 1949 978">
    <p class='ocr_par' dir='ltr' id='par_1_10' title="bbox 357 907 1949 978">
     <span class='ocr_line' id='line_1_10' title="bbox 357 907 1949 978; baseline -0.002 -14"><span class='ocrx_word' id='word_1_61' title='bbox 357 919 542 974; x_wconf 84' lang='lat' dir='ltr'><strong>tatem,</strong></span> <span class='ocrx_word' id='word_1_62' title='bbox 575 908 697 963; x_wconf 84' lang='lat' dir='ltr'><strong>data</strong></span> <span class='ocrx_word' id='word_1_63' title='bbox 731 916 958 976; x_wconf 78' lang='lat' dir='ltr'><strong>naturae</strong></span> <span class='ocrx_word' id='word_1_64' title='bbox 977 917 1032 962; x_wconf 90' lang='lat' dir='ltr'><strong>ct</strong></span> <span class='ocrx_word' id='word_1_65' title='bbox 1055 907 1195 964; x_wconf 84' lang='lat' dir='ltr'><strong>dona</strong></span> <span class='ocrx_word' id='word_1_66' title='bbox 1225 907 1434 978; x_wconf 76' lang='lat' dir='ltr'><strong>gratiae</strong></span> <span class='ocrx_word' id='word_1_67' title='bbox 1476 909 1539 966; x_wconf 89' lang='lat' dir='ltr'><strong>in.</strong></span> <span class='ocrx_word' id='word_1_68' title='bbox 1576 907 1949 963; x_wconf 69' lang='lat' dir='ltr'><strong>crudelitatem</strong></span> 
     </span>
    </p>
   </div>
   <div class='ocr_carea' id='block_1_11' title="bbox 355 995 1946 1066">
    <p class='ocr_par' dir='ltr' id='par_1_11' title="bbox 355 995 1946 1066">
     <span class='ocr_line' id='line_1_11' title="bbox 355 995 1946 1066; baseline -0.001 -14"><span class='ocrx_word' id='word_1_69' title='bbox 355 997 628 1054; x_wconf 69' lang='lat' dir='ltr'><strong>vindictae</strong></span> <span class='ocrx_word' id='word_1_70' title='bbox 697 995 1156 1052; x_wconf 85' lang='lat' dir='ltr'><strong>trausfundentes.</strong></span> <span class='ocrx_word' id='word_1_71' title='bbox 1212 996 1382 1052; x_wconf 81' lang='lat' dir='ltr'><strong>Aiunt</strong></span> <span class='ocrx_word' id='word_1_72' title='bbox 1449 999 1616 1064; x_wconf 88' lang='lat' dir='ltr'><strong>enim,</strong></span> <span class='ocrx_word' id='word_1_73' title='bbox 1663 997 1946 1066; x_wconf 78' lang='lat' dir='ltr'><strong>impiorum</strong></span> 
     </span>
    </p>
   </div>
   <div class='ocr_carea' id='block_1_12' title="bbox 352 1086 1946 1159">
    <p class='ocr_par' dir='ltr' id='par_1_12' title="bbox 352 1086 1946 1159">
     <span class='ocr_line' id='line_1_12' title="bbox 352 1086 1946 1159; baseline 0 -17"><span class='ocrx_word' id='word_1_74' title='bbox 352 1104 578 1159; x_wconf 68' lang='lat' dir='ltr'><strong>nupera</strong></span> <span class='ocrx_word' id='word_1_75' title='bbox 609 1102 714 1142; x_wconf 90' lang='lat' dir='ltr'><strong>non</strong></span> <span class='ocrx_word' id='word_1_76' title='bbox 741 1087 904 1142; x_wconf 87' lang='lat' dir='ltr'><strong>aliam</strong></span> <span class='ocrx_word' id='word_1_77' title='bbox 945 1086 1015 1142; x_wconf 88' lang='lat' dir='ltr'><strong>ob</strong></span> <span class='ocrx_word' id='word_1_78' title='bbox 1053 1101 1270 1142; x_wconf 79' lang='lat' dir='ltr'><strong>causam</strong></span> <span class='ocrx_word' id='word_1_79' title='bbox 1314 1087 1657 1151; x_wconf 83' lang='lat' dir='ltr'><strong>immortalia,</strong></span> <span class='ocrx_word' id='word_1_80' title='bbox 1706 1099 1946 1154; x_wconf 83' lang='lat' dir='ltr'><strong>aeterna,</strong></span> 
     </span>
    </p>
   </div>
   <div class='ocr_carea' id='block_1_13' title="bbox 352 1179 1950 1252">
    <p class='ocr_par' dir='ltr' id='par_1_13' title="bbox 352 1179 1950 1252">
     <span class='ocr_line' id='line_1_13' title="bbox 352 1179 1950 1252; baseline -0.001 -16"><span class='ocrx_word' id='word_1_81' title='bbox 352 1180 766 1252; x_wconf 72' lang='lat' dir='ltr'><strong>spiritualiaque</strong></span> <span class='ocrx_word' id='word_1_82' title='bbox 796 1189 1188 1242; x_wconf 81' lang='lat' dir='ltr'><strong>resurrectura,</strong></span> <span class='ocrx_word' id='word_1_83' title='bbox 1220 1179 1337 1234; x_wconf 81' lang='lat' dir='ltr'><strong>nisi</strong></span> <span class='ocrx_word' id='word_1_84' title='bbox 1381 1188 1441 1234; x_wconf 86' lang='lat' dir='ltr'><strong>ut</strong></span> <span class='ocrx_word' id='word_1_85' title='bbox 1486 1189 1742 1251; x_wconf 81' lang='lat' dir='ltr'><strong>perpetua</strong></span> <span class='ocrx_word' id='word_1_86' title='bbox 1787 1181 1950 1235; x_wconf 84' lang='lat' dir='ltr'><strong>susti-</strong></span> 
     </span>
    </p>
   </div>
   <div class='ocr_carea' id='block_1_14' title="bbox 354 1259 1942 1346">
    <p class='ocr_par' dir='ltr' id='par_1_14' title="bbox 354 1259 1942 1346">
     <span class='ocr_line' id='line_1_14' title="bbox 354 1259 1942 1346; baseline -0.002 -15"><span class='ocrx_word' id='word_1_87' title='bbox 354 1283 516 1331; x_wconf 83' lang='lat' dir='ltr'><strong>neant</strong></span> <span class='ocrx_word' id='word_1_88' title='bbox 561 1273 840 1346; x_wconf 86' lang='lat' dir='ltr'><strong>supplicia.</strong></span> <span class='ocrx_word' id='word_1_89' title='bbox 901 1273 1082 1345; x_wconf 80' lang='lat' dir='ltr'><strong>Ignem</strong></span> <span class='ocrx_word' id='word_1_90' title='bbox 1137 1259 1371 1344; x_wconf 74' lang='lat' dir='ltr'><strong>quoque,</strong></span> <span class='ocrx_word' id='word_1_91' title='bbox 1405 1273 1459 1327; x_wconf 91' lang='lat' dir='ltr'><strong>in</strong></span> <span class='ocrx_word' id='word_1_92' title='bbox 1514 1289 1622 1344; x_wconf 88' lang='lat' dir='ltr'><strong>quo</strong></span> <span class='ocrx_word' id='word_1_93' title='bbox 1661 1273 1942 1333; x_wconf 75' lang='lat' dir='ltr'><strong>ardebant.</strong></span> 
     </span>
    </p>
   </div>
   <div class='ocr_carea' id='block_1_15' title="bbox 352 1364 1949 1439">
    <p class='ocr_par' dir='ltr' id='par_1_15' title="bbox 352 1364 1949 1439">
     <span class='ocr_line' id='line_1_15' title="bbox 352 1364 1949 1439; baseline -0.001 -18"><span class='ocrx_word' id='word_1_94' title='bbox 352 1381 670 1439; x_wconf 87' lang='lat' dir='ltr'><strong>corporeum</strong></span> <span class='ocrx_word' id='word_1_95' title='bbox 690 1365 1110 1439; x_wconf 79' lang='lat' dir='ltr'><strong>seusibilemqne</strong></span> <span class='ocrx_word' id='word_1_96' title='bbox 1127 1381 1246 1420; x_wconf 84' lang='lat' dir='ltr'><strong>esse</strong></span> <span class='ocrx_word' id='word_1_97' title='bbox 1269 1382 1376 1420; x_wconf 89' lang='lat' dir='ltr'><strong>non</strong></span> <span class='ocrx_word' id='word_1_98' title='bbox 1398 1364 1664 1420; x_wconf 81' lang='lat' dir='ltr'><strong>dubitant.</strong></span> <span class='ocrx_word' id='word_1_99' title='bbox 1689 1365 1949 1421; x_wconf 78' lang='lat' dir='ltr'><strong>Similiter</strong></span> 
     </span>
    </p>
   </div>
   <div class='ocr_carea' id='block_1_16' title="bbox 353 1436 1946 1527">
    <p class='ocr_par' dir='ltr' id='par_1_16' title="bbox 353 1436 1946 1527">
     <span class='ocr_line' id='line_1_16' title="bbox 353 1436 1946 1527; baseline 0 -15"><span class='ocrx_word' id='word_1_100' title='bbox 353 1462 419 1512; x_wconf 83' lang='lat' dir='ltr'><strong>de</strong></span> <span class='ocrx_word' id='word_1_101' title='bbox 447 1457 720 1513; x_wconf 76' lang='lat' dir='ltr'><strong>vermibus</strong></span> <span class='ocrx_word' id='word_1_102' title='bbox 753 1473 860 1513; x_wconf 85' lang='lat' dir='ltr'><strong>non</strong></span> <span class='ocrx_word' id='word_1_103' title='bbox 886 1436 1183 1524; x_wconf 60' lang='lat' dir='ltr'><strong>morituiis,</strong></span> <span class='ocrx_word' id='word_1_104' title='bbox 1221 1457 1396 1526; x_wconf 86' lang='lat' dir='ltr'><strong>deque</strong></span> <span class='ocrx_word' id='word_1_105' title='bbox 1422 1467 1615 1527; x_wconf 81' lang='lat' dir='ltr'><strong>stagno</strong></span> <span class='ocrx_word' id='word_1_106' title='bbox 1655 1458 1946 1526; x_wconf 84' lang='lat' dir='ltr'><strong>sulphureo</strong></span> 
     </span>
    </p>
   </div>
   <div class='ocr_carea' id='block_1_17' title="bbox 349 1546 1945 1620">
    <p class='ocr_par' dir='ltr' id='par_1_17' title="bbox 349 1546 1945 1620">
     <span class='ocr_line' id='line_1_17' title="bbox 349 1546 1945 1620; baseline -0.004 -14"><span class='ocrx_word' id='word_1_107' title='bbox 349 1550 537 1606; x_wconf 46' lang='lat' dir='ltr'><strong>tuis-icio</strong></span> <span class='ocrx_word' id='word_1_108' title='bbox 556 1547 684 1620; x_wconf 86' lang='lat' dir='ltr'><strong>quid</strong></span> <span class='ocrx_word' id='word_1_109' title='bbox 705 1548 995 1604; x_wconf 86' lang='lat' dir='ltr'><strong>satuuiant.</strong></span> <span class='ocrx_word' id='word_1_110' title='bbox 1033 1546 1350 1620; x_wconf 70' lang='lat' dir='ltr'><strong>Carpon-alia</strong></span> <span class='ocrx_word' id='word_1_111' title='bbox 1373 1555 1550 1602; x_wconf 75' lang='lat' dir='ltr'><strong>tamen</strong></span> <span class='ocrx_word' id='word_1_112' title='bbox 1573 1556 1736 1618; x_wconf 77' lang='lat' dir='ltr'><strong>atque</strong></span> <span class='ocrx_word' id='word_1_113' title='bbox 1759 1547 1945 1601; x_wconf 80' lang='lat' dir='ltr'><strong>localia</strong></span> 
     </span>
    </p>
   </div>
   <div class='ocr_carea' id='block_1_18' title="bbox 353 1633 1945 1698">
    <p class='ocr_par' dir='ltr' id='par_1_18' title="bbox 353 1633 1945 1698">
     <span class='ocr_line' id='line_1_18' title="bbox 353 1633 1945 1698; baseline -0.001 -1"><span class='ocrx_word' id='word_1_114' title='bbox 353 1643 486 1697; x_wconf 77' lang='lat' dir='ltr'><strong>haec</strong></span> <span class='ocrx_word' id='word_1_115' title='bbox 515 1633 705 1698; x_wconf 83' lang='lat' dir='ltr'><strong>omnia</strong></span> <span class='ocrx_word' id='word_1_116' title='bbox 729 1654 850 1696; x_wconf 82' lang='lat' dir='ltr'><strong>esse</strong></span> <span class='ocrx_word' id='word_1_117' title='bbox 893 1633 1268 1696; x_wconf 70' lang='lat' dir='ltr'><strong>iucunCIantcr</strong></span> <span class='ocrx_word' id='word_1_118' title='bbox 1309 1637 1578 1694; x_wconf 78' lang='lat' dir='ltr'><strong>aliirmant</strong></span> <span class='ocrx_word' id='word_1_119' title='bbox 1615 1657 1628 1693; x_wconf 77' lang='grc' dir='ltr'><strong>ε</strong></span> <span class='ocrx_word' id='word_1_120' title='bbox 1675 1639 1945 1695; x_wconf 88' lang='lat' dir='ltr'><strong>masculos</strong></span> 
     </span>
    </p>
   </div>
   <div class='ocr_carea' id='block_1_19' title="bbox 2050 451 3628 537">
    <p class='ocr_par' dir='ltr' id='par_1_19' title="bbox 2050 451 3628 537">
     <span class='ocr_line' id='line_1_19' title="bbox 2050 451 3628 537; baseline 0.015 -36"><span class='ocrx_word' id='word_1_121' title='bbox 2050 451 2284 523; x_wconf 83' lang='lat' dir='ltr'><strong>qualiter</strong></span> <span class='ocrx_word' id='word_1_122' title='bbox 2309 454 2528 511; x_wconf 69' lang='grc' dir='ltr'>ιξιιειιιιιό</span> <span class='ocrx_word' id='word_1_123' title='bbox 2561 470 2638 513; x_wconf 83' lang='lat' dir='ltr'><strong>est</strong></span> <span class='ocrx_word' id='word_1_124' title='bbox 2675 473 3065 532; x_wconf 49' lang='lat' dir='ltr'><strong>resurgerepct</strong></span> <span class='ocrx_word' id='word_1_125' title='bbox 3093 466 3368 537; x_wconf 72' lang='lat' dir='ltr'><strong>angelicae</strong></span> <span class='ocrx_word' id='word_1_126' title='bbox 3403 477 3628 524; x_wconf 72' lang='lat' dir='ltr'><strong>naturae</strong></span> 
     </span>
    </p>
   </div>
   <div class='ocr_carea' id='block_1_20' title="bbox 2047 541 3625 622">
    <p class='ocr_par' dir='ltr' id='par_1_20' title="bbox 2047 541 3625 622">
     <span class='ocr_line' id='line_1_20' title="bbox 2047 541 3625 622; baseline 0.009 -26"><span class='ocrx_word' id='word_1_127' title='bbox 2047 541 2451 606; x_wconf 77' lang='lat' dir='ltr'><strong>similitudinem</strong></span> <span class='ocrx_word' id='word_1_128' title='bbox 2487 549 2778 617; x_wconf 77' lang='lat' dir='ltr'><strong>possidere.</strong></span> <span class='ocrx_word' id='word_1_129' title='bbox 2810 550 3100 622; x_wconf 74' lang='lat' dir='ltr'><strong>Superiora</strong></span> <span class='ocrx_word' id='word_1_130' title='bbox 3135 571 3262 611; x_wconf 74' lang='lat' dir='ltr'><strong>vero</strong></span> <span class='ocrx_word' id='word_1_131' title='bbox 3291 555 3471 610; x_wconf 83' lang='lat' dir='ltr'><strong>mundi</strong></span> <span class='ocrx_word' id='word_1_132' title='bbox 3499 571 3625 610; x_wconf 82' lang='lat' dir='ltr'><strong>sen-</strong></span> 
     </span>
    </p>
   </div>
   <div class='ocr_carea' id='block_1_21' title="bbox 2047 635 3628 712">
    <p class='ocr_par' dir='ltr' id='par_1_21' title="bbox 2047 635 3628 712">
     <span class='ocr_line' id='line_1_21' title="bbox 2047 635 3628 712; baseline 0.009 -23"><span class='ocrx_word' id='word_1_133' title='bbox 2047 635 2219 692; x_wconf 72' lang='lat' dir='ltr'><strong>sibilis</strong></span> <span class='ocrx_word' id='word_1_134' title='bbox 2249 638 2444 707; x_wconf 81' lang='lat' dir='ltr'><strong>Spatia,</strong></span> <span class='ocrx_word' id='word_1_135' title='bbox 2467 652 2605 708; x_wconf 82' lang='lat' dir='ltr'><strong>quae</strong></span> <span class='ocrx_word' id='word_1_136' title='bbox 2629 641 2880 697; x_wconf 77' lang='lat' dir='ltr'><strong>dicuntur</strong></span> <span class='ocrx_word' id='word_1_137' title='bbox 2905 645 3192 712; x_wconf 73' lang='lat' dir='ltr'><strong>aetherea,</strong></span> <span class='ocrx_word' id='word_1_138' title='bbox 3221 667 3248 698; x_wconf 77' lang='grc' dir='ltr'>τι</span> <span class='ocrx_word' id='word_1_139' title='bbox 3287 648 3409 703; x_wconf 71' lang='lat' dir='ltr'><strong>ltitia</strong></span> <span class='ocrx_word' id='word_1_140' title='bbox 3443 649 3580 706; x_wconf 68' lang='lat' dir='ltr'><strong>videi</strong></span> <span class='ocrx_word' id='word_1_141' title='bbox 3604 679 3628 689; x_wconf 91' lang='lat'><strong>-</strong></span> 
     </span>
    </p>
   </div>
   <div class='ocr_carea' id='block_1_22' title="bbox 2047 733 3692 808">
    <p class='ocr_par' dir='ltr' id='par_1_22' title="bbox 2047 733 3692 808">
     <span class='ocr_line' id='line_1_22' title="bbox 2047 733 3692 808; baseline 0.009 -30"><span class='ocrx_word' id='word_1_142' title='bbox 2047 734 2136 780; x_wconf 87' lang='lat' dir='ltr'><strong>cet</strong></span> <span class='ocrx_word' id='word_1_143' title='bbox 2175 742 2391 782; x_wconf 88' lang='lat' dir='ltr'><strong>sursum</strong></span> <span class='ocrx_word' id='word_1_144' title='bbox 2436 743 2624 799; x_wconf 75' lang='lat' dir='ltr'><strong>ret-sus</strong></span> <span class='ocrx_word' id='word_1_145' title='bbox 2660 747 2828 802; x_wconf 74' lang='lat' dir='ltr'><strong>usque</strong></span> <span class='ocrx_word' id='word_1_146' title='bbox 2868 733 2933 787; x_wconf 89' lang='lat' dir='ltr'><strong>ad</strong></span> <span class='ocrx_word' id='word_1_147' title='bbox 2979 745 3280 790; x_wconf 59' lang='lat' dir='ltr'><strong>extremum</strong></span> <span class='ocrx_word' id='word_1_148' title='bbox 3324 736 3629 808; x_wconf 60' lang='lat' dir='ltr'><strong>stalligcrae</strong></span> <span class='ocrx_word' id='word_1_149' title='bbox 3685 753 3692 759; x_wconf 85' lang='lat'>&#39;</span> 
     </span>
    </p>
   </div>
   <div class='ocr_carea' id='block_1_23' title="bbox 2045 815 3628 900">
    <p class='ocr_par' dir='ltr' id='par_1_23' title="bbox 2045 815 3628 900">
     <span class='ocr_line' id='line_1_23' title="bbox 2045 815 3628 900; baseline 0.006 -28"><span class='ocrx_word' id='word_1_150' title='bbox 2045 815 2311 887; x_wconf 69' lang='lat' dir='ltr'><strong>Sphaerae</strong></span> <span class='ocrx_word' id='word_1_151' title='bbox 2343 820 2626 888; x_wconf 75' lang='lat' dir='ltr'><strong>ambitum,</strong></span> <span class='ocrx_word' id='word_1_152' title='bbox 2659 823 2976 894; x_wconf 82' lang='lat' dir='ltr'><strong>corporibus</strong></span> <span class='ocrx_word' id='word_1_153' title='bbox 3001 836 3316 881; x_wconf 84' lang='lat' dir='ltr'><strong>sanctorum</strong></span> <span class='ocrx_word' id='word_1_154' title='bbox 3337 828 3389 882; x_wconf 90' lang='lat' dir='ltr'><strong>iu</strong></span> <span class='ocrx_word' id='word_1_155' title='bbox 3418 835 3628 900; x_wconf 46' lang='lat' dir='ltr'><strong>posses—</strong></span> 
     </span>
    </p>
   </div>
   <div class='ocr_carea' id='block_1_24' title="bbox 2046 907 3626 986">
    <p class='ocr_par' dir='ltr' id='par_1_24' title="bbox 2046 907 3626 986">
     <span class='ocr_line' id='line_1_24' title="bbox 2046 907 3626 986; baseline 0.01 -24"><span class='ocrx_word' id='word_1_156' title='bbox 2046 907 2256 964; x_wconf 78' lang='lat' dir='ltr'><strong>sionem</strong></span> <span class='ocrx_word' id='word_1_157' title='bbox 2292 923 2602 982; x_wconf 70' lang='lat' dir='ltr'><strong>segrcgant,</strong></span> <span class='ocrx_word' id='word_1_158' title='bbox 2639 915 2966 982; x_wconf 73' lang='lat' dir='ltr'><strong>rationabili,</strong></span> <span class='ocrx_word' id='word_1_159' title='bbox 2996 925 3052 971; x_wconf 86' lang='lat' dir='ltr'><strong>ut</strong></span> <span class='ocrx_word' id='word_1_160' title='bbox 3075 917 3155 973; x_wconf 89' lang='lat' dir='ltr'><strong>eis</strong></span> <span class='ocrx_word' id='word_1_161' title='bbox 3181 918 3412 986; x_wconf 73' lang='lat' dir='ltr'><strong>videtur,</strong></span> <span class='ocrx_word' id='word_1_162' title='bbox 3442 921 3626 978; x_wconf 73' lang='lat' dir='ltr'><strong>distri—</strong></span> 
     </span>
    </p>
   </div>
   <div class='ocr_carea' id='block_1_25' title="bbox 2045 987 3661 1079">
    <p class='ocr_par' dir='ltr' id='par_1_25' title="bbox 2045 987 3661 1079">
     <span class='ocr_line' id='line_1_25' title="bbox 2045 987 3661 1079; baseline 0.008 -25"><span class='ocrx_word' id='word_1_163' title='bbox 2045 987 2284 1063; x_wconf 77' lang='lat' dir='ltr'><strong>butione,</strong></span> <span class='ocrx_word' id='word_1_164' title='bbox 2309 999 2523 1056; x_wconf 85' lang='lat' dir='ltr'><strong>intimas</strong></span> <span class='ocrx_word' id='word_1_165' title='bbox 2551 1003 2767 1072; x_wconf 76' lang='lat' dir='ltr'><strong>quidem</strong></span> <span class='ocrx_word' id='word_1_166' title='bbox 2794 1004 3220 1079; x_wconf 79' lang='lat' dir='ltr'><strong>caliginosasque</strong></span> <span class='ocrx_word' id='word_1_167' title='bbox 3243 1009 3422 1063; x_wconf 77' lang='lat' dir='ltr'><strong>mutuli</strong></span> <span class='ocrx_word' id='word_1_168' title='bbox 3447 1019 3629 1079; x_wconf 77' lang='lat' dir='ltr'><strong>partes</strong></span> <span class='ocrx_word' id='word_1_169' title='bbox 3653 1021 3661 1030; x_wconf 90' lang='lat'><strong>&#39;</strong></span> 
     </span>
    </p>
   </div>
   <div class='ocr_carea' id='block_1_26' title="bbox 2046 1089 3628 1172">
    <p class='ocr_par' dir='ltr' id='par_1_26' title="bbox 2046 1089 3628 1172">
     <span class='ocr_line' id='line_1_26' title="bbox 2046 1089 3628 1172; baseline 0.008 -29"><span class='ocrx_word' id='word_1_170' title='bbox 2046 1089 2221 1161; x_wconf 81' lang='lat' dir='ltr'><strong>dignis</strong></span> <span class='ocrx_word' id='word_1_171' title='bbox 2261 1089 2556 1162; x_wconf 77' lang='lat' dir='ltr'><strong>supplicio,</strong></span> <span class='ocrx_word' id='word_1_172' title='bbox 2595 1111 2836 1151; x_wconf 82' lang='lat' dir='ltr'><strong>sumuuts</strong></span> <span class='ocrx_word' id='word_1_173' title='bbox 2871 1111 2999 1152; x_wconf 72' lang='lat' dir='ltr'><strong>vero</strong></span> <span class='ocrx_word' id='word_1_174' title='bbox 3041 1097 3350 1172; x_wconf 79' lang='lat' dir='ltr'><strong>lucidasque</strong></span> <span class='ocrx_word' id='word_1_175' title='bbox 3390 1103 3628 1171; x_wconf 77' lang='lat' dir='ltr'><strong>praemio</strong></span> 
     </span>
    </p>
   </div>
   <div class='ocr_carea' id='block_1_27' title="bbox 2002 1177 3626 1256">
    <p class='ocr_par' dir='ltr' id='par_1_27' title="bbox 2002 1177 3626 1256">
     <span class='ocr_line' id='line_1_27' title="bbox 2002 1177 3626 1256; baseline 0.009 -24"><span class='ocrx_word' id='word_1_176' title='bbox 2002 1201 2011 1206; x_wconf 87' lang='grc'><strong>-</strong></span> <span class='ocrx_word' id='word_1_177' title='bbox 2045 1177 2472 1238; x_wconf 74' lang='lat' dir='ltr'><strong>honoriﬁcamlis</strong></span> <span class='ocrx_word' id='word_1_178' title='bbox 2495 1184 2770 1240; x_wconf 71' lang='lat' dir='ltr'><strong>ordinare.</strong></span> <span class='ocrx_word' id='word_1_179' title='bbox 2803 1185 2916 1256; x_wconf 83' lang='lat' dir='ltr'><strong>ipsa</strong></span> <span class='ocrx_word' id='word_1_180' title='bbox 2953 1189 3117 1242; x_wconf 86' lang='lat' dir='ltr'><strong>etiam</strong></span> <span class='ocrx_word' id='word_1_181' title='bbox 3157 1200 3466 1246; x_wconf 85' lang='lat' dir='ltr'><strong>sanctorum</strong></span> <span class='ocrx_word' id='word_1_182' title='bbox 3503 1207 3626 1246; x_wconf 58' lang='lat' dir='ltr'><strong>cur-</strong></span> 
     </span>
    </p>
   </div>
   <div class='ocr_carea' id='block_1_28' title="bbox 2044 1270 3629 1349">
    <p class='ocr_par' dir='ltr' id='par_1_28' title="bbox 2044 1270 3629 1349">
     <span class='ocr_line' id='line_1_28' title="bbox 2044 1270 3629 1349; baseline 0.009 -26"><span class='ocrx_word' id='word_1_183' title='bbox 2044 1286 2174 1341; x_wconf 86' lang='lat' dir='ltr'><strong>pora</strong></span> <span class='ocrx_word' id='word_1_184' title='bbox 2192 1270 2404 1338; x_wconf 84' lang='lat' dir='ltr'><strong>localia,</strong></span> <span class='ocrx_word' id='word_1_185' title='bbox 2422 1273 2640 1344; x_wconf 77' lang='lat' dir='ltr'><strong>suisque</strong></span> <span class='ocrx_word' id='word_1_186' title='bbox 2661 1277 3048 1345; x_wconf 75' lang='lat' dir='ltr'><strong>quantitatibus</strong></span> <span class='ocrx_word' id='word_1_187' title='bbox 3069 1279 3426 1349; x_wconf 87' lang='lat' dir='ltr'><strong>corporalium</strong></span> <span class='ocrx_word' id='word_1_188' title='bbox 3458 1297 3629 1338; x_wconf 88' lang='lat' dir='ltr'><strong>mem-</strong></span> 
     </span>
    </p>
   </div>
   <div class='ocr_carea' id='block_1_29' title="bbox 2043 1361 3622 1441">
    <p class='ocr_par' dir='ltr' id='par_1_29' title="bbox 2043 1361 3622 1441">
     <span class='ocr_line' id='line_1_29' title="bbox 2043 1361 3622 1441; baseline 0.005 -23"><span class='ocrx_word' id='word_1_189' title='bbox 2043 1361 2296 1430; x_wconf 79' lang='lat' dir='ltr'><strong>brorum,</strong></span> <span class='ocrx_word' id='word_1_190' title='bbox 2341 1367 2682 1437; x_wconf 81' lang='lat' dir='ltr'><strong>propriisqne</strong></span> <span class='ocrx_word' id='word_1_191' title='bbox 2725 1367 2948 1423; x_wconf 88' lang='lat' dir='ltr'><strong>staturis</strong></span> <span class='ocrx_word' id='word_1_192' title='bbox 2993 1370 3437 1441; x_wconf 85' lang='lat' dir='ltr'><strong>circumscripta.</strong></span> <span class='ocrx_word' id='word_1_193' title='bbox 3489 1387 3622 1428; x_wconf 77' lang='lat' dir='ltr'><strong>sexu</strong></span> 
     </span>
    </p>
   </div>
   <div class='ocr_carea' id='block_1_30' title="bbox 2047 1448 3628 1534">
    <p class='ocr_par' dir='ltr' id='par_1_30' title="bbox 2047 1448 3628 1534">
     <span class='ocr_line' id='line_1_30' title="bbox 2047 1448 3628 1534; baseline 0.008 -27"><span class='ocrx_word' id='word_1_194' title='bbox 2047 1458 2262 1528; x_wconf 83' lang='lat' dir='ltr'><strong>quoque</strong></span> <span class='ocrx_word' id='word_1_195' title='bbox 2290 1448 2428 1512; x_wconf 71' lang='lat' dir='ltr'><strong>rit-il“:</strong></span> <span class='ocrx_word' id='word_1_196' title='bbox 2457 1457 2798 1530; x_wconf 76' lang='lat' dir='ltr'><strong>feuiineoque</strong></span> <span class='ocrx_word' id='word_1_197' title='bbox 2823 1459 3059 1524; x_wconf 83' lang='lat' dir='ltr'><strong>discreta</strong></span> <span class='ocrx_word' id='word_1_198' title='bbox 3105 1459 3283 1518; x_wconf 81' lang='lat' dir='ltr'><strong>futura</strong></span> <span class='ocrx_word' id='word_1_199' title='bbox 3325 1479 3446 1522; x_wconf 81' lang='lat' dir='ltr'><strong>esse</strong></span> <span class='ocrx_word' id='word_1_200' title='bbox 3469 1479 3628 1534; x_wconf 81' lang='lat' dir='ltr'><strong>prae-</strong></span> 
     </span>
    </p>
   </div>
   <div class='ocr_carea' id='block_1_31' title="bbox 2045 1547 3626 1625">
    <p class='ocr_par' dir='ltr' id='par_1_31' title="bbox 2045 1547 3626 1625">
     <span class='ocr_line' id='line_1_31' title="bbox 2045 1547 3626 1625; baseline 0.006 -24"><span class='ocrx_word' id='word_1_201' title='bbox 2045 1547 2230 1602; x_wconf 79' lang='lat' dir='ltr'><strong>dicare</strong></span> <span class='ocrx_word' id='word_1_202' title='bbox 2263 1564 2368 1625; x_wconf 74' lang='lat' dir='ltr'><strong>non</strong></span> <span class='ocrx_word' id='word_1_203' title='bbox 2408 1551 2719 1623; x_wconf 71' lang='lat' dir='ltr'><strong>trepidant;</strong></span> <span class='ocrx_word' id='word_1_204' title='bbox 2747 1553 2950 1606; x_wconf 86' lang='lat' dir='ltr'><strong>mutata</strong></span> <span class='ocrx_word' id='word_1_205' title='bbox 2986 1561 3168 1608; x_wconf 83' lang='lat' dir='ltr'><strong>tamen</strong></span> <span class='ocrx_word' id='word_1_206' title='bbox 3213 1555 3265 1607; x_wconf 91' lang='lat' dir='ltr'><strong>in</strong></span> <span class='ocrx_word' id='word_1_207' title='bbox 3312 1556 3626 1624; x_wconf 77' lang='lat' dir='ltr'><strong>spirituales</strong></span> 
     </span>
    </p>
   </div>
   <div class='ocr_carea' id='block_1_32' title="bbox 2046 1643 3625 1714">
    <p class='ocr_par' dir='ltr' id='par_1_32' title="bbox 2046 1643 3625 1714">
     <span class='ocr_line' id='line_1_32' title="bbox 2046 1643 3625 1714; baseline 0.004 -19"><span class='ocrx_word' id='word_1_208' title='bbox 2046 1643 2335 1712; x_wconf 85' lang='lat' dir='ltr'><strong>qualitates</strong></span> <span class='ocrx_word' id='word_1_209' title='bbox 2361 1643 2852 1714; x_wconf 76' lang='lat' dir='ltr'><strong>subtilissimasque</strong></span> <span class='ocrx_word' id='word_1_210' title='bbox 2876 1646 3224 1708; x_wconf 86' lang='lat' dir='ltr'><strong>substantias.</strong></span> <span class='ocrx_word' id='word_1_211' title='bbox 3249 1648 3625 1703; x_wconf 66' lang='lat' dir='ltr'><strong>actin-reorum</strong></span> 
     </span>
    </p>
   </div>
   <div class='ocr_carea' id='block_1_33' title="bbox 352 1723 3625 1808">
    <p class='ocr_par' dir='ltr' id='par_1_33' title="bbox 352 1723 3625 1808">
     <span class='ocr_line' id='line_1_33' title="bbox 352 1723 3625 1808; baseline 0.001 -17"><span class='ocrx_word' id='word_1_212' title='bbox 352 1736 404 1791; x_wconf 90' lang='lat' dir='ltr'><strong>in</strong></span> <span class='ocrx_word' id='word_1_213' title='bbox 459 1749 592 1792; x_wconf 73' lang='lat' dir='ltr'><strong>sexu</strong></span> <span class='ocrx_word' id='word_1_214' title='bbox 643 1733 942 1790; x_wconf 85' lang='lat' dir='ltr'><strong>masculino</strong></span> <span class='ocrx_word' id='word_1_215' title='bbox 971 1773 986 1801; x_wconf 91' lang='lat'><strong>,</strong></span> <span class='ocrx_word' id='word_1_216' title='bbox 1040 1732 1272 1789; x_wconf 82' lang='lat' dir='ltr'><strong>feminas</strong></span> <span class='ocrx_word' id='word_1_217' title='bbox 1318 1733 1371 1787; x_wconf 91' lang='lat' dir='ltr'><strong>in</strong></span> <span class='ocrx_word' id='word_1_218' title='bbox 1436 1747 1566 1788; x_wconf 78' lang='lat' dir='ltr'><strong>sexu</strong></span> <span class='ocrx_word' id='word_1_219' title='bbox 1609 1731 1843 1787; x_wconf 88' lang='lat' dir='ltr'><strong>femineo</strong></span> <span class='ocrx_word' id='word_1_220' title='bbox 1891 1733 1942 1778; x_wconf 74' lang='grc' dir='ltr'>¹ι</span> <span class='ocrx_word' id='word_1_221' title='bbox 1976 1723 2020 1782; x_wconf 84' lang='grc' dir='ltr'><strong>Β</strong></span> <span class='ocrx_word' id='word_1_222' title='bbox 2049 1749 2334 1805; x_wconf 77' lang='lat' dir='ltr'><strong>corporum</strong></span> <span class='ocrx_word' id='word_1_223' title='bbox 2365 1736 2560 1802; x_wconf 84' lang='lat' dir='ltr'><strong>instar,</strong></span> <span class='ocrx_word' id='word_1_224' title='bbox 2586 1739 2658 1792; x_wconf 80' lang='lat' dir='ltr'><strong>ita</strong></span> <span class='ocrx_word' id='word_1_225' title='bbox 2685 1746 2766 1804; x_wconf 88' lang='lat' dir='ltr'><strong>ut,</strong></span> <span class='ocrx_word' id='word_1_226' title='bbox 2789 1735 2931 1808; x_wconf 83' lang='lat' dir='ltr'><strong>quae</strong></span> <span class='ocrx_word' id='word_1_227' title='bbox 2959 1739 3046 1794; x_wconf 87' lang='lat' dir='ltr'><strong>hic</strong></span> <span class='ocrx_word' id='word_1_228' title='bbox 3077 1748 3289 1796; x_wconf 86' lang='lat' dir='ltr'><strong>terrena</strong></span> <span class='ocrx_word' id='word_1_229' title='bbox 3317 1749 3374 1797; x_wconf 85' lang='lat' dir='ltr'><strong>ct</strong></span> <span class='ocrx_word' id='word_1_230' title='bbox 3399 1742 3625 1804; x_wconf 78' lang='lat' dir='ltr'><strong>caduca,</strong></span> 
     </span>
    </p>
   </div>
   <div class='ocr_carea' id='block_1_34' title="bbox 348 1825 1984 1903">
    <p class='ocr_par' dir='ltr' id='par_1_34' title="bbox 348 1825 1984 1903">
     <span class='ocr_line' id='line_1_34' title="bbox 348 1825 1984 1903; baseline -0.004 -17"><span class='ocrx_word' id='word_1_231' title='bbox 348 1832 700 1903; x_wconf 86' lang='lat' dir='ltr'><strong>propriosque</strong></span> <span class='ocrx_word' id='word_1_232' title='bbox 719 1828 1052 1902; x_wconf 82' lang='lat' dir='ltr'><strong>singulorum</strong></span> <span class='ocrx_word' id='word_1_233' title='bbox 1074 1829 1290 1884; x_wconf 82' lang='lat' dir='ltr'><strong>habitus</strong></span> <span class='ocrx_word' id='word_1_234' title='bbox 1313 1835 1711 1883; x_wconf 83' lang='lat' dir='ltr'><strong>resurrecturus</strong></span> <span class='ocrx_word' id='word_1_235' title='bbox 1726 1825 1940 1898; x_wconf 86' lang='lat' dir='ltr'><strong>publice</strong></span> <span class='ocrx_word' id='word_1_236' title='bbox 1976 1837 1984 1846; x_wconf 92' lang='lat'><strong>&#39;</strong></span> 
     </span>
    </p>
   </div>
   <div class='ocr_carea' id='block_1_35' title="bbox 350 1913 1937 1998">
    <p class='ocr_par' dir='ltr' id='par_1_35' title="bbox 350 1913 1937 1998">
     <span class='ocr_line' id='line_1_35' title="bbox 350 1913 1937 1998; baseline -0.006 -19"><span class='ocrx_word' id='word_1_237' title='bbox 350 1924 604 1988; x_wconf 79' lang='lat' dir='ltr'><strong>clatnant,</strong></span> <span class='ocrx_word' id='word_1_238' title='bbox 637 1937 737 1976; x_wconf 86' lang='lat' dir='ltr'><strong>nec</strong></span> <span class='ocrx_word' id='word_1_239' title='bbox 769 1921 875 1976; x_wconf 83' lang='lat' dir='ltr'><strong>non</strong></span> <span class='ocrx_word' id='word_1_240' title='bbox 905 1929 960 1975; x_wconf 87' lang='lat' dir='ltr'><strong>et</strong></span> <span class='ocrx_word' id='word_1_241' title='bbox 989 1917 1322 1998; x_wconf 75' lang='lat' dir='ltr'><strong>singulorum</strong></span> <span class='ocrx_word' id='word_1_242' title='bbox 1355 1915 1716 1972; x_wconf 83' lang='lat' dir='ltr'><strong>membrorum</strong></span> <span class='ocrx_word' id='word_1_243' title='bbox 1740 1913 1937 1978; x_wconf 82' lang='lat' dir='ltr'><strong>ollicia,</strong></span> 
     </span>
    </p>
   </div>
   <div class='ocr_carea' id='block_1_36' title="bbox 349 2006 1941 2077">
    <p class='ocr_par' dir='ltr' id='par_1_36' title="bbox 349 2006 1941 2077">
     <span class='ocr_line' id='line_1_36' title="bbox 349 2006 1941 2077; baseline -0.006 -7"><span class='ocrx_word' id='word_1_244' title='bbox 349 2014 442 2070; x_wconf 87' lang='lat' dir='ltr'><strong>sed</strong></span> <span class='ocrx_word' id='word_1_245' title='bbox 476 2028 582 2067; x_wconf 83' lang='lat' dir='ltr'><strong>non</strong></span> <span class='ocrx_word' id='word_1_246' title='bbox 619 2009 946 2075; x_wconf 87' lang='lat' dir='ltr'><strong>necessaria,</strong></span> <span class='ocrx_word' id='word_1_247' title='bbox 995 2024 1102 2063; x_wconf 89' lang='lat' dir='ltr'><strong>non</strong></span> <span class='ocrx_word' id='word_1_248' title='bbox 1157 2007 1432 2068; x_wconf 78' lang='lat' dir='ltr'><strong>defutura,</strong></span> <span class='ocrx_word' id='word_1_249' title='bbox 1481 2016 1771 2077; x_wconf 87' lang='lat' dir='ltr'><strong>ceteraque</strong></span> <span class='ocrx_word' id='word_1_250' title='bbox 1813 2006 1941 2061; x_wconf 86' lang='lat' dir='ltr'><strong>deli-</strong></span> 
     </span>
    </p>
   </div>
   <div class='ocr_carea' id='block_1_37' title="bbox 351 2097 1941 2178">
    <p class='ocr_par' dir='ltr' id='par_1_37' title="bbox 351 2097 1941 2178">
     <span class='ocr_line' id='line_1_37' title="bbox 351 2097 1941 2178; baseline -0.003 -19"><span class='ocrx_word' id='word_1_251' title='bbox 351 2113 591 2160; x_wconf 77' lang='lat' dir='ltr'><strong>ramenta</strong></span> <span class='ocrx_word' id='word_1_252' title='bbox 635 2105 694 2168; x_wconf 80' lang='grc'><strong>¹,</strong></span> <span class='ocrx_word' id='word_1_253' title='bbox 741 2115 880 2174; x_wconf 89' lang='lat' dir='ltr'><strong>quae</strong></span> <span class='ocrx_word' id='word_1_254' title='bbox 944 2109 1070 2178; x_wconf 78' lang='lat' dir='ltr'><strong>vera</strong></span> <span class='ocrx_word' id='word_1_255' title='bbox 1119 2100 1240 2172; x_wconf 85' lang='lat' dir='ltr'><strong>plus</strong></span> <span class='ocrx_word' id='word_1_256' title='bbox 1287 2099 1490 2155; x_wconf 84' lang='lat' dir='ltr'><strong>deridet</strong></span> <span class='ocrx_word' id='word_1_257' title='bbox 1537 2114 1698 2170; x_wconf 82' lang='lat' dir='ltr'><strong>quant</strong></span> <span class='ocrx_word' id='word_1_258' title='bbox 1745 2097 1941 2154; x_wconf 84' lang='lat' dir='ltr'><strong>astruit</strong></span> 
     </span>
    </p>
   </div>
   <div class='ocr_carea' id='block_1_38' title="bbox 347 2191 1939 2258">
    <p class='ocr_par' dir='ltr' id='par_1_38' title="bbox 347 2191 1939 2258">
     <span class='ocr_line' id='line_1_38' title="bbox 347 2191 1939 2258; baseline -0.005 -4"><span class='ocrx_word' id='word_1_259' title='bbox 347 2199 504 2258; x_wconf 82' lang='lat' dir='ltr'><strong>ratio.</strong></span> <span class='ocrx_word' id='word_1_260' title='bbox 571 2197 791 2252; x_wconf 83' lang='lat' dir='ltr'><strong>Duobus</strong></span> <span class='ocrx_word' id='word_1_261' title='bbox 855 2195 998 2250; x_wconf 89' lang='lat' dir='ltr'><strong>enim</strong></span> <span class='ocrx_word' id='word_1_262' title='bbox 1071 2193 1440 2249; x_wconf 68' lang='lat' dir='ltr'><strong>commatibus&#39;</strong></span> <span class='ocrx_word' id='word_1_263' title='bbox 1501 2191 1775 2248; x_wconf 85' lang='lat' dir='ltr'><strong>concludit</strong></span> <span class='ocrx_word' id='word_1_264' title='bbox 1844 2205 1939 2246; x_wconf 86' lang='lat' dir='ltr'><strong>eos</strong></span> 
     </span>
    </p>
   </div>
   <div class='ocr_carea' id='block_1_39' title="bbox 343 2283 1937 2361">
    <p class='ocr_par' dir='ltr' id='par_1_39' title="bbox 343 2283 1937 2361">
     <span class='ocr_line' id='line_1_39' title="bbox 343 2283 1937 2361; baseline -0.006 -15"><span class='ocrx_word' id='word_1_265' title='bbox 343 2289 637 2361; x_wconf 76' lang='lat' dir='ltr'><strong>Apostolus</strong></span> <span class='ocrx_word' id='word_1_266' title='bbox 668 2329 684 2356; x_wconf 93' lang='lat'><strong>,</strong></span> <span class='ocrx_word' id='word_1_267' title='bbox 725 2288 792 2343; x_wconf 88' lang='lat' dir='ltr'><strong>de</strong></span> <span class='ocrx_word' id='word_1_268' title='bbox 827 2285 1066 2360; x_wconf 76' lang='lat' dir='ltr'><strong>generali</strong></span> <span class='ocrx_word' id='word_1_269' title='bbox 1109 2288 1351 2340; x_wconf 89' lang='lat' dir='ltr'><strong>omnium</strong></span> <span class='ocrx_word' id='word_1_270' title='bbox 1403 2283 1760 2340; x_wconf 88' lang='lat' dir='ltr'><strong>humanorum</strong></span> <span class='ocrx_word' id='word_1_271' title='bbox 1813 2298 1937 2340; x_wconf 87' lang='lat' dir='ltr'><strong>cor-</strong></span> 
     </span>
    </p>
   </div>
   <div class='ocr_carea' id='block_1_40' title="bbox 343 2369 1938 2452">
    <p class='ocr_par' dir='ltr' id='par_1_40' title="bbox 343 2369 1938 2452">
     <span class='ocr_line' id='line_1_40' title="bbox 343 2369 1938 2452; baseline -0.004 -17"><span class='ocrx_word' id='word_1_272' title='bbox 343 2395 538 2452; x_wconf 81' lang='lat' dir='ltr'><strong>porum</strong></span> <span class='ocrx_word' id='word_1_273' title='bbox 611 2377 1008 2435; x_wconf 83' lang='lat' dir='ltr'><strong>resurrectionc</strong></span> <span class='ocrx_word' id='word_1_274' title='bbox 1080 2374 1402 2445; x_wconf 82' lang='lat' dir='ltr'><strong>praedicans</strong></span> <span class='ocrx_word' id='word_1_275' title='bbox 1455 2391 1471 2428; x_wconf 87' lang='lat'><strong>:</strong></span> <span class='ocrx_word' id='word_1_276' title='bbox 1519 2369 1822 2428; x_wconf 84' lang='lat' dir='ltr'><strong>SeminaIur</strong></span> <span class='ocrx_word' id='word_1_277' title='bbox 1880 2374 1938 2428; x_wconf 84' lang='lat' dir='ltr'><strong>in</strong></span> 
     </span>
    </p>
   </div>
   <div class='ocr_carea' id='block_1_41' title="bbox 344 2463 1936 2540">
    <p class='ocr_par' dir='ltr' id='par_1_41' title="bbox 344 2463 1936 2540">
     <span class='ocr_line' id='line_1_41' title="bbox 344 2463 1936 2540; baseline -0.004 -13"><span class='ocrx_word' id='word_1_278' title='bbox 344 2471 680 2536; x_wconf 76' lang='lat' dir='ltr'><strong>contumelia,</strong></span> <span class='ocrx_word' id='word_1_279' title='bbox 707 2466 880 2540; x_wconf 76' lang='lat' dir='ltr'><strong>surget</strong></span> <span class='ocrx_word' id='word_1_280' title='bbox 907 2469 962 2521; x_wconf 86' lang='lat' dir='ltr'><strong>in</strong></span> <span class='ocrx_word' id='word_1_281' title='bbox 987 2466 1157 2538; x_wconf 82' lang='lat' dir='ltr'><strong>gloria</strong></span> <span class='ocrx_word' id='word_1_282' title='bbox 1183 2480 1202 2522; x_wconf 89' lang='lat'><strong><em>:</em></strong></span> <span class='ocrx_word' id='word_1_283' title='bbox 1226 2466 1516 2522; x_wconf 70' lang='lat' dir='ltr'><strong>seminatur</strong></span> <span class='ocrx_word' id='word_1_284' title='bbox 1536 2467 1588 2520; x_wconf 87' lang='lat' dir='ltr'><strong>in</strong></span> <span class='ocrx_word' id='word_1_285' title='bbox 1611 2463 1936 2535; x_wconf 73' lang='lat' dir='ltr'><strong>inﬁrmitate,</strong></span> 
     </span>
    </p>
   </div>
   <div class='ocr_carea' id='block_1_42' title="bbox 345 2555 1938 2636">
    <p class='ocr_par' dir='ltr' id='par_1_42' title="bbox 345 2555 1938 2636">
     <span class='ocr_line' id='line_1_42' title="bbox 345 2555 1938 2636; baseline -0.005 -17"><span class='ocrx_word' id='word_1_286' title='bbox 345 2573 519 2636; x_wconf 81' lang='lat' dir='ltr'><strong>surget</strong></span> <span class='ocrx_word' id='word_1_287' title='bbox 561 2563 614 2618; x_wconf 86' lang='lat' dir='ltr'><strong>in</strong></span> <span class='ocrx_word' id='word_1_288' title='bbox 651 2562 860 2617; x_wconf 80' lang='lat' dir='ltr'><strong>uirtute.</strong></span> <span class='ocrx_word' id='word_1_289' title='bbox 905 2558 962 2616; x_wconf 88' lang='lat' dir='ltr'><strong>Si</strong></span> <span class='ocrx_word' id='word_1_290' title='bbox 992 2573 1124 2628; x_wconf 74' lang='lat' dir='ltr'><strong>ergo</strong></span> <span class='ocrx_word' id='word_1_291' title='bbox 1149 2559 1332 2614; x_wconf 83' lang='lat' dir='ltr'><strong>omnia</strong></span> <span class='ocrx_word' id='word_1_292' title='bbox 1359 2571 1588 2629; x_wconf 85' lang='lat' dir='ltr'><strong>corpora</strong></span> <span class='ocrx_word' id='word_1_293' title='bbox 1613 2563 1836 2632; x_wconf 77' lang='lat' dir='ltr'><strong>surgent</strong></span> <span class='ocrx_word' id='word_1_294' title='bbox 1882 2555 1938 2612; x_wconf 85' lang='lat' dir='ltr'><strong>in</strong></span> 
     </span>
    </p>
   </div>
   <div class='ocr_carea' id='block_1_43' title="bbox 344 2645 1940 2724">
    <p class='ocr_par' dir='ltr' id='par_1_43' title="bbox 344 2645 1940 2724">
     <span class='ocr_line' id='line_1_43' title="bbox 344 2645 1940 2724; baseline -0.003 -18"><span class='ocrx_word' id='word_1_295' title='bbox 344 2652 516 2724; x_wconf 63' lang='lat' dir='ltr'><strong>gloria</strong></span> <span class='ocrx_word' id='word_1_296' title='bbox 537 2663 592 2710; x_wconf 89' lang='lat' dir='ltr'><strong>et</strong></span> <span class='ocrx_word' id='word_1_297' title='bbox 619 2651 819 2707; x_wconf 84' lang='lat' dir='ltr'><strong>virtute</strong></span> <span class='ocrx_word' id='word_1_298' title='bbox 839 2691 856 2718; x_wconf 91' lang='lat'><strong>,</strong></span> <span class='ocrx_word' id='word_1_299' title='bbox 887 2649 1064 2704; x_wconf 88' lang='lat' dir='ltr'><strong>ablata</strong></span> <span class='ocrx_word' id='word_1_300' title='bbox 1091 2649 1238 2704; x_wconf 89' lang='lat' dir='ltr'><strong>oumi</strong></span> <span class='ocrx_word' id='word_1_301' title='bbox 1266 2647 1593 2704; x_wconf 86' lang='lat' dir='ltr'><strong>contumelia</strong></span> <span class='ocrx_word' id='word_1_302' title='bbox 1623 2655 1680 2702; x_wconf 88' lang='lat' dir='ltr'><strong>et</strong></span> <span class='ocrx_word' id='word_1_303' title='bbox 1717 2645 1940 2702; x_wconf 79' lang='lat' dir='ltr'><strong>infirmi-</strong></span> 
     </span>
    </p>
   </div>
   <div class='ocr_carea' id='block_1_44' title="bbox 2043 1819 3675 1901">
    <p class='ocr_par' dir='ltr' id='par_1_44' title="bbox 2043 1819 3675 1901">
     <span class='ocr_line' id='line_1_44' title="bbox 2043 1819 3675 1901; baseline 0.004 -20"><span class='ocrx_word' id='word_1_304' title='bbox 2043 1825 2153 1884; x_wconf 76' lang='lat' dir='ltr'><strong>illic</strong></span> <span class='ocrx_word' id='word_1_305' title='bbox 2182 1826 2435 1882; x_wconf 83' lang='lat' dir='ltr'><strong>caelestia</strong></span> <span class='ocrx_word' id='word_1_306' title='bbox 2465 1839 2517 1882; x_wconf 87' lang='lat' dir='ltr'><strong>et</strong></span> <span class='ocrx_word' id='word_1_307' title='bbox 2544 1819 2764 1884; x_wconf 81' lang='lat' dir='ltr'><strong>aeterna</strong></span> <span class='ocrx_word' id='word_1_308' title='bbox 2787 1870 2802 1893; x_wconf 92' lang='lat'><strong>,</strong></span> <span class='ocrx_word' id='word_1_309' title='bbox 2835 1845 2972 1900; x_wconf 86' lang='lat' dir='ltr'><strong>quae</strong></span> <span class='ocrx_word' id='word_1_310' title='bbox 3007 1831 3097 1886; x_wconf 86' lang='lat' dir='ltr'><strong>hic</strong></span> <span class='ocrx_word' id='word_1_311' title='bbox 3131 1825 3327 1901; x_wconf 76' lang='lat' dir='ltr'><strong>gravia&#39;</strong></span> <span class='ocrx_word' id='word_1_312' title='bbox 3353 1842 3405 1887; x_wconf 87' lang='lat' dir='ltr'><strong>et</strong></span> <span class='ocrx_word' id='word_1_313' title='bbox 3435 1849 3626 1888; x_wconf 83' lang='lat' dir='ltr'><strong>corru-</strong></span> <span class='ocrx_word' id='word_1_314' title='bbox 3673 1835 3675 1837; x_wconf 80' lang='grc'><strong>’</strong></span> 
     </span>
    </p>
   </div>
   <div class='ocr_carea' id='block_1_45' title="bbox 2040 1919 3627 1992">
    <p class='ocr_par' dir='ltr' id='par_1_45' title="bbox 2040 1919 3627 1992">
     <span class='ocr_line' id='line_1_45' title="bbox 2040 1919 3627 1992; baseline 0.004 -19"><span class='ocrx_word' id='word_1_315' title='bbox 2040 1920 2283 1992; x_wconf 88' lang='lat' dir='ltr'><strong>ptibilia,</strong></span> <span class='ocrx_word' id='word_1_316' title='bbox 2324 1919 2433 1977; x_wconf 87' lang='lat' dir='ltr'><strong>illic</strong></span> <span class='ocrx_word' id='word_1_317' title='bbox 2471 1923 2618 1976; x_wconf 89' lang='lat' dir='ltr'><strong>omni</strong></span> <span class='ocrx_word' id='word_1_318' title='bbox 2660 1923 3212 1990; x_wconf 82' lang='lat' dir='ltr'><strong>ponderecarcntia,</strong></span> <span class='ocrx_word' id='word_1_319' title='bbox 3251 1921 3398 1980; x_wconf 82' lang='lat' dir='ltr'><strong>omni</strong></span> <span class='ocrx_word' id='word_1_320' title='bbox 3439 1941 3627 1981; x_wconf 56' lang='lat' dir='ltr'><strong>eorm.</strong></span> 
     </span>
    </p>
   </div>
   <div class='ocr_carea' id='block_1_46' title="bbox 2040 2011 3624 2088">
    <p class='ocr_par' dir='ltr' id='par_1_46' title="bbox 2040 2011 3624 2088">
     <span class='ocr_line' id='line_1_46' title="bbox 2040 2011 3624 2088; baseline 0.003 -22"><span class='ocrx_word' id='word_1_321' title='bbox 2040 2011 2223 2083; x_wconf 81' lang='lat' dir='ltr'><strong>ptione</strong></span> <span class='ocrx_word' id='word_1_322' title='bbox 2253 2011 2439 2076; x_wconf 82' lang='lat' dir='ltr'><strong>libera,</strong></span> <span class='ocrx_word' id='word_1_323' title='bbox 2469 2013 2794 2080; x_wconf 82' lang='lat' dir='ltr'><strong>tumirabili</strong></span> <span class='ocrx_word' id='word_1_324' title='bbox 2820 2013 3120 2082; x_wconf 84' lang='lat' dir='ltr'><strong>celeritate,</strong></span> <span class='ocrx_word' id='word_1_325' title='bbox 3149 2031 3624 2088; x_wconf 78' lang='lat' dir='ltr'><strong>quorsumcuuque</strong></span> 
     </span>
    </p>
   </div>
   <div class='ocr_carea' id='block_1_47' title="bbox 2041 2103 3624 2171">
    <p class='ocr_par' dir='ltr' id='par_1_47' title="bbox 2041 2103 3624 2171">
     <span class='ocr_line' id='line_1_47' title="bbox 2041 2103 3624 2171; baseline 0.004 -15"><span class='ocrx_word' id='word_1_326' title='bbox 2041 2103 2226 2171; x_wconf 69' lang='lat' dir='ltr'><strong>velint,</strong></span> <span class='ocrx_word' id='word_1_327' title='bbox 2252 2112 2455 2159; x_wconf 87' lang='lat' dir='ltr'><strong>tuotum</strong></span> <span class='ocrx_word' id='word_1_328' title='bbox 2483 2119 2638 2160; x_wconf 90' lang='lat' dir='ltr'><strong>suum</strong></span> <span class='ocrx_word' id='word_1_329' title='bbox 2663 2106 2940 2162; x_wconf 78' lang='lat' dir='ltr'><strong>oculorum</strong></span> <span class='ocrx_word' id='word_1_330' title='bbox 2972 2105 3148 2161; x_wconf 83' lang='lat' dir='ltr'><strong>radiis</strong></span> <span class='ocrx_word' id='word_1_331' title='bbox 3165 2107 3437 2162; x_wconf 78' lang='lat' dir='ltr'><strong>simillima</strong></span> <span class='ocrx_word' id='word_1_332' title='bbox 3469 2123 3624 2162; x_wconf 73' lang='lat' dir='ltr'><strong>exer-</strong></span> 
     </span>
    </p>
   </div>
   <div class='ocr_carea' id='block_1_48' title="bbox 2039 2197 3621 2270">
    <p class='ocr_par' dir='ltr' id='par_1_48' title="bbox 2039 2197 3621 2270">
     <span class='ocr_line' id='line_1_48' title="bbox 2039 2197 3621 2270; baseline 0.003 -20"><span class='ocrx_word' id='word_1_333' title='bbox 2039 2205 2228 2260; x_wconf 81' lang='lat' dir='ltr'><strong>ceant;</strong></span> <span class='ocrx_word' id='word_1_334' title='bbox 2256 2197 2436 2252; x_wconf 88' lang='lat' dir='ltr'><strong>omnia</strong></span> <span class='ocrx_word' id='word_1_335' title='bbox 2470 2206 2648 2251; x_wconf 80' lang='lat' dir='ltr'><strong>tmucn</strong></span> <span class='ocrx_word' id='word_1_336' title='bbox 2687 2197 2985 2268; x_wconf 77' lang='lat' dir='ltr'><strong>corporalia</strong></span> <span class='ocrx_word' id='word_1_337' title='bbox 3023 2214 3248 2270; x_wconf 82' lang='lat' dir='ltr'><strong>organa,</strong></span> <span class='ocrx_word' id='word_1_338' title='bbox 3283 2200 3332 2254; x_wconf 88' lang='lat' dir='ltr'><strong>id</strong></span> <span class='ocrx_word' id='word_1_339' title='bbox 3365 2211 3466 2263; x_wconf 84' lang='lat' dir='ltr'><strong>est,</strong></span> <span class='ocrx_word' id='word_1_340' title='bbox 3497 2216 3621 2256; x_wconf 79' lang='lat' dir='ltr'><strong>cor-</strong></span> 
     </span>
    </p>
   </div>
   <div class='ocr_carea' id='block_1_49' title="bbox 2038 2287 3624 2358">
    <p class='ocr_par' dir='ltr' id='par_1_49' title="bbox 2038 2287 3624 2358">
     <span class='ocr_line' id='line_1_49' title="bbox 2038 2287 3624 2358; baseline 0.002 -15"><span class='ocrx_word' id='word_1_341' title='bbox 2038 2287 2243 2358; x_wconf 81' lang='lat' dir='ltr'><strong>poralia</strong></span> <span class='ocrx_word' id='word_1_342' title='bbox 2275 2289 2512 2344; x_wconf 81' lang='lat' dir='ltr'><strong>Iucmln-a</strong></span> <span class='ocrx_word' id='word_1_343' title='bbox 2549 2290 2662 2346; x_wconf 86' lang='lat' dir='ltr'><strong>suis</strong></span> <span class='ocrx_word' id='word_1_344' title='bbox 2689 2290 2919 2346; x_wconf 82' lang='lat' dir='ltr'><strong>discreta</strong></span> <span class='ocrx_word' id='word_1_345' title='bbox 2960 2290 3092 2347; x_wconf 87' lang='lat' dir='ltr'><strong>locis</strong></span> <span class='ocrx_word' id='word_1_346' title='bbox 3123 2291 3370 2346; x_wconf 83' lang='lat' dir='ltr'><strong>habitura</strong></span> <span class='ocrx_word' id='word_1_347' title='bbox 3403 2290 3464 2354; x_wconf 75' lang='lat'><strong>‘°,</strong></span> <span class='ocrx_word' id='word_1_348' title='bbox 3494 2308 3624 2346; x_wconf 72' lang='lat' dir='ltr'><strong>orn-</strong></span> 
     </span>
    </p>
   </div>
   <div class='ocr_carea' id='block_1_50' title="bbox 2039 2375 3646 2457">
    <p class='ocr_par' dir='ltr' id='par_1_50' title="bbox 2039 2375 3646 2457">
     <span class='ocr_line' id='line_1_50' title="bbox 2039 2375 3646 2457; baseline 0.005 -27"><span class='ocrx_word' id='word_1_349' title='bbox 2039 2375 2120 2434; x_wconf 89' lang='lat' dir='ltr'><strong>los</strong></span> <span class='ocrx_word' id='word_1_350' title='bbox 2145 2378 2373 2441; x_wconf 70' lang='lat' dir='ltr'><strong>scilicet.</strong></span> <span class='ocrx_word' id='word_1_351' title='bbox 2404 2387 2691 2451; x_wconf 78' lang='lat' dir='ltr'><strong>ceteraque</strong></span> <span class='ocrx_word' id='word_1_352' title='bbox 2729 2395 2986 2436; x_wconf 85' lang='lat' dir='ltr'><strong>sensuum</strong></span> <span class='ocrx_word' id='word_1_353' title='bbox 3027 2381 3384 2438; x_wconf 70' lang='lat' dir='ltr'><strong>instrumenta</strong></span> <span class='ocrx_word' id='word_1_354' title='bbox 3405 2423 3420 2448; x_wconf 95' lang='lat'><strong>,</strong></span> <span class='ocrx_word' id='word_1_355' title='bbox 3461 2393 3646 2457; x_wconf 67' lang='lat' dir='ltr'><strong>caput</strong></span> 
     </span>
    </p>
   </div>
   <div class='ocr_carea' id='block_1_51' title="bbox 2037 2471 3622 2546">
    <p class='ocr_par' dir='ltr' id='par_1_51' title="bbox 2037 2471 3622 2546">
     <span class='ocr_line' id='line_1_51' title="bbox 2037 2471 3622 2546; baseline 0.001 -19"><span class='ocrx_word' id='word_1_356' title='bbox 2037 2471 2384 2528; x_wconf 74' lang='lat' dir='ltr'><strong>balnei-orum</strong></span> <span class='ocrx_word' id='word_1_357' title='bbox 2407 2480 2582 2536; x_wconf 84' lang='lat' dir='ltr'><strong>tenus,</strong></span> <span class='ocrx_word' id='word_1_358' title='bbox 2608 2473 2850 2538; x_wconf 86' lang='lat' dir='ltr'><strong>brachia,</strong></span> <span class='ocrx_word' id='word_1_359' title='bbox 2879 2474 3179 2535; x_wconf 86' lang='lat' dir='ltr'><strong>thoracem,</strong></span> <span class='ocrx_word' id='word_1_360' title='bbox 3203 2473 3386 2546; x_wconf 82' lang='lat' dir='ltr'><strong>pedes,</strong></span> <span class='ocrx_word' id='word_1_361' title='bbox 3416 2484 3622 2530; x_wconf 82' lang='lat' dir='ltr'><strong>cetera-</strong></span> 
     </span>
    </p>
   </div>
   <div class='ocr_carea' id='block_1_52' title="bbox 1989 2563 3618 2636">
    <p class='ocr_par' dir='ltr' id='par_1_52' title="bbox 1989 2563 3618 2636">
     <span class='ocr_line' id='line_1_52' title="bbox 1989 2563 3618 2636; baseline 0.004 -20"><span class='ocrx_word' id='word_1_362' title='bbox 1989 2573 1994 2578; x_wconf 80' lang='lat'><strong><em>‘</em></strong></span> <span class='ocrx_word' id='word_1_363' title='bbox 2037 2578 2143 2634; x_wconf 87' lang='lat' dir='ltr'><strong>que</strong></span> <span class='ocrx_word' id='word_1_364' title='bbox 2169 2563 2406 2623; x_wconf 78' lang='lat' dir='ltr'><strong>membra</strong></span> <span class='ocrx_word' id='word_1_365' title='bbox 2437 2565 2549 2620; x_wconf 85' lang='lat' dir='ltr'><strong>suis</strong></span> <span class='ocrx_word' id='word_1_366' title='bbox 2569 2564 2788 2620; x_wconf 84' lang='lat' dir='ltr'><strong>sedibus</strong></span> <span class='ocrx_word' id='word_1_367' title='bbox 2814 2565 3094 2636; x_wconf 87' lang='lat' dir='ltr'><strong>disposita.</strong></span> <span class='ocrx_word' id='word_1_368' title='bbox 3120 2565 3225 2622; x_wconf 79' lang='lat' dir='ltr'><strong>Sed</strong></span> <span class='ocrx_word' id='word_1_369' title='bbox 3252 2565 3378 2620; x_wconf 88' lang='lat' dir='ltr'><strong>dum</strong></span> <span class='ocrx_word' id='word_1_370' title='bbox 3407 2565 3532 2621; x_wconf 85' lang='lat' dir='ltr'><strong>talia</strong></span> <span class='ocrx_word' id='word_1_371' title='bbox 3565 2567 3618 2622; x_wconf 86' lang='lat' dir='ltr'><strong>in</strong></span> 
     </span>
    </p>
   </div>
   <div class='ocr_carea' id='block_1_53' title="bbox 2037 2654 3618 2728">
    <p class='ocr_par' dir='ltr' id='par_1_53' title="bbox 2037 2654 3618 2728">
     <span class='ocr_line' id='line_1_53' title="bbox 2037 2654 3618 2728; baseline -0.002 -17"><span class='ocrx_word' id='word_1_372' title='bbox 2037 2654 2190 2712; x_wconf 85' lang='lat' dir='ltr'><strong>libris</strong></span> <span class='ocrx_word' id='word_1_373' title='bbox 2225 2661 2536 2712; x_wconf 86' lang='lat' dir='ltr'><strong>sanctorum</strong></span> <span class='ocrx_word' id='word_1_374' title='bbox 2577 2655 2796 2712; x_wconf 80' lang='lat' dir='ltr'><strong>Patrum</strong></span> <span class='ocrx_word' id='word_1_375' title='bbox 2827 2657 2978 2724; x_wconf 76' lang='lat' dir='ltr'><strong>lego,</strong></span> <span class='ocrx_word' id='word_1_376' title='bbox 3009 2658 3340 2728; x_wconf 72' lang='lat' dir='ltr'><strong>stupefactus</strong></span> <span class='ocrx_word' id='word_1_377' title='bbox 3382 2659 3618 2723; x_wconf 73' lang='lat' dir='ltr'><strong>haesito,</strong></span> 
     </span>
    </p>
   </div>
   <div class='ocr_carea' id='block_1_54' title="bbox 259 2740 3634 2825">
    <p class='ocr_par' dir='ltr' id='par_1_54' title="bbox 259 2740 3634 2825">
     <span class='ocr_line' id='line_1_54' title="bbox 259 2740 3634 2825; baseline -0.001 -19"><span class='ocrx_word' id='word_1_378' title='bbox 259 2815 262 2817; x_wconf 22' lang='grc' dir='ltr'>λ</span> <span class='ocrx_word' id='word_1_379' title='bbox 348 2756 488 2803; x_wconf 77' lang='lat' dir='ltr'><strong>tate:</strong></span> <span class='ocrx_word' id='word_1_380' title='bbox 515 2743 690 2818; x_wconf 74' lang='lat' dir='ltr'><strong>qualis</strong></span> <span class='ocrx_word' id='word_1_381' title='bbox 709 2743 880 2816; x_wconf 69' lang='lat' dir='ltr'><strong>gloria</strong></span> <span class='ocrx_word' id='word_1_382' title='bbox 900 2741 1007 2798; x_wconf 62' lang='lat' dir='ltr'><strong>erit</strong></span> <span class='ocrx_word' id='word_1_383' title='bbox 1028 2741 1137 2807; x_wconf 65' lang='lat' dir='ltr'><strong>his.</strong></span> <span class='ocrx_word' id='word_1_384' title='bbox 1163 2741 1254 2812; x_wconf 79' lang='lat' dir='ltr'><strong>qui</strong></span> <span class='ocrx_word' id='word_1_385' title='bbox 1279 2743 1515 2796; x_wconf 64' lang='lat' dir='ltr'><strong>aeternis</strong></span> <span class='ocrx_word' id='word_1_386' title='bbox 1536 2740 1938 2796; x_wconf 69' lang='lat' dir='ltr'><strong>damnabantur</strong></span> <span class='ocrx_word' id='word_1_387' title='bbox 1970 2765 1997 2788; x_wconf 74' lang='grc' dir='ltr'><strong>ι</strong></span> <span class='ocrx_word' id='word_1_388' title='bbox 2036 2746 2380 2818; x_wconf 76' lang='lat' dir='ltr'><strong>maximoque</strong></span> <span class='ocrx_word' id='word_1_389' title='bbox 2404 2746 2645 2825; x_wconf 77' lang='lat' dir='ltr'><strong>horrore</strong></span> <span class='ocrx_word' id='word_1_390' title='bbox 2677 2763 2974 2804; x_wconf 85' lang='lat' dir='ltr'><strong>concussus</strong></span> <span class='ocrx_word' id='word_1_391' title='bbox 2999 2749 3194 2811; x_wconf 80' lang='lat' dir='ltr'><strong>titubo,</strong></span> <span class='ocrx_word' id='word_1_392' title='bbox 3219 2759 3290 2812; x_wconf 80' lang='lat' dir='ltr'><strong>et,</strong></span> <span class='ocrx_word' id='word_1_393' title='bbox 3323 2753 3447 2804; x_wconf 86' lang='lat' dir='ltr'><strong>dum</strong></span> <span class='ocrx_word' id='word_1_394' title='bbox 3479 2751 3634 2805; x_wconf 72' lang='lat' dir='ltr'><strong>intra.</strong></span> 
     </span>
    </p>
   </div>
   <div class='ocr_carea' id='block_1_55' title="bbox 345 2830 1935 2912">
    <p class='ocr_par' dir='ltr' id='par_1_55' title="bbox 345 2830 1935 2912">
     <span class='ocr_line' id='line_1_55' title="bbox 345 2830 1935 2912; baseline -0.008 -14"><span class='ocrx_word' id='word_1_395' title='bbox 345 2839 640 2912; x_wconf 85' lang='lat' dir='ltr'><strong>suppliciis,</strong></span> <span class='ocrx_word' id='word_1_396' title='bbox 673 2836 755 2892; x_wconf 80' lang='lat' dir='ltr'><strong>vel</strong></span> <span class='ocrx_word' id='word_1_397' title='bbox 793 2833 968 2907; x_wconf 75' lang='lat' dir='ltr'><strong>qualis</strong></span> <span class='ocrx_word' id='word_1_398' title='bbox 1008 2834 1228 2890; x_wconf 72' lang='lat' dir='ltr'><strong>virtus?</strong></span> <span class='ocrx_word' id='word_1_399' title='bbox 1259 2831 1368 2887; x_wconf 82' lang='lat' dir='ltr'><strong>Nec</strong></span> <span class='ocrx_word' id='word_1_400' title='bbox 1391 2831 1586 2888; x_wconf 84' lang='lat' dir='ltr'><strong>.obstat</strong></span> <span class='ocrx_word' id='word_1_401' title='bbox 1620 2832 1762 2912; x_wconf 79' lang='lat' dir='ltr'><strong>quod</strong></span> <span class='ocrx_word' id='word_1_402' title='bbox 1793 2830 1935 2886; x_wconf 85' lang='lat' dir='ltr'><strong>‘alibi</strong></span> 
     </span>
    </p>
   </div>
   <div class='ocr_carea' id='block_1_56' title="bbox 347 2920 1936 3008">
    <p class='ocr_par' dir='ltr' id='par_1_56' title="bbox 347 2920 1936 3008">
     <span class='ocr_line' id='line_1_56' title="bbox 347 2920 1936 3008; baseline -0.004 -23"><span class='ocrx_word' id='word_1_403' title='bbox 347 2932 487 2988; x_wconf 82' lang='lat' dir='ltr'><strong>idem</strong></span> <span class='ocrx_word' id='word_1_404' title='bbox 514 2927 805 3008; x_wconf 81' lang='lat' dir='ltr'><strong>Apostolus</strong></span> <span class='ocrx_word' id='word_1_405' title='bbox 831 2927 910 2982; x_wconf 84' lang='lat' dir='ltr'><strong>ait</strong></span> <span class='ocrx_word' id='word_1_406' title='bbox 942 2925 957 2980; x_wconf 74' lang='grc' dir='ltr'><strong><em>ἑ</em></strong></span> <span class='ocrx_word' id='word_1_407' title='bbox 993 2925 1079 2980; x_wconf 76' lang='lat' dir='ltr'><strong>An</strong></span> <span class='ocrx_word' id='word_1_408' title='bbox 1105 2942 1210 2980; x_wconf 85' lang='lat' dir='ltr'><strong>non</strong></span> <span class='ocrx_word' id='word_1_409' title='bbox 1233 2923 1384 2978; x_wconf 80' lang='lat' dir='ltr'><strong>habet</strong></span> <span class='ocrx_word' id='word_1_410' title='bbox 1413 2929 1714 2994; x_wconf 79' lang='lat' dir='ltr'><strong>potestatem</strong></span> <span class='ocrx_word' id='word_1_411' title='bbox 1740 2920 1936 2995; x_wconf 71' lang='lat' dir='ltr'><strong>ﬁgulus</strong></span> 
     </span>
    </p>
   </div>
   <div class='ocr_carea' id='block_1_57' title="bbox 345 3015 1932 3090">
    <p class='ocr_par' dir='ltr' id='par_1_57' title="bbox 345 3015 1932 3090">
     <span class='ocr_line' id='line_1_57' title="bbox 345 3015 1932 3090; baseline -0.004 -14"><span class='ocrx_word' id='word_1_412' title='bbox 345 3023 462 3090; x_wconf 85' lang='lat' dir='ltr'><strong>luti,</strong></span> <span class='ocrx_word' id='word_1_413' title='bbox 501 3021 648 3077; x_wconf 81' lang='lat' dir='ltr'><strong>aliud</strong></span> <span class='ocrx_word' id='word_1_414' title='bbox 685 3029 774 3076; x_wconf 75' lang='lat' dir='ltr'><strong>ras</strong></span> <span class='ocrx_word' id='word_1_415' title='bbox 812 3019 986 3090; x_wconf 76' lang='lat' dir='ltr'><strong>facere</strong></span> <span class='ocrx_word' id='word_1_416' title='bbox 1017 3019 1074 3074; x_wconf 83' lang='lat' dir='ltr'><strong>in</strong></span> <span class='ocrx_word' id='word_1_417' title='bbox 1111 3018 1360 3072; x_wconf 78' lang='lat' dir='ltr'><strong>honorem</strong></span> <span class='ocrx_word' id='word_1_418' title='bbox 1383 3056 1400 3083; x_wconf 93' lang='lat'><strong>,</strong></span> <span class='ocrx_word' id='word_1_419' title='bbox 1446 3015 1596 3070; x_wconf 84' lang='lat' dir='ltr'><strong>aliud</strong></span> <span class='ocrx_word' id='word_1_420' title='bbox 1647 3015 1701 3070; x_wconf 88' lang='lat' dir='ltr'><strong>in</strong></span> <span class='ocrx_word' id='word_1_421' title='bbox 1748 3028 1932 3071; x_wconf 81' lang='lat' dir='ltr'><strong>cantu-</strong></span> 
     </span>
    </p>
   </div>
   <div class='ocr_carea' id='block_1_58' title="bbox 2023 2836 3618 2910">
    <p class='ocr_par' dir='ltr' id='par_1_58' title="bbox 2023 2836 3618 2910">
     <span class='ocr_line' id='line_1_58' title="bbox 2023 2836 3618 2910; baseline 0.002 -17"><span class='ocrx_word' id='word_1_422' title='bbox 2023 2836 2124 2894; x_wconf 79' lang='lat' dir='ltr'><strong>‘me</strong></span> <span class='ocrx_word' id='word_1_423' title='bbox 2151 2839 2325 2909; x_wconf 81' lang='lat' dir='ltr'><strong>ipsum</strong></span> <span class='ocrx_word' id='word_1_424' title='bbox 2352 2839 2548 2910; x_wconf 83' lang='lat' dir='ltr'><strong>cogito,</strong></span> <span class='ocrx_word' id='word_1_425' title='bbox 2573 2853 2670 2892; x_wconf 88' lang='lat' dir='ltr'><strong>cur</strong></span> <span class='ocrx_word' id='word_1_426' title='bbox 2694 2839 3111 2910; x_wconf 73' lang='lat' dir='ltr'><strong>spiritushssimi</strong></span> <span class='ocrx_word' id='word_1_427' title='bbox 3137 2841 3176 2872; x_wconf 81' lang='lat'>“</span> <span class='ocrx_word' id='word_1_428' title='bbox 3205 2840 3303 2894; x_wconf 82' lang='lat' dir='ltr'><strong>viri</strong></span> <span class='ocrx_word' id='word_1_429' title='bbox 3337 2841 3475 2896; x_wconf 84' lang='lat' dir='ltr'><strong>ultra</strong></span> <span class='ocrx_word' id='word_1_430' title='bbox 3499 2859 3618 2896; x_wconf 84' lang='lat' dir='ltr'><strong>om-</strong></span> 
     </span>
    </p>
   </div>
   <div class='ocr_carea' id='block_1_59' title="bbox 2035 2915 3622 3011">
    <p class='ocr_par' dir='ltr' id='par_1_59' title="bbox 2035 2915 3622 3011">
     <span class='ocr_line' id='line_1_59' title="bbox 2035 2915 3622 3011; baseline 0.001 -27"><span class='ocrx_word' id='word_1_431' title='bbox 2035 2944 2135 2986; x_wconf 86' lang='lat' dir='ltr'><strong>nes</strong></span> <span class='ocrx_word' id='word_1_432' title='bbox 2167 2929 2506 2998; x_wconf 78' lang='lat' dir='ltr'><strong>operationes</strong></span> <span class='ocrx_word' id='word_1_433' title='bbox 2549 2915 2798 2986; x_wconf 81' lang='lat' dir='ltr'><strong>localium</strong></span> <span class='ocrx_word' id='word_1_434' title='bbox 2832 2931 3314 3011; x_wconf 77' lang='lat' dir='ltr'><strong>tctnpm&#39;alituuque</strong></span> <span class='ocrx_word' id='word_1_435' title='bbox 3338 2930 3622 3004; x_wconf 78' lang='lat' dir='ltr'><strong>cogitatio-</strong></span> 
     </span>
    </p>
   </div>
   <div class='ocr_carea' id='block_1_60' title="bbox 2035 3023 3616 3094">
    <p class='ocr_par' dir='ltr' id='par_1_60' title="bbox 2035 3023 3616 3094">
     <span class='ocr_line' id='line_1_60' title="bbox 2035 3023 3616 3094; baseline 0 -16"><span class='ocrx_word' id='word_1_436' title='bbox 2035 3039 2164 3078; x_wconf 88' lang='lat' dir='ltr'><strong>num</strong></span> <span class='ocrx_word' id='word_1_437' title='bbox 2216 3023 2608 3086; x_wconf 87' lang='lat' dir='ltr'><strong>asccudeutes,</strong></span> <span class='ocrx_word' id='word_1_438' title='bbox 2666 3033 2943 3094; x_wconf 88' lang='lat' dir='ltr'><strong>totumque</strong></span> <span class='ocrx_word' id='word_1_439' title='bbox 2997 3023 3306 3080; x_wconf 78' lang='lat' dir='ltr'><strong>seusibilem</strong></span> <span class='ocrx_word' id='word_1_440' title='bbox 3360 3025 3616 3080; x_wconf 76' lang='lat' dir='ltr'><strong>tumidum</strong></span> 
     </span>
    </p>
   </div>
   <div class='ocr_carea' id='block_1_61' title="bbox 345 3087 3620 3188">
    <p class='ocr_par' dir='ltr' id='par_1_61' title="bbox 345 3087 3620 3188">
     <span class='ocr_line' id='line_1_61' title="bbox 345 3087 3620 3188; baseline 0.001 -21"><span class='ocrx_word' id='word_1_441' title='bbox 345 3113 552 3168; x_wconf 72' lang='lat' dir='ltr'><strong>utetiam</strong></span> <span class='ocrx_word' id='word_1_442' title='bbox 577 3113 603 3167; x_wconf 83' lang='lat'><strong><em>?</em></strong></span> <span class='ocrx_word' id='word_1_443' title='bbox 655 3109 772 3167; x_wconf 84' lang='lat' dir='ltr'><strong>Non</strong></span> <span class='ocrx_word' id='word_1_444' title='bbox 813 3110 957 3166; x_wconf 86' lang='lat' dir='ltr'><strong>enim</strong></span> <span class='ocrx_word' id='word_1_445' title='bbox 993 3111 1059 3166; x_wconf 86' lang='lat' dir='ltr'><strong>de</strong></span> <span class='ocrx_word' id='word_1_446' title='bbox 1103 3106 1502 3164; x_wconf 85' lang='lat' dir='ltr'><strong>resurrectione</strong></span> <span class='ocrx_word' id='word_1_447' title='bbox 1539 3121 1831 3176; x_wconf 87' lang='lat' dir='ltr'><strong>corporum</strong></span> <span class='ocrx_word' id='word_1_448' title='bbox 1863 3122 1930 3162; x_wconf 88' lang='lat' dir='ltr'><strong>eo</strong></span> <span class='ocrx_word' id='word_1_449' title='bbox 1957 3087 2004 3152; x_wconf 64' lang='grc' dir='ltr'><strong>(ἶ</strong></span> <span class='ocrx_word' id='word_1_450' title='bbox 2035 3117 2234 3172; x_wconf 79' lang='lat' dir='ltr'><strong>virtute</strong></span> <span class='ocrx_word' id='word_1_451' title='bbox 2249 3115 2717 3184; x_wconf 76' lang='lat' dir='ltr'><strong>contemplationis</strong></span> <span class='ocrx_word' id='word_1_452' title='bbox 2734 3129 3070 3188; x_wconf 83' lang='lat' dir='ltr'><strong>superantes,</strong></span> <span class='ocrx_word' id='word_1_453' title='bbox 3089 3105 3388 3186; x_wconf 72' lang='lat' dir='ltr'><strong>huiusmodi</strong></span> <span class='ocrx_word' id='word_1_454' title='bbox 3413 3118 3555 3172; x_wconf 69' lang='lat' dir='ltr'><strong>(iit&#39;la</strong></span> <span class='ocrx_word' id='word_1_455' title='bbox 3577 3119 3620 3152; x_wconf 76' lang='grc'><strong>’⁸</strong></span> 
     </span>
    </p>
   </div>
   <div class='ocr_carea' id='block_1_62' title="bbox 345 3197 1932 3274">
    <p class='ocr_par' dir='ltr' id='par_1_62' title="bbox 345 3197 1932 3274">
     <span class='ocr_line' id='line_1_62' title="bbox 345 3197 1932 3274; baseline -0.004 -14"><span class='ocrx_word' id='word_1_456' title='bbox 345 3204 443 3261; x_wconf 90' lang='lat' dir='ltr'><strong>loci</strong></span> <span class='ocrx_word' id='word_1_457' title='bbox 479 3203 504 3236; x_wconf 84' lang='grc'>⁸</span> <span class='ocrx_word' id='word_1_458' title='bbox 537 3203 778 3274; x_wconf 79' lang='lat' dir='ltr'><strong>disputat</strong></span> <span class='ocrx_word' id='word_1_459' title='bbox 806 3242 822 3266; x_wconf 88' lang='lat'><strong>,</strong></span> <span class='ocrx_word' id='word_1_460' title='bbox 862 3199 958 3256; x_wconf 86' lang='lat' dir='ltr'><strong>sed</strong></span> <span class='ocrx_word' id='word_1_461' title='bbox 1013 3199 1274 3256; x_wconf 76' lang='lat' dir='ltr'><strong>adversus</strong></span> <span class='ocrx_word' id='word_1_462' title='bbox 1321 3212 1420 3253; x_wconf 87' lang='lat' dir='ltr'><strong>eos</strong></span> <span class='ocrx_word' id='word_1_463' title='bbox 1467 3197 1586 3262; x_wconf 88' lang='lat' dir='ltr'><strong>ait,</strong></span> <span class='ocrx_word' id='word_1_464' title='bbox 1629 3197 1722 3267; x_wconf 88' lang='lat' dir='ltr'><strong>qui</strong></span> <span class='ocrx_word' id='word_1_465' title='bbox 1761 3197 1932 3254; x_wconf 89' lang='lat' dir='ltr'><strong>Deum</strong></span> 
     </span>
    </p>
   </div>
   <div class='ocr_carea' id='block_1_63' title="bbox 344 3285 1935 3364">
    <p class='ocr_par' dir='ltr' id='par_1_63' title="bbox 344 3285 1935 3364">
     <span class='ocr_line' id='line_1_63' title="bbox 344 3285 1935 3364; baseline -0.002 -14"><span class='ocrx_word' id='word_1_466' title='bbox 344 3304 610 3351; x_wconf 84' lang='lat' dir='ltr'><strong>conantur</strong></span> <span class='ocrx_word' id='word_1_467' title='bbox 643 3293 1039 3364; x_wconf 80' lang='lat' dir='ltr'><strong>reprehendere</strong></span> <span class='ocrx_word' id='word_1_468' title='bbox 1093 3291 1257 3348; x_wconf 81' lang='lat' dir='ltr'><strong>veluti</strong></span> <span class='ocrx_word' id='word_1_469' title='bbox 1317 3290 1561 3362; x_wconf 89' lang='lat' dir='ltr'><strong>iniquum</strong></span> <span class='ocrx_word' id='word_1_470' title='bbox 1587 3332 1602 3358; x_wconf 93' lang='lat'><strong>,</strong></span> <span class='ocrx_word' id='word_1_471' title='bbox 1643 3285 1777 3356; x_wconf 82' lang='lat' dir='ltr'><strong>alios</strong></span> <span class='ocrx_word' id='word_1_472' title='bbox 1813 3291 1935 3364; x_wconf 88' lang='lat' dir='ltr'><strong>qui-</strong></span> 
     </span>
    </p>
   </div>
   <div class='ocr_carea' id='block_1_64' title="bbox 294 3377 1930 3457">
    <p class='ocr_par' dir='ltr' id='par_1_64' title="bbox 294 3377 1930 3457">
     <span class='ocr_line' id='line_1_64' title="bbox 294 3377 1930 3457; baseline -0.004 -14"><span class='ocrx_word' id='word_1_473' title='bbox 294 3434 304 3443; x_wconf 93' lang='lat'><strong>.</strong></span> <span class='ocrx_word' id='word_1_474' title='bbox 345 3387 462 3441; x_wconf 81' lang='lat' dir='ltr'><strong>dem</strong></span> <span class='ocrx_word' id='word_1_475' title='bbox 487 3377 793 3457; x_wconf 82' lang='lat' dir='ltr'><strong>eligentem,</strong></span> <span class='ocrx_word' id='word_1_476' title='bbox 821 3383 956 3440; x_wconf 88' lang='lat' dir='ltr'><strong>alios</strong></span> <span class='ocrx_word' id='word_1_477' title='bbox 977 3397 1104 3440; x_wconf 75' lang='lat' dir='ltr'><strong>vero</strong></span> <span class='ocrx_word' id='word_1_478' title='bbox 1137 3382 1506 3454; x_wconf 76' lang='lat' dir='ltr'><strong>reponentem,</strong></span> <span class='ocrx_word' id='word_1_479' title='bbox 1555 3391 1609 3437; x_wconf 88' lang='lat' dir='ltr'><strong>ct</strong></span> <span class='ocrx_word' id='word_1_480' title='bbox 1652 3382 1773 3438; x_wconf 88' lang='lat' dir='ltr'><strong>illos</strong></span> <span class='ocrx_word' id='word_1_481' title='bbox 1812 3383 1930 3453; x_wconf 89' lang='lat' dir='ltr'><strong>qui-</strong></span> 
     </span>
    </p>
   </div>
   <div class='ocr_carea' id='block_1_65' title="bbox 342 3473 1929 3538">
    <p class='ocr_par' dir='ltr' id='par_1_65' title="bbox 342 3473 1929 3538">
     <span class='ocr_line' id='line_1_65' title="bbox 342 3473 1929 3538; baseline -0.001 -6"><span class='ocrx_word' id='word_1_482' title='bbox 342 3478 462 3532; x_wconf 89' lang='lat' dir='ltr'><strong>dem</strong></span> <span class='ocrx_word' id='word_1_483' title='bbox 491 3473 618 3532; x_wconf 83' lang='lat' dir='ltr'><strong>va&#39;sa</strong></span> <span class='ocrx_word' id='word_1_484' title='bbox 654 3475 1058 3532; x_wconf 83' lang='lat' dir='ltr'><strong>misericordiae</strong></span> <span class='ocrx_word' id='word_1_485' title='bbox 1091 3473 1400 3538; x_wconf 86' lang='lat' dir='ltr'><strong>facientem,</strong></span> <span class='ocrx_word' id='word_1_486' title='bbox 1441 3473 1561 3528; x_wconf 87' lang='lat' dir='ltr'><strong>illos</strong></span> <span class='ocrx_word' id='word_1_487' title='bbox 1599 3483 1777 3528; x_wconf 85' lang='lat' dir='ltr'><strong>autem</strong></span> <span class='ocrx_word' id='word_1_488' title='bbox 1803 3489 1929 3530; x_wconf 79' lang='lat' dir='ltr'><strong>vasa</strong></span> 
     </span>
    </p>
   </div>
   <div class='ocr_carea' id='block_1_66' title="bbox 342 3561 1928 3635">
    <p class='ocr_par' dir='ltr' id='par_1_66' title="bbox 342 3561 1928 3635">
     <span class='ocr_line' id='line_1_66' title="bbox 342 3561 1928 3635; baseline -0.001 -13"><span class='ocrx_word' id='word_1_489' title='bbox 342 3567 454 3624; x_wconf 87' lang='lat' dir='ltr'><strong>irae</strong></span> <span class='ocrx_word' id='word_1_490' title='bbox 473 3568 810 3622; x_wconf 81' lang='lat' dir='ltr'><strong>deserentem</strong></span> <span class='ocrx_word' id='word_1_491' title='bbox 841 3564 884 3621; x_wconf 71' lang='grc'><strong>⁸.</strong></span> <span class='ocrx_word' id='word_1_492' title='bbox 908 3564 964 3620; x_wconf 90' lang='lat' dir='ltr'><strong>Si</strong></span> <span class='ocrx_word' id='word_1_493' title='bbox 991 3574 1173 3620; x_wconf 85' lang='lat' dir='ltr'><strong>autem</strong></span> <span class='ocrx_word' id='word_1_494' title='bbox 1202 3562 1326 3634; x_wconf 88' lang='lat' dir='ltr'><strong>quis</strong></span> <span class='ocrx_word' id='word_1_495' title='bbox 1361 3561 1581 3629; x_wconf 78' lang='lat' dir='ltr'><strong>dixerit,</strong></span> <span class='ocrx_word' id='word_1_496' title='bbox 1608 3561 1928 3635; x_wconf 82' lang='lat' dir='ltr'><strong>Apostolum</strong></span> 
     </span>
    </p>
   </div>
   <div class='ocr_carea' id='block_1_67' title="bbox 341 3659 1924 3732">
    <p class='ocr_par' dir='ltr' id='par_1_67' title="bbox 341 3659 1924 3732">
     <span class='ocr_line' id='line_1_67' title="bbox 341 3659 1924 3732; baseline -0.003 -15"><span class='ocrx_word' id='word_1_497' title='bbox 341 3678 445 3718; x_wconf 88' lang='lat' dir='ltr'><strong>non</strong></span> <span class='ocrx_word' id='word_1_498' title='bbox 472 3661 494 3693; x_wconf 86' lang='grc'><strong><em>³</em></strong></span> <span class='ocrx_word' id='word_1_499' title='bbox 539 3661 608 3716; x_wconf 89' lang='lat' dir='ltr'><strong>de</strong></span> <span class='ocrx_word' id='word_1_500' title='bbox 643 3659 882 3732; x_wconf 82' lang='lat' dir='ltr'><strong>generali</strong></span> <span class='ocrx_word' id='word_1_501' title='bbox 926 3659 1168 3716; x_wconf 84' lang='lat' dir='ltr'><strong>omnium</strong></span> <span class='ocrx_word' id='word_1_502' title='bbox 1211 3660 1569 3714; x_wconf 83' lang='lat' dir='ltr'><strong>humanorum</strong></span> <span class='ocrx_word' id='word_1_503' title='bbox 1605 3673 1924 3729; x_wconf 86' lang='lat' dir='ltr'><strong>corporum,</strong></span> 
     </span>
    </p>
   </div>
   <div class='ocr_carea' id='block_1_68' title="bbox 282 3743 1923 3822">
    <p class='ocr_par' dir='ltr' id='par_1_68' title="bbox 282 3743 1923 3822">
     <span class='ocr_line' id='line_1_68' title="bbox 282 3743 1923 3822; baseline -0.002 -13"><span class='ocrx_word' id='word_1_504' title='bbox 282 3784 286 3788; x_wconf 89' lang='lat'><strong><em>-</em></strong></span> <span class='ocrx_word' id='word_1_505' title='bbox 339 3753 433 3809; x_wconf 88' lang='lat' dir='ltr'><strong>sed</strong></span> <span class='ocrx_word' id='word_1_506' title='bbox 477 3750 548 3808; x_wconf 84' lang='lat' dir='ltr'><strong>de</strong></span> <span class='ocrx_word' id='word_1_507' title='bbox 591 3751 808 3822; x_wconf 84' lang='lat' dir='ltr'><strong>speciali</strong></span> <span class='ocrx_word' id='word_1_508' title='bbox 841 3749 1112 3820; x_wconf 89' lang='lat' dir='ltr'><strong>justorum</strong></span> <span class='ocrx_word' id='word_1_509' title='bbox 1152 3749 1237 3806; x_wconf 86' lang='lat' dir='ltr'><strong>his</strong></span> <span class='ocrx_word' id='word_1_510' title='bbox 1289 3743 1844 3819; x_wconf 22' lang='lat' dir='ltr'><strong>verbis’praedicasse</strong></span> <span class='ocrx_word' id='word_1_511' title='bbox 1882 3751 1923 3816; x_wconf 82' lang='lat'><strong>‘,</strong></span> 
     </span>
    </p>
   </div>
   <div class='ocr_carea' id='block_1_69' title="bbox 341 3840 1925 3916">
    <p class='ocr_par' dir='ltr' id='par_1_69' title="bbox 341 3840 1925 3916">
     <span class='ocr_line' id='line_1_69' title="bbox 341 3840 1925 3916; baseline 0 -18"><span class='ocrx_word' id='word_1_512' title='bbox 341 3846 536 3912; x_wconf 72' lang='lat' dir='ltr'><strong>videat,</strong></span> <span class='ocrx_word' id='word_1_513' title='bbox 571 3845 700 3916; x_wconf 89' lang='lat' dir='ltr'><strong>quid</strong></span> <span class='ocrx_word' id='word_1_514' title='bbox 734 3844 850 3915; x_wconf 84' lang='lat' dir='ltr'><strong>ipse</strong></span> <span class='ocrx_word' id='word_1_515' title='bbox 873 3843 1156 3908; x_wconf 83' lang='lat' dir='ltr'><strong>Dominus,</strong></span> <span class='ocrx_word' id='word_1_516' title='bbox 1181 3845 1307 3901; x_wconf 85' lang='lat' dir='ltr'><strong>dum</strong></span> <span class='ocrx_word' id='word_1_517' title='bbox 1332 3840 1600 3900; x_wconf 80' lang='lat' dir='ltr'><strong>Lazarum</strong></span> <span class='ocrx_word' id='word_1_518' title='bbox 1630 3842 1925 3898; x_wconf 70' lang='lat' dir='ltr'><strong>resusdta-</strong></span> 
     </span>
    </p>
   </div>
   <div class='ocr_carea' id='block_1_70' title="bbox 337 3925 1924 4008">
    <p class='ocr_par' dir='ltr' id='par_1_70' title="bbox 337 3925 1924 4008">
     <span class='ocr_line' id='line_1_70' title="bbox 337 3925 1924 4008; baseline -0.001 -18"><span class='ocrx_word' id='word_1_519' title='bbox 337 3947 511 4004; x_wconf 67' lang='lat' dir='ltr'><strong>verat,</strong></span> <span class='ocrx_word' id='word_1_520' title='bbox 541 3939 610 3994; x_wconf 88' lang='lat' dir='ltr'><strong>de</strong></span> <span class='ocrx_word' id='word_1_521' title='bbox 643 3937 824 4008; x_wconf 86' lang='lat' dir='ltr'><strong>seipso</strong></span> <span class='ocrx_word' id='word_1_522' title='bbox 849 3935 1068 3992; x_wconf 86' lang='lat' dir='ltr'><strong>dicebat</strong></span> <span class='ocrx_word' id='word_1_523' title='bbox 1118 3953 1132 3989; x_wconf 91' lang='lat'><strong>:</strong></span> <span class='ocrx_word' id='word_1_524' title='bbox 1176 3931 1292 4006; x_wconf 82' lang='lat' dir='ltr'><strong>Ego</strong></span> <span class='ocrx_word' id='word_1_525' title='bbox 1321 3925 1436 3988; x_wconf 77' lang='lat' dir='ltr'><strong>sum</strong></span> <span class='ocrx_word' id='word_1_526' title='bbox 1457 3974 1473 4000; x_wconf 93' lang='lat'><strong>,</strong></span> <span class='ocrx_word' id='word_1_527' title='bbox 1513 3935 1710 4004; x_wconf 88' lang='lat' dir='ltr'><strong>inquit,</strong></span> <span class='ocrx_word' id='word_1_528' title='bbox 1749 3950 1924 3990; x_wconf 80' lang='lat' dir='ltr'><strong>resur-</strong></span> 
     </span>
    </p>
   </div>
   <div class='ocr_carea' id='block_1_71' title="bbox 339 4012 1925 4100">
    <p class='ocr_par' dir='ltr' id='par_1_71' title="bbox 339 4012 1925 4100">
     <span class='ocr_line' id='line_1_71' title="bbox 339 4012 1925 4100; baseline 0.002 -19"><span class='ocrx_word' id='word_1_529' title='bbox 339 4031 516 4084; x_wconf 80' lang='lat' dir='ltr'><strong>rectio.</strong></span> <span class='ocrx_word' id='word_1_530' title='bbox 561 4012 869 4086; x_wconf 55' lang='lat' dir='ltr'><strong>Natudixit</strong></span> <span class='ocrx_word' id='word_1_531' title='bbox 915 4016 1256 4100; x_wconf 56' lang='lat' dir='ltr'><strong>specialiter,</strong></span> <span class='ocrx_word' id='word_1_532' title='bbox 1291 4041 1394 4098; x_wconf 76' lang='lat' dir='ltr'><strong>ego</strong></span> <span class='ocrx_word' id='word_1_533' title='bbox 1426 4043 1546 4082; x_wconf 88' lang='lat' dir='ltr'><strong>sum</strong></span> <span class='ocrx_word' id='word_1_534' title='bbox 1594 4027 1925 4084; x_wconf 86' lang='lat' dir='ltr'><strong>resurrectio</strong></span> 
     </span>
    </p>
   </div>
   <div class='ocr_carea' id='block_1_72' title="bbox 332 4117 1922 4190">
    <p class='ocr_par' dir='ltr' id='par_1_72' title="bbox 332 4117 1922 4190">
     <span class='ocr_line' id='line_1_72' title="bbox 332 4117 1922 4190; baseline 0.002 -19"><span class='ocrx_word' id='word_1_535' title='bbox 332 4119 602 4190; x_wconf 79' lang='lat' dir='ltr'><strong>justorum</strong></span> <span class='ocrx_word' id='word_1_536' title='bbox 621 4161 637 4187; x_wconf 94' lang='lat'><strong>,</strong></span> <span class='ocrx_word' id='word_1_537' title='bbox 667 4119 762 4176; x_wconf 88' lang='lat' dir='ltr'><strong>sed</strong></span> <span class='ocrx_word' id='word_1_538' title='bbox 793 4117 1200 4185; x_wconf 85' lang='lat' dir='ltr'><strong>universaliter,</strong></span> <span class='ocrx_word' id='word_1_539' title='bbox 1229 4133 1322 4190; x_wconf 83' lang='lat' dir='ltr'><strong>ego</strong></span> <span class='ocrx_word' id='word_1_540' title='bbox 1351 4134 1468 4172; x_wconf 82' lang='lat' dir='ltr'><strong>sum</strong></span> <span class='ocrx_word' id='word_1_541' title='bbox 1497 4119 1829 4174; x_wconf 76' lang='lat' dir='ltr'><strong>resurrectio.</strong></span> <span class='ocrx_word' id='word_1_542' title='bbox 1865 4119 1922 4174; x_wconf 85' lang='lat' dir='ltr'><strong>Si</strong></span> 
     </span>
    </p>
   </div>
   <div class='ocr_carea' id='block_1_73' title="bbox 335 4211 1918 4288">
    <p class='ocr_par' dir='ltr' id='par_1_73' title="bbox 335 4211 1918 4288">
     <span class='ocr_line' id='line_1_73' title="bbox 335 4211 1918 4288; baseline -0.002 -17"><span class='ocrx_word' id='word_1_543' title='bbox 335 4232 464 4288; x_wconf 80' lang='lat' dir='ltr'><strong>ergo</strong></span> <span class='ocrx_word' id='word_1_544' title='bbox 495 4215 613 4286; x_wconf 86' lang='lat' dir='ltr'><strong>ipse</strong></span> <span class='ocrx_word' id='word_1_545' title='bbox 647 4223 732 4271; x_wconf 86' lang='lat' dir='ltr'><strong>est</strong></span> <span class='ocrx_word' id='word_1_546' title='bbox 773 4213 1134 4279; x_wconf 87' lang='lat' dir='ltr'><strong>resurrectio,</strong></span> <span class='ocrx_word' id='word_1_547' title='bbox 1163 4211 1408 4284; x_wconf 85' lang='lat' dir='ltr'><strong>profecto</strong></span> <span class='ocrx_word' id='word_1_548' title='bbox 1439 4211 1786 4269; x_wconf 85' lang='lat' dir='ltr'><strong>uniformiter</strong></span> <span class='ocrx_word' id='word_1_549' title='bbox 1812 4213 1918 4279; x_wconf 86' lang='lat' dir='ltr'><strong>his,</strong></span> 
     </span>
    </p>
   </div>
   <div class='ocr_carea' id='block_1_74' title="bbox 335 4303 1920 4376">
    <p class='ocr_par' dir='ltr' id='par_1_74' title="bbox 335 4303 1920 4376">
     <span class='ocr_line' id='line_1_74' title="bbox 335 4303 1920 4376; baseline -0.001 -17"><span class='ocrx_word' id='word_1_550' title='bbox 335 4323 470 4376; x_wconf 88' lang='lat' dir='ltr'><strong>quos</strong></span> <span class='ocrx_word' id='word_1_551' title='bbox 507 4305 824 4371; x_wconf 79' lang='lat' dir='ltr'><strong>resuscitat,</strong></span> <span class='ocrx_word' id='word_1_552' title='bbox 869 4304 1107 4375; x_wconf 87' lang='lat' dir='ltr'><strong>scipsum</strong></span> <span class='ocrx_word' id='word_1_553' title='bbox 1146 4309 1426 4373; x_wconf 84' lang='lat' dir='ltr'><strong>praestat,</strong></span> <span class='ocrx_word' id='word_1_554' title='bbox 1465 4303 1920 4374; x_wconf 87' lang='lat' dir='ltr'><strong>quemadmodum</strong></span> 
     </span>
    </p>
   </div>
   <div class='ocr_carea' id='block_1_75' title="bbox 337 4395 1922 4468">
    <p class='ocr_par' dir='ltr' id='par_1_75' title="bbox 337 4395 1922 4468">
     <span class='ocr_line' id='line_1_75' title="bbox 337 4395 1922 4468; baseline -0.001 -16"><span class='ocrx_word' id='word_1_555' title='bbox 337 4398 468 4468; x_wconf 84' lang='lat' dir='ltr'><strong>ipse,</strong></span> <span class='ocrx_word' id='word_1_556' title='bbox 502 4407 562 4452; x_wconf 84' lang='lat' dir='ltr'><strong>ut</strong></span> <span class='ocrx_word' id='word_1_557' title='bbox 588 4396 750 4453; x_wconf 84' lang='lat' dir='ltr'><strong>Pater</strong></span> <span class='ocrx_word' id='word_1_558' title='bbox 777 4411 939 4462; x_wconf 88' lang='lat' dir='ltr'><strong>suus,</strong></span> <span class='ocrx_word' id='word_1_559' title='bbox 967 4396 1128 4451; x_wconf 67' lang='lat' dir='ltr'><strong>saltm</strong></span> <span class='ocrx_word' id='word_1_560' title='bbox 1178 4411 1333 4450; x_wconf 86' lang='lat' dir='ltr'><strong>suum</strong></span> <span class='ocrx_word' id='word_1_561' title='bbox 1365 4399 1388 4432; x_wconf 78' lang='lat'>&#39;</span> <span class='ocrx_word' id='word_1_562' title='bbox 1427 4395 1559 4450; x_wconf 83' lang='lat' dir='ltr'><strong>oriri</strong></span> <span class='ocrx_word' id='word_1_563' title='bbox 1597 4395 1726 4467; x_wconf 73' lang='lat' dir='ltr'><strong>facit</strong></span> <span class='ocrx_word' id='word_1_564' title='bbox 1765 4413 1922 4468; x_wconf 77' lang='lat' dir='ltr'><strong>super</strong></span> 
     </span>
    </p>
   </div>
   <div class='ocr_carea' id='block_1_76' title="bbox 329 4483 1918 4560">
    <p class='ocr_par' dir='ltr' id='par_1_76' title="bbox 329 4483 1918 4560">
     <span class='ocr_line' id='line_1_76' title="bbox 329 4483 1918 4560; baseline 0.003 -19"><span class='ocrx_word' id='word_1_565' title='bbox 329 4489 492 4548; x_wconf 71' lang='lat' dir='ltr'><strong>tonas</strong></span> <span class='ocrx_word' id='word_1_566' title='bbox 529 4498 580 4544; x_wconf 82' lang='lat' dir='ltr'><strong>et</strong></span> <span class='ocrx_word' id='word_1_567' title='bbox 611 4483 821 4554; x_wconf 47' lang='lat' dir='ltr'><strong>&#39;malos,</strong></span> <span class='ocrx_word' id='word_1_568' title='bbox 863 4499 910 4544; x_wconf 85' lang='lat' dir='ltr'><strong>et</strong></span> <span class='ocrx_word' id='word_1_569' title='bbox 941 4488 1072 4560; x_wconf 89' lang='lat' dir='ltr'><strong>pluit</strong></span> <span class='ocrx_word' id='word_1_570' title='bbox 1110 4503 1268 4558; x_wconf 80' lang='lat' dir='ltr'><strong>super</strong></span> <span class='ocrx_word' id='word_1_571' title='bbox 1289 4487 1468 4558; x_wconf 83' lang='lat' dir='ltr'><strong>justas</strong></span> <span class='ocrx_word' id='word_1_572' title='bbox 1491 4497 1540 4543; x_wconf 73' lang='lat' dir='ltr'><strong>et</strong></span> <span class='ocrx_word' id='word_1_573' title='bbox 1571 4489 1818 4560; x_wconf 82' lang='lat' dir='ltr'><strong>injustas.</strong></span> <span class='ocrx_word' id='word_1_574' title='bbox 1854 4490 1918 4546; x_wconf 74' lang='lat' dir='ltr'><strong>Et</strong></span> 
     </span>
    </p>
   </div>
   <div class='ocr_carea' id='block_1_77' title="bbox 335 4581 1918 4655">
    <p class='ocr_par' dir='ltr' id='par_1_77' title="bbox 335 4581 1918 4655">
     <span class='ocr_line' id='line_1_77' title="bbox 335 4581 1918 4655; baseline 0.004 -21"><span class='ocrx_word' id='word_1_575' title='bbox 335 4582 583 4640; x_wconf 78' lang='lat' dir='ltr'><strong>fortassis</strong></span> <span class='ocrx_word' id='word_1_576' title='bbox 621 4583 735 4654; x_wconf 69' lang='lat' dir='ltr'><strong>ipse</strong></span> <span class='ocrx_word' id='word_1_577' title='bbox 769 4592 856 4639; x_wconf 90' lang='lat' dir='ltr'><strong>est</strong></span> <span class='ocrx_word' id='word_1_578' title='bbox 884 4583 996 4650; x_wconf 86' lang='lat' dir='ltr'><strong>sol,</strong></span> <span class='ocrx_word' id='word_1_579' title='bbox 1030 4582 1122 4655; x_wconf 89' lang='lat' dir='ltr'><strong>qui</strong></span> <span class='ocrx_word' id='word_1_580' title='bbox 1154 4583 1405 4638; x_wconf 88' lang='lat' dir='ltr'><strong>omnibus</strong></span> <span class='ocrx_word' id='word_1_581' title='bbox 1440 4581 1692 4639; x_wconf 84' lang='lat' dir='ltr'><strong>similiter</strong></span> <span class='ocrx_word' id='word_1_582' title='bbox 1718 4584 1918 4652; x_wconf 87' lang='lat' dir='ltr'><strong>oritur,</strong></span> 
     </span>
    </p>
   </div>
   <div class='ocr_carea' id='block_1_78' title="bbox 333 4673 1914 4750">
    <p class='ocr_par' dir='ltr' id='par_1_78' title="bbox 333 4673 1914 4750">
     <span class='ocr_line' id='line_1_78' title="bbox 333 4673 1914 4750; baseline 0.003 -22"><span class='ocrx_word' id='word_1_583' title='bbox 333 4683 385 4728; x_wconf 87' lang='lat' dir='ltr'><strong>et</strong></span> <span class='ocrx_word' id='word_1_584' title='bbox 411 4675 610 4744; x_wconf 77' lang='lat' dir='ltr'><strong>pluvia,</strong></span> <span class='ocrx_word' id='word_1_585' title='bbox 641 4690 782 4746; x_wconf 86' lang='lat' dir='ltr'><strong>quae</strong></span> <span class='ocrx_word' id='word_1_586' title='bbox 805 4675 964 4731; x_wconf 85' lang='lat' dir='ltr'><strong>simili</strong></span> <span class='ocrx_word' id='word_1_587' title='bbox 975 4685 1053 4730; x_wconf 89' lang='lat' dir='ltr'><strong>ter</strong></span> <span class='ocrx_word' id='word_1_588' title='bbox 1077 4690 1241 4745; x_wconf 86' lang='lat' dir='ltr'><strong>super</strong></span> <span class='ocrx_word' id='word_1_589' title='bbox 1263 4689 1456 4746; x_wconf 82' lang='lat' dir='ltr'><strong>omnes</strong></span> <span class='ocrx_word' id='word_1_590' title='bbox 1482 4673 1654 4746; x_wconf 83' lang='lat' dir='ltr'><strong>pluit;</strong></span> <span class='ocrx_word' id='word_1_591' title='bbox 1687 4693 1914 4750; x_wconf 78' lang='lat' dir='ltr'><strong>genera-</strong></span> 
     </span>
    </p>
   </div>
   <div class='ocr_carea' id='block_1_79' title="bbox 332 4767 1910 4842">
    <p class='ocr_par' dir='ltr' id='par_1_79' title="bbox 332 4767 1910 4842">
     <span class='ocr_line' id='line_1_79' title="bbox 332 4767 1910 4842; baseline 0.003 -20"><span class='ocrx_word' id='word_1_592' title='bbox 332 4768 456 4823; x_wconf 86' lang='lat' dir='ltr'><strong>liter</strong></span> <span class='ocrx_word' id='word_1_593' title='bbox 474 4768 694 4837; x_wconf 85' lang='lat' dir='ltr'><strong>quidem</strong></span> <span class='ocrx_word' id='word_1_594' title='bbox 719 4768 970 4824; x_wconf 80' lang='lat' dir='ltr'><strong>munibus</strong></span> <span class='ocrx_word' id='word_1_595' title='bbox 992 4767 1408 4824; x_wconf 83' lang='lat' dir='ltr'><strong>resurrectionis</strong></span> <span class='ocrx_word' id='word_1_596' title='bbox 1431 4777 1490 4824; x_wconf 89' lang='lat' dir='ltr'><strong>et</strong></span> <span class='ocrx_word' id='word_1_597' title='bbox 1513 4769 1654 4824; x_wconf 80' lang='lat' dir='ltr'><strong>vitae</strong></span> <span class='ocrx_word' id='word_1_598' title='bbox 1683 4775 1910 4842; x_wconf 80' lang='lat' dir='ltr'><strong>gratiam</strong></span> 
     </span>
    </p>
   </div>
   <div class='ocr_carea' id='block_1_80' title="bbox 331 4859 1911 4934">
    <p class='ocr_par' dir='ltr' id='par_1_80' title="bbox 331 4859 1911 4934">
     <span class='ocr_line' id='line_1_80' title="bbox 331 4859 1911 4934; baseline 0.006 -19"><span class='ocrx_word' id='word_1_599' title='bbox 331 4872 646 4934; x_wconf 85' lang='lat' dir='ltr'><strong>praestans,</strong></span> <span class='ocrx_word' id='word_1_600' title='bbox 695 4862 1004 4934; x_wconf 88' lang='lat' dir='ltr'><strong>specialiter</strong></span> <span class='ocrx_word' id='word_1_601' title='bbox 1041 4859 1172 4920; x_wconf 73' lang='lat' dir='ltr'><strong>vero</strong></span> <span class='ocrx_word' id='word_1_602' title='bbox 1218 4863 1274 4920; x_wconf 88' lang='lat' dir='ltr'><strong>in</strong></span> <span class='ocrx_word' id='word_1_603' title='bbox 1317 4879 1377 4921; x_wconf 87' lang='lat' dir='ltr'><strong>se</strong></span> <span class='ocrx_word' id='word_1_604' title='bbox 1419 4865 1765 4924; x_wconf 83' lang='lat' dir='ltr'><strong>credentibus</strong></span> <span class='ocrx_word' id='word_1_605' title='bbox 1804 4885 1911 4925; x_wconf 92' lang='lat' dir='ltr'><strong>non</strong></span> 
     </span>
    </p>
   </div>
   <div class='ocr_carea' id='block_1_81' title="bbox 331 4958 1908 5034">
    <p class='ocr_par' dir='ltr' id='par_1_81' title="bbox 331 4958 1908 5034">
     <span class='ocr_line' id='line_1_81' title="bbox 331 4958 1908 5034; baseline 0.003 -20"><span class='ocrx_word' id='word_1_606' title='bbox 331 4958 502 5015; x_wconf 82' lang='lat' dir='ltr'><strong>solum</strong></span> <span class='ocrx_word' id='word_1_607' title='bbox 533 4970 760 5015; x_wconf 87' lang='lat' dir='ltr'><strong>mortem</strong></span> <span class='ocrx_word' id='word_1_608' title='bbox 787 4961 988 5028; x_wconf 85' lang='lat' dir='ltr'><strong>carnis,</strong></span> <span class='ocrx_word' id='word_1_609' title='bbox 1009 4963 1103 5018; x_wconf 89' lang='lat' dir='ltr'><strong>sed</strong></span> <span class='ocrx_word' id='word_1_610' title='bbox 1125 4963 1286 5018; x_wconf 89' lang='lat' dir='ltr'><strong>etiam</strong></span> <span class='ocrx_word' id='word_1_611' title='bbox 1312 4972 1538 5016; x_wconf 88' lang='lat' dir='ltr'><strong>mortem</strong></span> <span class='ocrx_word' id='word_1_612' title='bbox 1563 4962 1782 5025; x_wconf 89' lang='lat' dir='ltr'><strong>mentis,</strong></span> <span class='ocrx_word' id='word_1_613' title='bbox 1803 4979 1908 5034; x_wconf 88' lang='lat' dir='ltr'><strong>qua</strong></span> 
     </span>
    </p>
   </div>
   <div class='ocr_carea' id='block_1_82' title="bbox 330 5049 1906 5126">
    <p class='ocr_par' dir='ltr' id='par_1_82' title="bbox 330 5049 1906 5126">
     <span class='ocr_line' id='line_1_82' title="bbox 330 5049 1906 5126; baseline 0.004 -20"><span class='ocrx_word' id='word_1_614' title='bbox 330 5049 473 5108; x_wconf 79' lang='lat' dir='ltr'><strong>Deus</strong></span> <span class='ocrx_word' id='word_1_615' title='bbox 520 5053 802 5124; x_wconf 72' lang='lat' dir='ltr'><strong>ignoratur</strong></span> <span class='ocrx_word' id='word_1_616' title='bbox 845 5063 900 5109; x_wconf 87' lang='lat' dir='ltr'><strong>et</strong></span> <span class='ocrx_word' id='word_1_617' title='bbox 943 5069 1082 5124; x_wconf 85' lang='lat' dir='ltr'><strong>quae</strong></span> <span class='ocrx_word' id='word_1_618' title='bbox 1125 5055 1362 5110; x_wconf 81' lang='lat' dir='ltr'><strong>maxima</strong></span> <span class='ocrx_word' id='word_1_619' title='bbox 1404 5054 1689 5124; x_wconf 88' lang='lat' dir='ltr'><strong>impiorum</strong></span> <span class='ocrx_word' id='word_1_620' title='bbox 1735 5071 1906 5126; x_wconf 85' lang='lat' dir='ltr'><strong>poena</strong></span> 
     </span>
    </p>
   </div>
   <div class='ocr_carea' id='block_1_83' title="bbox 329 5142 1904 5216">
    <p class='ocr_par' dir='ltr' id='par_1_83' title="bbox 329 5142 1904 5216">
     <span class='ocr_line' id='line_1_83' title="bbox 329 5142 1904 5216; baseline 0.003 -18"><span class='ocrx_word' id='word_1_621' title='bbox 329 5152 448 5209; x_wconf 85' lang='lat' dir='ltr'><strong>est,</strong></span> <span class='ocrx_word' id='word_1_622' title='bbox 503 5142 668 5200; x_wconf 77' lang='lat' dir='ltr'><strong>veluti</strong></span> <span class='ocrx_word' id='word_1_623' title='bbox 705 5147 976 5216; x_wconf 86' lang='lat' dir='ltr'><strong>quandam</strong></span> <span class='ocrx_word' id='word_1_624' title='bbox 1014 5147 1258 5201; x_wconf 87' lang='lat' dir='ltr'><strong>umbram</strong></span> <span class='ocrx_word' id='word_1_625' title='bbox 1297 5143 1320 5178; x_wconf 84' lang='grc'><strong><em>⁸</em></strong></span> <span class='ocrx_word' id='word_1_626' title='bbox 1360 5143 1631 5203; x_wconf 78' lang='lat' dir='ltr'><strong>auferens.</strong></span> <span class='ocrx_word' id='word_1_627' title='bbox 1665 5145 1848 5216; x_wconf 86' lang='lat' dir='ltr'><strong>Itaque</strong></span> <span class='ocrx_word' id='word_1_628' title='bbox 1882 5153 1904 5184; x_wconf 76' lang='lat'>&#39;</span> 
     </span>
    </p>
   </div>
   <div class='ocr_carea' id='block_1_84' title="bbox 2035 3203 3616 3279">
    <p class='ocr_par' dir='ltr' id='par_1_84' title="bbox 2035 3203 3616 3279">
     <span class='ocr_line' id='line_1_84' title="bbox 2035 3203 3616 3279; baseline 0.001 -17"><span class='ocrx_word' id='word_1_629' title='bbox 2035 3205 2146 3262; x_wconf 88' lang='lat' dir='ltr'><strong>suis</strong></span> <span class='ocrx_word' id='word_1_630' title='bbox 2170 3206 2386 3277; x_wconf 87' lang='lat' dir='ltr'><strong>scriptis</strong></span> <span class='ocrx_word' id='word_1_631' title='bbox 2407 3209 2922 3272; x_wconf 65' lang='lat' dir='ltr'><strong>commemlarerunt</strong></span> <span class='ocrx_word' id='word_1_632' title='bbox 2945 3203 3352 3279; x_wconf 70' lang='lat' dir='ltr'><strong>posteritatique</strong></span> <span class='ocrx_word' id='word_1_633' title='bbox 3379 3210 3616 3264; x_wconf 61' lang='lat' dir='ltr'><strong>tradidc-</strong></span> 
     </span>
    </p>
   </div>
   <div class='ocr_carea' id='block_1_85' title="bbox 2033 3296 3616 3366">
    <p class='ocr_par' dir='ltr' id='par_1_85' title="bbox 2033 3296 3616 3366">
     <span class='ocr_line' id='line_1_85' title="bbox 2033 3296 3616 3366; baseline 0.001 -14"><span class='ocrx_word' id='word_1_634' title='bbox 2033 3307 2181 3363; x_wconf 88' lang='lat' dir='ltr'><strong>runt,</strong></span> <span class='ocrx_word' id='word_1_635' title='bbox 2208 3296 2420 3353; x_wconf 76' lang='lat' dir='ltr'><strong>facilius</strong></span> <span class='ocrx_word' id='word_1_636' title='bbox 2441 3298 2608 3354; x_wconf 82' lang='lat' dir='ltr'><strong>ducor</strong></span> <span class='ocrx_word' id='word_1_637' title='bbox 2633 3299 2882 3360; x_wconf 76' lang='lat' dir='ltr'><strong>existima</strong></span> <span class='ocrx_word' id='word_1_638' title='bbox 2893 3317 2970 3366; x_wconf 88' lang='lat' dir='ltr'><strong>re,</strong></span> <span class='ocrx_word' id='word_1_639' title='bbox 2995 3317 3098 3354; x_wconf 83' lang='lat' dir='ltr'><strong>non</strong></span> <span class='ocrx_word' id='word_1_640' title='bbox 3122 3301 3281 3354; x_wconf 84' lang='lat' dir='ltr'><strong>aliam</strong></span> <span class='ocrx_word' id='word_1_641' title='bbox 3309 3303 3378 3356; x_wconf 91' lang='lat' dir='ltr'><strong>ob</strong></span> <span class='ocrx_word' id='word_1_642' title='bbox 3398 3315 3616 3356; x_wconf 81' lang='lat' dir='ltr'><strong>causam</strong></span> 
     </span>
    </p>
   </div>
   <div class='ocr_carea' id='block_1_86' title="bbox 2033 3390 3618 3465">
    <p class='ocr_par' dir='ltr' id='par_1_86' title="bbox 2033 3390 3618 3465">
     <span class='ocr_line' id='line_1_86' title="bbox 2033 3390 3618 3465; baseline -0.001 -19"><span class='ocrx_word' id='word_1_643' title='bbox 2033 3391 2101 3447; x_wconf 82' lang='lat' dir='ltr'><strong>ad</strong></span> <span class='ocrx_word' id='word_1_644' title='bbox 2139 3390 2276 3446; x_wconf 84' lang='lat' dir='ltr'><strong>bace</strong></span> <span class='ocrx_word' id='word_1_645' title='bbox 2305 3392 2658 3462; x_wconf 79' lang='lat' dir='ltr'><strong>excogitanda</strong></span> <span class='ocrx_word' id='word_1_646' title='bbox 2703 3400 2758 3465; x_wconf 82' lang='lat' dir='ltr'><strong>et</strong></span> <span class='ocrx_word' id='word_1_647' title='bbox 2792 3393 3076 3448; x_wconf 66' lang='lat' dir='ltr'><strong>scribenda</strong></span> <span class='ocrx_word' id='word_1_648' title='bbox 3119 3403 3378 3448; x_wconf 79' lang='lat' dir='ltr'><strong>attractus</strong></span> <span class='ocrx_word' id='word_1_649' title='bbox 3425 3394 3618 3458; x_wconf 68' lang='lat' dir='ltr'><strong>ftiiSSu,</strong></span> 
     </span>
    </p>
   </div>
   <div class='ocr_carea' id='block_1_87' title="bbox 2029 3481 3618 3556">
    <p class='ocr_par' dir='ltr' id='par_1_87' title="bbox 2029 3481 3618 3556">
     <span class='ocr_line' id='line_1_87' title="bbox 2029 3481 3618 3556; baseline -0.001 -18"><span class='ocrx_word' id='word_1_650' title='bbox 2029 3481 2133 3538; x_wconf 83' lang='lat' dir='ltr'><strong>nisi</strong></span> <span class='ocrx_word' id='word_1_651' title='bbox 2159 3489 2217 3538; x_wconf 80' lang='lat' dir='ltr'><strong>ut</strong></span> <span class='ocrx_word' id='word_1_652' title='bbox 2253 3481 2446 3537; x_wconf 85' lang='lat' dir='ltr'><strong>saltem</strong></span> <span class='ocrx_word' id='word_1_653' title='bbox 2485 3483 2565 3537; x_wconf 80' lang='lat' dir='ltr'><strong>vel</strong></span> <span class='ocrx_word' id='word_1_654' title='bbox 2597 3481 2678 3538; x_wconf 88' lang='lat' dir='ltr'><strong>sic</strong></span> <span class='ocrx_word' id='word_1_655' title='bbox 2707 3483 2938 3538; x_wconf 84' lang='lat' dir='ltr'><strong>terrenis</strong></span> <span class='ocrx_word' id='word_1_656' title='bbox 2968 3483 3384 3554; x_wconf 82' lang='lat' dir='ltr'><strong>carualihusque</strong></span> <span class='ocrx_word' id='word_1_657' title='bbox 3413 3485 3618 3556; x_wconf 81' lang='lat' dir='ltr'><strong>cogita-</strong></span> 
     </span>
    </p>
   </div>
   <div class='ocr_carea' id='block_1_88' title="bbox 2031 3574 3618 3646">
    <p class='ocr_par' dir='ltr' id='par_1_88' title="bbox 2031 3574 3618 3646">
     <span class='ocr_line' id='line_1_88' title="bbox 2031 3574 3618 3646; baseline 0.001 -16"><span class='ocrx_word' id='word_1_658' title='bbox 2031 3575 2266 3632; x_wconf 88' lang='lat' dir='ltr'><strong>tionibus</strong></span> <span class='ocrx_word' id='word_1_659' title='bbox 2294 3574 2523 3638; x_wconf 85' lang='lat' dir='ltr'><strong>deditas.</strong></span> <span class='ocrx_word' id='word_1_660' title='bbox 2553 3575 2916 3646; x_wconf 84' lang='lat' dir='ltr'><strong>simplicisqne</strong></span> <span class='ocrx_word' id='word_1_661' title='bbox 2949 3575 3071 3631; x_wconf 84' lang='lat' dir='ltr'><strong>fidei</strong></span> <span class='ocrx_word' id='word_1_662' title='bbox 3101 3577 3419 3632; x_wconf 80' lang='lat' dir='ltr'><strong>rudimentis</strong></span> <span class='ocrx_word' id='word_1_663' title='bbox 3447 3578 3618 3632; x_wconf 85' lang='lat' dir='ltr'><strong>nutri-</strong></span> 
     </span>
    </p>
   </div>
   <div class='ocr_carea' id='block_1_89' title="bbox 2026 3667 3612 3740">
    <p class='ocr_par' dir='ltr' id='par_1_89' title="bbox 2026 3667 3612 3740">
     <span class='ocr_line' id='line_1_89' title="bbox 2026 3667 3612 3740; baseline 0.001 -18"><span class='ocrx_word' id='word_1_664' title='bbox 2026 3675 2115 3724; x_wconf 86' lang='lat' dir='ltr'><strong>tos</strong></span> <span class='ocrx_word' id='word_1_665' title='bbox 2153 3667 2222 3724; x_wconf 82' lang='lat' dir='ltr'><strong>ad</strong></span> <span class='ocrx_word' id='word_1_666' title='bbox 2255 3667 2555 3738; x_wconf 85' lang='lat' dir='ltr'><strong>spiritualia</strong></span> <span class='ocrx_word' id='word_1_667' title='bbox 2599 3667 2886 3738; x_wconf 81' lang='lat' dir='ltr'><strong>cogitanda</strong></span> <span class='ocrx_word' id='word_1_668' title='bbox 2928 3667 3300 3725; x_wconf 68' lang='lat' dir='ltr'><strong>sulzlevzn&#39;eut.</strong></span> <span class='ocrx_word' id='word_1_669' title='bbox 3343 3667 3612 3740; x_wconf 73' lang='lat' dir='ltr'><strong>Numqui</strong></span> 
     </span>
    </p>
   </div>
   <div class='ocr_carea' id='block_1_90' title="bbox 2026 3748 3672 3831">
    <p class='ocr_par' dir='ltr' id='par_1_90' title="bbox 2026 3748 3672 3831">
     <span class='ocr_line' id='line_1_90' title="bbox 2026 3748 3672 3831; baseline -0.001 -17"><span class='ocrx_word' id='word_1_670' title='bbox 2026 3758 2168 3814; x_wconf 88' lang='lat' dir='ltr'><strong>ultra</strong></span> <span class='ocrx_word' id='word_1_671' title='bbox 2209 3759 2354 3815; x_wconf 88' lang='lat' dir='ltr'><strong>hunc</strong></span> <span class='ocrx_word' id='word_1_672' title='bbox 2399 3759 2656 3814; x_wconf 85' lang='lat' dir='ltr'><strong>mundum</strong></span> <span class='ocrx_word' id='word_1_673' title='bbox 2699 3757 3006 3814; x_wconf 78' lang='lat' dir='ltr'><strong>seusibilem</strong></span> <span class='ocrx_word' id='word_1_674' title='bbox 3051 3757 3348 3831; x_wconf 85' lang='lat' dir='ltr'><strong>nihil_csse</strong></span> <span class='ocrx_word' id='word_1_675' title='bbox 3394 3761 3614 3831; x_wconf 70' lang='lat' dir='ltr'><strong>escagi-</strong></span> <span class='ocrx_word' id='word_1_676' title='bbox 3663 3748 3672 3759; x_wconf 76' lang='grc'><em>’</em></span> 
     </span>
    </p>
   </div>
   <div class='ocr_carea' id='block_1_91' title="bbox 2027 3829 3614 3923">
    <p class='ocr_par' dir='ltr' id='par_1_91' title="bbox 2027 3829 3614 3923">
     <span class='ocr_line' id='line_1_91' title="bbox 2027 3829 3614 3923; baseline -0.003 -17"><span class='ocrx_word' id='word_1_677' title='bbox 2027 3860 2164 3916; x_wconf 86' lang='lat' dir='ltr'><strong>tant,</strong></span> <span class='ocrx_word' id='word_1_678' title='bbox 2194 3851 2554 3923; x_wconf 76' lang='lat' dir='ltr'><strong>promptiores</strong></span> <span class='ocrx_word' id='word_1_679' title='bbox 2591 3860 2714 3904; x_wconf 86' lang='lat' dir='ltr'><strong>sunt</strong></span> <span class='ocrx_word' id='word_1_680' title='bbox 2739 3849 2803 3902; x_wconf 77' lang='lat' dir='ltr'><strong>ad</strong></span> <span class='ocrx_word' id='word_1_681' title='bbox 2841 3849 3136 3920; x_wconf 72' lang='lat' dir='ltr'><strong>negandum</strong></span> <span class='ocrx_word' id='word_1_682' title='bbox 3159 3829 3323 3920; x_wconf 77' lang='lat' dir='ltr'><strong>quam</strong></span> <span class='ocrx_word' id='word_1_683' title='bbox 3353 3850 3417 3902; x_wconf 86' lang='lat' dir='ltr'><strong>ad</strong></span> <span class='ocrx_word' id='word_1_684' title='bbox 3448 3829 3614 3903; x_wconf 59' lang='lat' dir='ltr'><strong>conti-</strong></span> 
     </span>
    </p>
   </div>
   <div class='ocr_carea' id='block_1_92' title="bbox 2025 3939 3614 4011">
    <p class='ocr_par' dir='ltr' id='par_1_92' title="bbox 2025 3939 3614 4011">
     <span class='ocr_line' id='line_1_92' title="bbox 2025 3939 3614 4011; baseline -0.001 -13"><span class='ocrx_word' id='word_1_685' title='bbox 2025 3944 2242 3999; x_wconf 87' lang='lat' dir='ltr'><strong>tendam</strong></span> <span class='ocrx_word' id='word_1_686' title='bbox 2291 3941 2580 3998; x_wconf 75' lang='lat' dir='ltr'><strong>veridicum</strong></span> <span class='ocrx_word' id='word_1_687' title='bbox 2629 3951 2943 3995; x_wconf 84' lang='lat' dir='ltr'><strong>naturarum</strong></span> <span class='ocrx_word' id='word_1_688' title='bbox 2996 3939 3440 4011; x_wconf 85' lang='lat' dir='ltr'><strong>speculationem.</strong></span> <span class='ocrx_word' id='word_1_689' title='bbox 3505 3941 3614 3996; x_wconf 75' lang='lat' dir='ltr'><strong>Au~</strong></span> 
     </span>
    </p>
   </div>
   <div class='ocr_carea' id='block_1_93' title="bbox 2023 4029 3613 4106">
    <p class='ocr_par' dir='ltr' id='par_1_93' title="bbox 2023 4029 3613 4106">
     <span class='ocr_line' id='line_1_93' title="bbox 2023 4029 3613 4106; baseline -0.003 -16"><span class='ocrx_word' id='word_1_690' title='bbox 2023 4034 2234 4092; x_wconf 87' lang='lat' dir='ltr'><strong>dientes</strong></span> <span class='ocrx_word' id='word_1_691' title='bbox 2263 4032 2549 4106; x_wconf 86' lang='lat' dir='ltr'><strong>siquidem,</strong></span> <span class='ocrx_word' id='word_1_692' title='bbox 2575 4044 2752 4101; x_wconf 81' lang='lat' dir='ltr'><strong>neque</strong></span> <span class='ocrx_word' id='word_1_693' title='bbox 2775 4029 2914 4094; x_wconf 83' lang='lat' dir='ltr'><strong>loca,</strong></span> <span class='ocrx_word' id='word_1_694' title='bbox 2939 4044 3117 4100; x_wconf 88' lang='lat' dir='ltr'><strong>neque</strong></span> <span class='ocrx_word' id='word_1_695' title='bbox 3147 4040 3406 4099; x_wconf 87' lang='lat' dir='ltr'><strong>tempora,</strong></span> <span class='ocrx_word' id='word_1_696' title='bbox 3439 4043 3613 4100; x_wconf 79' lang='lat' dir='ltr'><strong>neque</strong></span> 
     </span>
    </p>
   </div>
   <div class='ocr_carea' id='block_1_94' title="bbox 2021 4122 3609 4198">
    <p class='ocr_par' dir='ltr' id='par_1_94' title="bbox 2021 4122 3609 4198">
     <span class='ocr_line' id='line_1_94' title="bbox 2021 4122 3609 4198; baseline -0.004 -14"><span class='ocrx_word' id='word_1_697' title='bbox 2021 4141 2282 4198; x_wconf 85' lang='lat' dir='ltr'><strong>corpora.</strong></span> <span class='ocrx_word' id='word_1_698' title='bbox 2315 4141 2492 4196; x_wconf 86' lang='lat' dir='ltr'><strong>neque</strong></span> <span class='ocrx_word' id='word_1_699' title='bbox 2531 4123 2828 4195; x_wconf 84' lang='lat' dir='ltr'><strong>corporalia</strong></span> <span class='ocrx_word' id='word_1_700' title='bbox 2867 4132 2988 4196; x_wconf 86' lang='lat' dir='ltr'><strong>post</strong></span> <span class='ocrx_word' id='word_1_701' title='bbox 3029 4122 3191 4180; x_wconf 77' lang='lat' dir='ltr'><strong>liuent</strong></span> <span class='ocrx_word' id='word_1_702' title='bbox 3230 4123 3388 4194; x_wconf 84' lang='lat' dir='ltr'><strong>hujus</strong></span> <span class='ocrx_word' id='word_1_703' title='bbox 3424 4125 3609 4181; x_wconf 73' lang='lat' dir='ltr'><strong>unita-ii</strong></span> 
     </span>
    </p>
   </div>
   <div class='ocr_carea' id='block_1_95' title="bbox 2020 4213 3647 4286">
    <p class='ocr_par' dir='ltr' id='par_1_95' title="bbox 2020 4213 3647 4286">
     <span class='ocr_line' id='line_1_95' title="bbox 2020 4213 3647 4286; baseline -0.002 -13"><span class='ocrx_word' id='word_1_704' title='bbox 2020 4232 2142 4274; x_wconf 87' lang='lat' dir='ltr'><strong>esse</strong></span> <span class='ocrx_word' id='word_1_705' title='bbox 2168 4215 2345 4272; x_wconf 82' lang='lat' dir='ltr'><strong>futura</strong></span> <span class='ocrx_word' id='word_1_706' title='bbox 2366 4255 2381 4282; x_wconf 88' lang='lat'><strong>,</strong></span> <span class='ocrx_word' id='word_1_707' title='bbox 2413 4213 2698 4276; x_wconf 87' lang='lat' dir='ltr'><strong>confestim</strong></span> <span class='ocrx_word' id='word_1_708' title='bbox 2725 4213 3042 4270; x_wconf 76' lang='lat' dir='ltr'><strong>inﬂammati</strong></span> <span class='ocrx_word' id='word_1_709' title='bbox 3077 4224 3368 4286; x_wconf 86' lang='lat' dir='ltr'><strong>erumpunt</strong></span> <span class='ocrx_word' id='word_1_710' title='bbox 3394 4227 3446 4270; x_wconf 87' lang='lat' dir='ltr'><strong>et</strong></span> <span class='ocrx_word' id='word_1_711' title='bbox 3479 4231 3611 4286; x_wconf 44' lang='lat' dir='ltr'><strong>pro:</strong></span> <span class='ocrx_word' id='word_1_712' title='bbox 3641 4265 3647 4269; x_wconf 89' lang='lat'><em>.</em></span> 
     </span>
    </p>
   </div>
   <div class='ocr_carea' id='block_1_96' title="bbox 2020 4305 3606 4379">
    <p class='ocr_par' dir='ltr' id='par_1_96' title="bbox 2020 4305 3606 4379">
     <span class='ocr_line' id='line_1_96' title="bbox 2020 4305 3606 4379; baseline -0.001 -14"><span class='ocrx_word' id='word_1_713' title='bbox 2020 4310 2275 4375; x_wconf 88' lang='lat' dir='ltr'><strong>clamant,</strong></span> <span class='ocrx_word' id='word_1_714' title='bbox 2305 4308 2547 4364; x_wconf 72' lang='lat' dir='ltr'><strong>(licentes</strong></span> <span class='ocrx_word' id='word_1_715' title='bbox 2575 4322 2590 4362; x_wconf 87' lang='lat'><strong>:</strong></span> <span class='ocrx_word' id='word_1_716' title='bbox 2619 4305 2762 4361; x_wconf 72' lang='lat' dir='ltr'><strong>Nihil</strong></span> <span class='ocrx_word' id='word_1_717' title='bbox 2801 4307 2965 4379; x_wconf 73' lang='lat' dir='ltr'><strong>igitur</strong></span> <span class='ocrx_word' id='word_1_718' title='bbox 2992 4306 3098 4362; x_wconf 90' lang='lat' dir='ltr'><strong>erit</strong></span> <span class='ocrx_word' id='word_1_719' title='bbox 3119 4347 3133 4372; x_wconf 92' lang='lat'><strong>,</strong></span> <span class='ocrx_word' id='word_1_720' title='bbox 3170 4307 3216 4362; x_wconf 85' lang='lat' dir='ltr'><strong>si</strong></span> <span class='ocrx_word' id='word_1_721' title='bbox 3258 4306 3392 4363; x_wconf 84' lang='lat' dir='ltr'><strong>nihil</strong></span> <span class='ocrx_word' id='word_1_722' title='bbox 3421 4307 3606 4364; x_wconf 84' lang='lat' dir='ltr'><strong>talium</strong></span> 
     </span>
    </p>
   </div>
   <div class='ocr_carea' id='block_1_97' title="bbox 2023 4399 3694 4471">
    <p class='ocr_par' dir='ltr' id='par_1_97' title="bbox 2023 4399 3694 4471">
     <span class='ocr_line' id='line_1_97' title="bbox 2023 4399 3694 4471; baseline -0.005 -8"><span class='ocrx_word' id='word_1_723' title='bbox 2023 4405 2378 4469; x_wconf 82' lang='lat' dir='ltr'><strong>reumnscrit;</strong></span> <span class='ocrx_word' id='word_1_724' title='bbox 2431 4412 2490 4459; x_wconf 88' lang='lat' dir='ltr'><strong>et</strong></span> <span class='ocrx_word' id='word_1_725' title='bbox 2538 4401 2797 4457; x_wconf 85' lang='lat' dir='ltr'><strong>insultant</strong></span> <span class='ocrx_word' id='word_1_726' title='bbox 2843 4401 2948 4465; x_wconf 87' lang='lat' dir='ltr'><strong>bis,</strong></span> <span class='ocrx_word' id='word_1_727' title='bbox 2999 4399 3092 4471; x_wconf 89' lang='lat' dir='ltr'><strong>qui</strong></span> <span class='ocrx_word' id='word_1_728' title='bbox 3144 4399 3258 4454; x_wconf 88' lang='lat' dir='ltr'><strong>sola</strong></span> <span class='ocrx_word' id='word_1_729' title='bbox 3306 4399 3606 4470; x_wconf 86' lang='lat' dir='ltr'><strong>spiritualia</strong></span> <span class='ocrx_word' id='word_1_730' title='bbox 3687 4430 3694 4434; x_wconf 86' lang='lat'><strong><em>-</em></strong></span> 
     </span>
    </p>
   </div>
   <div class='ocr_carea' id='block_1_98' title="bbox 2020 4493 3605 4573">
    <p class='ocr_par' dir='ltr' id='par_1_98' title="bbox 2020 4493 3605 4573">
     <span class='ocr_line' id='line_1_98' title="bbox 2020 4493 3605 4573; baseline -0.004 -18"><span class='ocrx_word' id='word_1_731' title='bbox 2020 4499 2366 4573; x_wconf 89' lang='lat' dir='ltr'><strong>promittunt,</strong></span> <span class='ocrx_word' id='word_1_732' title='bbox 2409 4511 2700 4566; x_wconf 87' lang='lat' dir='ltr'><strong>rerumque</strong></span> <span class='ocrx_word' id='word_1_733' title='bbox 2750 4493 3085 4551; x_wconf 62' lang='lat' dir='ltr'><strong>sensibilium</strong></span> <span class='ocrx_word' id='word_1_734' title='bbox 3136 4493 3417 4565; x_wconf 85' lang='lat' dir='ltr'><strong>opiniones</strong></span> <span class='ocrx_word' id='word_1_735' title='bbox 3458 4495 3605 4549; x_wconf 86' lang='lat' dir='ltr'><strong>aufe-</strong></span> 
     </span>
    </p>
   </div>
   <div class='ocr_carea' id='block_1_99' title="bbox 2019 4585 3607 4659">
    <p class='ocr_par' dir='ltr' id='par_1_99' title="bbox 2019 4585 3607 4659">
     <span class='ocr_line' id='line_1_99' title="bbox 2019 4585 3607 4659; baseline -0.004 -12"><span class='ocrx_word' id='word_1_736' title='bbox 2019 4600 2162 4648; x_wconf 87' lang='lat' dir='ltr'><strong>runt.</strong></span> <span class='ocrx_word' id='word_1_737' title='bbox 2227 4589 2368 4647; x_wconf 79' lang='lat' dir='ltr'><strong>Haec</strong></span> <span class='ocrx_word' id='word_1_738' title='bbox 2443 4590 2659 4659; x_wconf 82' lang='lat' dir='ltr'><strong>itaque,</strong></span> <span class='ocrx_word' id='word_1_739' title='bbox 2709 4595 2766 4640; x_wconf 86' lang='lat' dir='ltr'><strong>ut</strong></span> <span class='ocrx_word' id='word_1_740' title='bbox 2817 4587 3037 4656; x_wconf 86' lang='lat' dir='ltr'><strong>opinor,</strong></span> <span class='ocrx_word' id='word_1_741' title='bbox 3091 4585 3269 4657; x_wconf 81' lang='lat' dir='ltr'><strong>magni</strong></span> <span class='ocrx_word' id='word_1_742' title='bbox 3329 4587 3607 4656; x_wconf 76' lang='lat' dir='ltr'><strong>divinique</strong></span> 
     </span>
    </p>
   </div>
   <div class='ocr_carea' id='block_1_100' title="bbox 2001 4667 3606 4754">
    <p class='ocr_par' dir='ltr' id='par_1_100' title="bbox 2001 4667 3606 4754">
     <span class='ocr_line' id='line_1_100' title="bbox 2001 4667 3606 4754; baseline -0.007 -11"><span class='ocrx_word' id='word_1_743' title='bbox 2001 4667 2422 4754; x_wconf 75' lang='lat' dir='ltr'><strong>considerantes</strong></span> <span class='ocrx_word' id='word_1_744' title='bbox 2450 4681 2515 4738; x_wconf 83' lang='grc'><strong>¹⁸.</strong></span> <span class='ocrx_word' id='word_1_745' title='bbox 2551 4681 2856 4749; x_wconf 68' lang='lat' dir='ltr'><strong>timidisque</strong></span> <span class='ocrx_word' id='word_1_746' title='bbox 2900 4678 3132 4732; x_wconf 77' lang='lat' dir='ltr'><strong>fidelium</strong></span> <span class='ocrx_word' id='word_1_747' title='bbox 3163 4677 3483 4747; x_wconf 81' lang='lat' dir='ltr'><strong>simplicium</strong></span> <span class='ocrx_word' id='word_1_748' title='bbox 3516 4695 3606 4732; x_wconf 49' lang='lat' dir='ltr'><strong>co.</strong></span> 
     </span>
    </p>
   </div>
   <div class='ocr_carea' id='block_1_101' title="bbox 2019 4769 3604 4851">
    <p class='ocr_par' dir='ltr' id='par_1_101' title="bbox 2019 4769 3604 4851">
     <span class='ocr_line' id='line_1_101' title="bbox 2019 4769 3604 4851; baseline -0.007 -18"><span class='ocrx_word' id='word_1_749' title='bbox 2019 4775 2369 4851; x_wconf 79' lang='lat' dir='ltr'><strong>gitatiauibus</strong></span> <span class='ocrx_word' id='word_1_750' title='bbox 2412 4773 2758 4830; x_wconf 82' lang='lat' dir='ltr'><strong>consulentes</strong></span> <span class='ocrx_word' id='word_1_751' title='bbox 2783 4775 2848 4834; x_wconf 66' lang='grc'><strong>’⁵,</strong></span> <span class='ocrx_word' id='word_1_752' title='bbox 2883 4769 3068 4824; x_wconf 80' lang='lat' dir='ltr'><strong>utilitis</strong></span> <span class='ocrx_word' id='word_1_753' title='bbox 3111 4770 3284 4826; x_wconf 74' lang='lat' dir='ltr'><strong>visum</strong></span> <span class='ocrx_word' id='word_1_754' title='bbox 3319 4780 3403 4825; x_wconf 86' lang='lat' dir='ltr'><strong>est</strong></span> <span class='ocrx_word' id='word_1_755' title='bbox 3439 4771 3515 4826; x_wconf 72' lang='lat' dir='ltr'><strong>cis</strong></span> <span class='ocrx_word' id='word_1_756' title='bbox 3560 4773 3604 4810; x_wconf 77' lang='grc'><strong>³⁸</strong></span> 
     </span>
    </p>
   </div>
   <div class='ocr_carea' id='block_1_102' title="bbox 2018 4863 3602 4943">
    <p class='ocr_par' dir='ltr' id='par_1_102' title="bbox 2018 4863 3602 4943">
     <span class='ocr_line' id='line_1_102' title="bbox 2018 4863 3602 4943; baseline -0.003 -21"><span class='ocrx_word' id='word_1_757' title='bbox 2018 4871 2332 4943; x_wconf 83' lang='lat' dir='ltr'><strong>praedicare</strong></span> <span class='ocrx_word' id='word_1_758' title='bbox 2405 4878 2740 4922; x_wconf 89' lang='lat' dir='ltr'><strong>terrenarum</strong></span> <span class='ocrx_word' id='word_1_759' title='bbox 2810 4863 3252 4933; x_wconf 69' lang='lat' dir='ltr'><strong>sensibiliumque</strong></span> <span class='ocrx_word' id='word_1_760' title='bbox 3314 4877 3602 4933; x_wconf 84' lang='lat' dir='ltr'><strong>corporqu</strong></span> 
     </span>
    </p>
   </div>
   <div class='ocr_carea' id='block_1_103' title="bbox 2019 4949 3601 5024">
    <p class='ocr_par' dir='ltr' id='par_1_103' title="bbox 2019 4949 3601 5024">
     <span class='ocr_line' id='line_1_103' title="bbox 2019 4949 3601 5024; baseline -0.006 -6"><span class='ocrx_word' id='word_1_761' title='bbox 2019 4959 2523 5019; x_wconf 87' lang='lat' dir='ltr'><strong>trausmutatioueut</strong></span> <span class='ocrx_word' id='word_1_762' title='bbox 2559 4959 2609 5012; x_wconf 90' lang='lat' dir='ltr'><strong>in</strong></span> <span class='ocrx_word' id='word_1_763' title='bbox 2642 4957 2892 5012; x_wconf 63' lang='lat' dir='ltr'><strong>coelestia</strong></span> <span class='ocrx_word' id='word_1_764' title='bbox 2922 4949 3328 5024; x_wconf 80' lang='lat' dir='ltr'><strong>spiritualiaque</strong></span> <span class='ocrx_word' id='word_1_765' title='bbox 3373 4969 3601 5023; x_wconf 84' lang='lat' dir='ltr'><strong>corpora</strong></span> 
     </span>
    </p>
   </div>
   <div class='ocr_carea' id='block_1_104' title="bbox 2017 5047 3602 5131">
    <p class='ocr_par' dir='ltr' id='par_1_104' title="bbox 2017 5047 3602 5131">
     <span class='ocr_line' id='line_1_104' title="bbox 2017 5047 3602 5131; baseline -0.008 -18"><span class='ocrx_word' id='word_1_766' title='bbox 2017 5051 2378 5131; x_wconf 78' lang='lat' dir='ltr'><strong>[praedicare]</strong></span> <span class='ocrx_word' id='word_1_767' title='bbox 2399 5052 2464 5116; x_wconf 82' lang='lat'><strong>“,</strong></span> <span class='ocrx_word' id='word_1_768' title='bbox 2489 5064 2646 5121; x_wconf 86' lang='lat' dir='ltr'><strong>quam</strong></span> <span class='ocrx_word' id='word_1_769' title='bbox 2675 5049 2888 5119; x_wconf 82' lang='lat' dir='ltr'><strong>penitus</strong></span> <span class='ocrx_word' id='word_1_770' title='bbox 2907 5063 3130 5116; x_wconf 85' lang='lat' dir='ltr'><strong>corpora</strong></span> <span class='ocrx_word' id='word_1_771' title='bbox 3154 5057 3207 5102; x_wconf 89' lang='lat' dir='ltr'><strong>et</strong></span> <span class='ocrx_word' id='word_1_772' title='bbox 3227 5047 3524 5116; x_wconf 80' lang='lat' dir='ltr'><strong>corporalia</strong></span> <span class='ocrx_word' id='word_1_773' title='bbox 3547 5056 3602 5102; x_wconf 85' lang='lat' dir='ltr'><strong>ct</strong></span> 
     </span>
    </p>
   </div>
   <div class='ocr_carea' id='block_1_105' title="bbox 2013 5139 3600 5212">
    <p class='ocr_par' dir='ltr' id='par_1_105' title="bbox 2013 5139 3600 5212">
     <span class='ocr_line' id='line_1_105' title="bbox 2013 5139 3600 5212; baseline -0.01 -4"><span class='ocrx_word' id='word_1_774' title='bbox 2013 5147 2288 5208; x_wconf 82' lang='lat' dir='ltr'><strong>scusibilia</strong></span> <span class='ocrx_word' id='word_1_775' title='bbox 2318 5147 2501 5202; x_wconf 87' lang='lat' dir='ltr'><strong>omnia</strong></span> <span class='ocrx_word' id='word_1_776' title='bbox 2540 5158 2814 5212; x_wconf 74' lang='lat' dir='ltr'><strong>nunquam</strong></span> <span class='ocrx_word' id='word_1_777' title='bbox 2849 5156 2970 5196; x_wconf 65' lang='lat' dir='ltr'><strong>csse</strong></span> <span class='ocrx_word' id='word_1_778' title='bbox 3005 5139 3202 5194; x_wconf 81' lang='lat' dir='ltr'><strong>futura.</strong></span> <span class='ocrx_word' id='word_1_779' title='bbox 3249 5139 3600 5194; x_wconf 63' lang='lat' dir='ltr'><strong>&#39;i&#39;oicraidlinr</strong></span> 
     </span>
    </p>
   </div>
   <div class='ocr_carea' id='block_1_106' title="bbox 1605 5309 2304 5370">
    <p class='ocr_par' dir='ltr' id='par_1_106' title="bbox 1605 5309 2304 5370">
     <span class='ocr_line' id='line_1_106' title="bbox 1605 5309 2304 5370; baseline -0.006 -2"><span class='ocrx_word' id='word_1_780' title='bbox 1605 5312 1860 5369; x_wconf 76' lang='lat' dir='ltr'><strong>VARIAE</strong></span> <span class='ocrx_word' id='word_1_781' title='bbox 1899 5309 2304 5370; x_wconf 66' lang='lat' dir='ltr'><strong>LEC&#39;l‘lO-N‘ES.</strong></span> 
     </span>
    </p>
   </div>
   <div class='ocr_carea' id='block_1_107' title="bbox 399 5416 3594 5503">
    <p class='ocr_par' dir='ltr' id='par_1_107' title="bbox 399 5416 3594 5503">
     <span class='ocr_line' id='line_1_107' title="bbox 399 5416 3594 5503; baseline -0.004 -21"><span class='ocrx_word' id='word_1_782' title='bbox 399 5428 427 5503; x_wconf 84' lang='lat'><strong>&#39;_</strong></span> <span class='ocrx_word' id='word_1_783' title='bbox 455 5427 547 5503; x_wconf 72' lang='lat' dir='ltr'><strong>Sic</strong></span> <span class='ocrx_word' id='word_1_784' title='bbox 572 5425 656 5484; x_wconf 71' lang='lat' dir='ltr'><strong>CF</strong></span> <span class='ocrx_word' id='word_1_785' title='bbox 677 5445 701 5503; x_wconf 84' lang='lat'><strong>;_</strong></span> <span class='ocrx_word' id='word_1_786' title='bbox 723 5431 764 5482; x_wconf 81' lang='grc' dir='ltr'><strong>Δ</strong></span> <span class='ocrx_word' id='word_1_787' title='bbox 791 5426 1095 5503; x_wconf 61' lang='lat' dir='ltr'><strong>(asininum.</strong></span> <span class='ocrx_word' id='word_1_788' title='bbox 1179 5428 1200 5458; x_wconf 84' lang='grc'>¹</span> <span class='ocrx_word' id='word_1_789' title='bbox 1232 5427 1572 5503; x_wconf 63' lang='lat' dir='ltr'><strong>deliramenta</strong></span> <span class='ocrx_word' id='word_1_790' title='bbox 1600 5445 1707 5503; x_wconf 84' lang='lat' dir='ltr'><strong>om.</strong></span> <span class='ocrx_word' id='word_1_791' title='bbox 1736 5431 1797 5484; x_wconf 84' lang='lat' dir='ltr'><strong>A.</strong></span> <span class='ocrx_word' id='word_1_792' title='bbox 1875 5429 1899 5462; x_wconf 86' lang='grc'>³</span> <span class='ocrx_word' id='word_1_793' title='bbox 1923 5428 2019 5503; x_wconf 82' lang='lat' dir='ltr'><strong>Sic</strong></span> <span class='ocrx_word' id='word_1_794' title='bbox 2054 5429 2174 5503; x_wconf 57' lang='lat' dir='ltr'><strong>Cf;</strong></span> <span class='ocrx_word' id='word_1_795' title='bbox 2199 5428 2240 5483; x_wconf 80' lang='grc' dir='ltr'><strong>Α</strong></span> <span class='ocrx_word' id='word_1_796' title='bbox 2274 5427 2494 5503; x_wconf 78' lang='lat' dir='ltr'><strong>eo__loco.</strong></span> <span class='ocrx_word' id='word_1_797' title='bbox 2537 5423 2588 5503; x_wconf 73' lang='lat'><strong>_‘</strong></span> <span class='ocrx_word' id='word_1_798' title='bbox 2618 5422 2710 5478; x_wconf 80' lang='lat' dir='ltr'><strong>Sic</strong></span> <span class='ocrx_word' id='word_1_799' title='bbox 2755 5425 2793 5477; x_wconf 72' lang='grc' dir='ltr'>Α</span> <span class='ocrx_word' id='word_1_800' title='bbox 2829 5441 2841 5483; x_wconf 86' lang='grc'>;</span> <span class='ocrx_word' id='word_1_801' title='bbox 2893 5422 2978 5478; x_wconf 80' lang='lat' dir='ltr'><strong>CF</strong></span> <span class='ocrx_word' id='word_1_802' title='bbox 3045 5424 3238 5503; x_wconf 60' lang='lat' dir='ltr'><strong>eligens</strong></span> <span class='ocrx_word' id='word_1_803' title='bbox 3259 5450 3325 5503; x_wconf 65' lang='grc' dir='ltr'><strong>-τ</strong></span> <span class='ocrx_word' id='word_1_804' title='bbox 3349 5416 3594 5503; x_wconf 50' lang='lat' dir='ltr'><strong>repellens</strong></span> 
     </span>
    </p>
   </div>
   <div class='ocr_carea' id='block_1_108' title="bbox 331 5496 928 5566">
    <p class='ocr_par' dir='ltr' id='par_1_108' title="bbox 331 5496 928 5566">
     <span class='ocr_line' id='line_1_108' title="bbox 331 5496 928 5566; baseline -0.005 -13"><span class='ocrx_word' id='word_1_805' title='bbox 331 5496 928 5566; x_wconf 61' lang='lat' dir='ltr'><strong>~facisns—desereus.</strong></span> 
     </span>
    </p>
   </div>
   <div class='ocr_carea' id='block_1_109' title="bbox 333 5567 1286 5626">
    <p class='ocr_par' dir='ltr' id='par_1_109' title="bbox 333 5567 1286 5626">
     <span class='ocr_line' id='line_1_109' title="bbox 333 5567 1286 5626; baseline -0.001 -4"><span class='ocrx_word' id='word_1_806' title='bbox 333 5567 459 5622; x_wconf 64' lang='lat' dir='ltr'><strong>dant</strong></span> <span class='ocrx_word' id='word_1_807' title='bbox 477 5570 719 5623; x_wconf 83' lang='lat' dir='ltr'><strong>umbram</strong></span> <span class='ocrx_word' id='word_1_808' title='bbox 743 5585 853 5626; x_wconf 86' lang='lat' dir='ltr'><strong>om.</strong></span> <span class='ocrx_word' id='word_1_809' title='bbox 883 5568 951 5623; x_wconf 78' lang='grc' dir='ltr'><strong>Α.</strong></span> <span class='ocrx_word' id='word_1_810' title='bbox 1051 5571 1072 5603; x_wconf 80' lang='grc'><strong><em>⁸</em></strong></span> <span class='ocrx_word' id='word_1_811' title='bbox 1099 5567 1146 5625; x_wconf 71' lang='grc' dir='ltr'>Α</span> <span class='ocrx_word' id='word_1_812' title='bbox 1179 5568 1286 5623; x_wconf 80' lang='lat' dir='ltr'><strong>Ita.</strong></span> 
     </span>
    </p>
   </div>
   <div class='ocr_carea' id='block_1_110' title="bbox 327 5709 947 5777">
    <p class='ocr_par' dir='ltr' id='par_1_110' title="bbox 327 5709 947 5777">
     <span class='ocr_line' id='line_1_110' title="bbox 327 5709 947 5777; baseline -0.002 -15"><span class='ocrx_word' id='word_1_813' title='bbox 327 5710 369 5744; x_wconf 84' lang='grc'><strong>¹⁶</strong></span> <span class='ocrx_word' id='word_1_814' title='bbox 405 5709 708 5776; x_wconf 75' lang='lat' dir='ltr'><strong>praedicare</strong></span> <span class='ocrx_word' id='word_1_815' title='bbox 741 5709 846 5765; x_wconf 87' lang='lat' dir='ltr'><strong>om.</strong></span> <span class='ocrx_word' id='word_1_816' title='bbox 884 5709 947 5777; x_wconf 67' lang='grc' dir='ltr'><strong>Α.</strong></span> 
     </span>
    </p>
   </div>
   <div class='ocr_carea' id='block_1_111' title="bbox 1020 5498 1997 5628">
    <p class='ocr_par' dir='ltr' id='par_1_111' title="bbox 1020 5498 1997 5628">
     <span class='ocr_line' id='line_1_111' title="bbox 1020 5498 1997 5572; baseline 0.004 -20"><span class='ocrx_word' id='word_1_817' title='bbox 1020 5499 1042 5532; x_wconf 83' lang='grc'><strong><em>⁵</em></strong></span> <span class='ocrx_word' id='word_1_818' title='bbox 1062 5498 1106 5552; x_wconf 76' lang='grc' dir='ltr'><strong>Α</strong></span> <span class='ocrx_word' id='word_1_819' title='bbox 1125 5499 1264 5568; x_wconf 82' lang='lat' dir='ltr'><strong>quod</strong></span> <span class='ocrx_word' id='word_1_820' title='bbox 1293 5514 1398 5555; x_wconf 88' lang='lat' dir='ltr'><strong>non</strong></span> <span class='ocrx_word' id='word_1_821' title='bbox 1426 5499 1750 5572; x_wconf 71' lang='lat' dir='ltr'><strong>(Apostolum</strong></span> <span class='ocrx_word' id='word_1_822' title='bbox 1779 5516 1886 5556; x_wconf 89' lang='lat' dir='ltr'><strong>om.</strong></span> <span class='ocrx_word' id='word_1_823' title='bbox 1906 5500 1997 5572; x_wconf 84' lang='lat' dir='ltr'><strong>A.)</strong></span> 
     </span>
     <span class='ocr_line' id='line_1_112' title="bbox 1051 5568 1997 5628; baseline -0.001 -3"><span class='ocrx_word' id='word_1_824' title='bbox 1051 5571 1072 5603; x_wconf 81' lang='lat'><strong>’</strong></span> <span class='ocrx_word' id='word_1_825' title='bbox 1099 5569 1146 5625; x_wconf 78' lang='grc' dir='ltr'>Α</span> <span class='ocrx_word' id='word_1_826' title='bbox 1179 5568 1286 5623; x_wconf 81' lang='lat' dir='ltr'><strong>Ita.</strong></span> <span class='ocrx_word' id='word_1_827' title='bbox 1388 5568 1432 5601; x_wconf 80' lang='grc'><strong><em>³⁸</em></strong></span> <span class='ocrx_word' id='word_1_828' title='bbox 1465 5569 1554 5625; x_wconf 74' lang='lat' dir='ltr'><strong>Sic</strong></span> <span class='ocrx_word' id='word_1_829' title='bbox 1591 5568 1706 5628; x_wconf 78' lang='lat' dir='ltr'><strong>CF:</strong></span> <span class='ocrx_word' id='word_1_830' title='bbox 1746 5569 1794 5628; x_wconf 78' lang='grc' dir='ltr'><strong>Δ</strong></span> <span class='ocrx_word' id='word_1_831' title='bbox 1832 5573 1997 5625; x_wconf 76' lang='lat' dir='ltr'><strong>habita</strong></span> 
     </span>
    </p>
   </div>
   <div class='ocr_carea' id='block_1_112' title="bbox 335 5579 3108 5714">
    <p class='ocr_par' dir='ltr' id='par_1_112' title="bbox 335 5579 3108 5714">
     <span class='ocr_line' id='line_1_113' title="bbox 335 5579 3018 5634; baseline -0.002 -12"><span class='ocrx_word' id='word_1_832' title='bbox 335 5579 451 5622; x_wconf 78' lang='lat' dir='ltr'><strong>dum</strong></span> <span class='ocrx_word' id='word_1_833' title='bbox 477 5579 719 5623; x_wconf 79' lang='lat' dir='ltr'><strong>umbram</strong></span> <span class='ocrx_word' id='word_1_834' title='bbox 743 5585 853 5626; x_wconf 84' lang='lat' dir='ltr'><strong>om.</strong></span> <span class='ocrx_word' id='word_1_835' title='bbox 883 5579 951 5623; x_wconf 73' lang='grc' dir='ltr'><strong>Α.</strong></span> <span class='ocrx_word' id='word_1_836' title='bbox 1051 5579 1072 5603; x_wconf 88' lang='grc'><em>’</em></span> <span class='ocrx_word' id='word_1_837' title='bbox 1099 5579 1146 5625; x_wconf 79' lang='lat' dir='ltr'><strong>A</strong></span> <span class='ocrx_word' id='word_1_838' title='bbox 1179 5579 1286 5623; x_wconf 81' lang='lat' dir='ltr'><strong>Ita.</strong></span> <span class='ocrx_word' id='word_1_839' title='bbox 1388 5579 1432 5601; x_wconf 87' lang='lat'><strong>&quot;</strong></span> <span class='ocrx_word' id='word_1_840' title='bbox 1465 5579 1554 5625; x_wconf 71' lang='lat' dir='ltr'><strong>Sic</strong></span> <span class='ocrx_word' id='word_1_841' title='bbox 1591 5579 1706 5634; x_wconf 72' lang='lat' dir='ltr'><strong>ur;</strong></span> <span class='ocrx_word' id='word_1_842' title='bbox 1746 5579 1794 5628; x_wconf 78' lang='grc' dir='ltr'><strong>Δ</strong></span> <span class='ocrx_word' id='word_1_843' title='bbox 1832 5579 2153 5625; x_wconf 81' lang='lat' dir='ltr'><strong>habitatura.</strong></span> <span class='ocrx_word' id='word_1_844' title='bbox 2231 5579 2274 5603; x_wconf 80' lang='lat'><strong><em>“</em></strong></span> <span class='ocrx_word' id='word_1_845' title='bbox 2305 5579 2396 5625; x_wconf 75' lang='lat' dir='ltr'><strong>Sic</strong></span> <span class='ocrx_word' id='word_1_846' title='bbox 2423 5579 2536 5633; x_wconf 69' lang='lat' dir='ltr'><strong>ur;</strong></span> <span class='ocrx_word' id='word_1_847' title='bbox 2565 5579 2612 5620; x_wconf 74' lang='grc' dir='ltr'><strong>Α</strong></span> <span class='ocrx_word' id='word_1_848' title='bbox 2640 5579 3018 5634; x_wconf 56' lang='lat' dir='ltr'><strong>spectatissimi.</strong></span> 
     </span>
     <span class='ocr_line' id='line_1_114' title="bbox 335 5632 3108 5714; baseline -0.002 -22"><span class='ocrx_word' id='word_1_849' title='bbox 335 5635 438 5714; x_wconf 50' lang='lat' dir='ltr'><strong>ifA</strong></span> <span class='ocrx_word' id='word_1_850' title='bbox 464 5639 712 5714; x_wconf 61' lang='lat' dir='ltr'><strong>auferunt</strong></span> <span class='ocrx_word' id='word_1_851' title='bbox 747 5638 1034 5714; x_wconf 75' lang='lat' dir='ltr'><strong>opiniones.</strong></span> <span class='ocrx_word' id='word_1_852' title='bbox 1115 5639 1158 5671; x_wconf 76' lang='lat'>“</span> <span class='ocrx_word' id='word_1_853' title='bbox 1189 5639 1279 5696; x_wconf 86' lang='lat' dir='ltr'><strong>Sic</strong></span> <span class='ocrx_word' id='word_1_854' title='bbox 1303 5638 1418 5707; x_wconf 74' lang='lat' dir='ltr'><strong>CF;</strong></span> <span class='ocrx_word' id='word_1_855' title='bbox 1449 5639 1492 5696; x_wconf 83' lang='lat' dir='ltr'><strong>A</strong></span> <span class='ocrx_word' id='word_1_856' title='bbox 1523 5643 1724 5713; x_wconf 79' lang='lat' dir='ltr'><strong>magnis</strong></span> <span class='ocrx_word' id='word_1_857' title='bbox 1769 5641 2063 5714; x_wconf 68' lang='lat' dir='ltr'><strong>divinisque</strong></span> <span class='ocrx_word' id='word_1_858' title='bbox 2101 5639 2552 5697; x_wconf 74' lang='lat' dir='ltr'><strong>considerantibus</strong></span> <span class='ocrx_word' id='word_1_859' title='bbox 2578 5648 2678 5694; x_wconf 85' lang='lat' dir='ltr'><strong>cet.</strong></span> <span class='ocrx_word' id='word_1_860' title='bbox 2707 5632 3108 5690; x_wconf 72' lang='lat' dir='ltr'><strong>rar-su’entil-ns.</strong></span> 
     </span>
    </p>
   </div>
   <div class='ocr_carea' id='block_1_113' title="bbox 3200 5490 3592 5557">
    <p class='ocr_par' dir='ltr' id='par_1_113' title="bbox 3200 5490 3592 5557">
     <span class='ocr_line' id='line_1_115' title="bbox 3200 5490 3592 5557; baseline -0.015 -11"><span class='ocrx_word' id='word_1_861' title='bbox 3200 5493 3224 5526; x_wconf 84' lang='grc'><strong><em>⁸</em></strong></span> <span class='ocrx_word' id='word_1_862' title='bbox 3246 5490 3397 5546; x_wconf 77' lang='grc' dir='ltr'>ιἐἰιιὶ</span> <span class='ocrx_word' id='word_1_863' title='bbox 3423 5506 3592 5557; x_wconf 64' lang='lat' dir='ltr'><strong>quan-</strong></span> 
     </span>
    </p>
   </div>
   <div class='ocr_carea' id='block_1_114' title="bbox 3116 5558 3588 5681">
    <p class='ocr_par' dir='ltr' id='par_1_114' title="bbox 3116 5558 3588 5681">
     <span class='ocr_line' id='line_1_116' title="bbox 3116 5558 3588 5616; baseline -0.015 1"><span class='ocrx_word' id='word_1_864' title='bbox 3116 5565 3158 5594; x_wconf 75' lang='lat'>&quot;</span> <span class='ocrx_word' id='word_1_865' title='bbox 3191 5563 3326 5616; x_wconf 66' lang='lat' dir='ltr'><strong>dicit:</strong></span> <span class='ocrx_word' id='word_1_866' title='bbox 3350 5577 3458 5613; x_wconf 73' lang='lat' dir='ltr'><strong>(mi.</strong></span> <span class='ocrx_word' id='word_1_867' title='bbox 3483 5558 3588 5612; x_wconf 56' lang='lat' dir='ltr'><strong>Ci“.</strong></span> 
     </span>
     <span class='ocr_line' id='line_1_117' title="bbox 3207 5629 3567 5681; baseline 0 0"><span class='ocrx_word' id='word_1_868' title='bbox 3207 5635 3250 5667; x_wconf 78' lang='lat'>”</span> <span class='ocrx_word' id='word_1_869' title='bbox 3277 5633 3348 5681; x_wconf 62' lang='lat' dir='ltr'><strong>iis</strong></span> <span class='ocrx_word' id='word_1_870' title='bbox 3389 5647 3493 5681; x_wconf 76' lang='lat' dir='ltr'><strong>om.</strong></span> <span class='ocrx_word' id='word_1_871' title='bbox 3523 5629 3567 5681; x_wconf 78' lang='grc' dir='ltr'>Λ</span> 
     </span>
    </p>
   </div>
   <div class='ocr_carea' id='block_1_115' title="bbox 3207 5633 3536 5687">
    <p class='ocr_par' dir='ltr' id='par_1_115' title="bbox 3207 5633 3536 5687">
     <span class='ocr_line' id='line_1_118' title="bbox 3207 5633 3536 5687; baseline -0.015 -1"><span class='ocrx_word' id='word_1_872' title='bbox 3207 5635 3250 5667; x_wconf 72' lang='grc'><strong>³³</strong></span> <span class='ocrx_word' id='word_1_873' title='bbox 3277 5633 3348 5687; x_wconf 56' lang='lat' dir='ltr'><strong>tis</strong></span> <span class='ocrx_word' id='word_1_874' title='bbox 3389 5643 3536 5685; x_wconf 70' lang='lat' dir='ltr'><strong>0!:t.t‘</strong></span> 
     </span>
    </p>
   </div>
   <div class='ocr_carea' id='block_1_116' title="bbox 2093 5497 3110 5570">
    <p class='ocr_par' dir='ltr' id='par_1_116' title="bbox 2093 5497 3110 5570">
     <span class='ocr_line' id='line_1_119' title="bbox 2093 5497 3110 5570; baseline -0.009 -15"><span class='ocrx_word' id='word_1_875' title='bbox 2093 5497 2611 5570; x_wconf 51' lang='lat' dir='ltr'><strong>&quot;Aprardicmjerit._</strong></span> <span class='ocrx_word' id='word_1_876' title='bbox 2695 5503 2716 5535; x_wconf 80' lang='grc' dir='ltr'><strong><em>τ</em></strong></span> <span class='ocrx_word' id='word_1_877' title='bbox 2739 5510 2890 5570; x_wconf 66' lang='lat' dir='ltr'><strong>suum</strong></span> <span class='ocrx_word' id='word_1_878' title='bbox 2909 5509 3016 5570; x_wconf 76' lang='lat' dir='ltr'><strong>oin.</strong></span> <span class='ocrx_word' id='word_1_879' title='bbox 3046 5497 3110 5546; x_wconf 71' lang='grc' dir='ltr'><strong>Α.</strong></span> 
     </span>
    </p>
   </div>
   <div class='ocr_carea' id='block_1_117' title="bbox 2231 5563 3018 5634">
    <p class='ocr_par' dir='ltr' id='par_1_117' title="bbox 2231 5563 3018 5634">
     <span class='ocr_line' id='line_1_120' title="bbox 2231 5563 3018 5634; baseline -0.013 -8"><span class='ocrx_word' id='word_1_880' title='bbox 2231 5571 2274 5603; x_wconf 76' lang='grc'>⁸⁸</span> <span class='ocrx_word' id='word_1_881' title='bbox 2305 5569 2396 5625; x_wconf 81' lang='lat' dir='ltr'><strong>Sic</strong></span> <span class='ocrx_word' id='word_1_882' title='bbox 2423 5567 2536 5633; x_wconf 81' lang='lat' dir='ltr'><strong>CF;</strong></span> <span class='ocrx_word' id='word_1_883' title='bbox 2565 5567 2612 5620; x_wconf 64' lang='grc' dir='ltr'>Α</span> <span class='ocrx_word' id='word_1_884' title='bbox 2640 5563 3018 5634; x_wconf 64' lang='grc' dir='ltr'><strong>ειῖθσὶιιιὶεβὶιιιὶ.</strong></span> 
     </span>
    </p>
   </div>
  </div>
