  <div class='ocr_page' id='page_1' title='image "/cluster/home/n/w/nwhite01/storage/ocr_20150623/122/uva.x000503459/534.png"; bbox 0 0 4210 6210; ppageno 0'>
   <div class='ocr_carea' id='block_1_1' title="bbox 300 2324 1373 2402">
    <p class='ocr_par' dir='ltr' id='par_1_1' title="bbox 300 2324 1373 2402">
     <span class='ocr_line' id='line_1_1' title="bbox 300 2324 1373 2402; baseline 0.004 -17"><span class='ocrx_word' id='word_1_1' title='bbox 300 2324 309 2329; x_wconf 68' lang='grc'><em>’</em></span> <span class='ocrx_word' id='word_1_2' title='bbox 368 2329 438 2388; x_wconf 83' lang='lat' dir='ltr'><strong>iis</strong></span> <span class='ocrx_word' id='word_1_3' title='bbox 483 2332 808 2402; x_wconf 68' lang='lat' dir='ltr'><strong>positionum</strong></span> <span class='ocrx_word' id='word_1_4' title='bbox 839 2332 891 2386; x_wconf 91' lang='lat' dir='ltr'><strong>in</strong></span> <span class='ocrx_word' id='word_1_5' title='bbox 923 2332 1002 2388; x_wconf 85' lang='lat' dir='ltr'><strong>eis</strong></span> <span class='ocrx_word' id='word_1_6' title='bbox 1051 2335 1373 2390; x_wconf 62' lang='lat' dir='ltr'><strong>remanserit</strong></span> 
     </span>
    </p>
   </div>
   <div class='ocr_carea' id='block_1_2' title="bbox 384 214 489 276">
    <p class='ocr_par' dir='ltr' id='par_1_2' title="bbox 384 214 489 276">
     <span class='ocr_line' id='line_1_2' title="bbox 384 214 489 276; baseline 0.029 -3"><span class='ocrx_word' id='word_1_7' title='bbox 384 214 489 276; x_wconf 70' lang='lat'><strong>989</strong></span> 
     </span>
    </p>
   </div>
   <div class='ocr_carea' id='block_1_3' title="bbox 1229 211 2812 285">
    <p class='ocr_par' dir='ltr' id='par_1_3' title="bbox 1229 211 2812 285">
     <span class='ocr_line' id='line_1_3' title="bbox 1229 211 2812 285; baseline 0.001 -14"><span class='ocrx_word' id='word_1_8' title='bbox 1229 211 1324 271; x_wconf 77' lang='lat' dir='ltr'><strong>DE</strong></span> <span class='ocrx_word' id='word_1_9' title='bbox 1365 214 1706 273; x_wconf 67' lang='lat' dir='ltr'><strong>DIVISIONE</strong></span> <span class='ocrx_word' id='word_1_10' title='bbox 1744 215 2093 273; x_wconf 55' lang='lat' dir='ltr'><strong>NATUBAI&#39;Z.</strong></span> <span class='ocrx_word' id='word_1_11' title='bbox 2138 248 2205 260; x_wconf 92' lang='lat'><strong>-—</strong></span> <span class='ocrx_word' id='word_1_12' title='bbox 2247 216 2445 273; x_wconf 78' lang='lat' dir='ltr'><strong>LIBER</strong></span> <span class='ocrx_word' id='word_1_13' title='bbox 2486 215 2812 285; x_wconf 76' lang='lat' dir='ltr'><strong>QUINTUS.</strong></span> 
     </span>
    </p>
   </div>
   <div class='ocr_carea' id='block_1_4' title="bbox 380 325 3668 407">
    <p class='ocr_par' dir='ltr' id='par_1_4' title="bbox 380 325 3668 407">
     <span class='ocr_line' id='line_1_4' title="bbox 380 325 3668 407; baseline 0.001 -18"><span class='ocrx_word' id='word_1_14' title='bbox 380 331 525 389; x_wconf 79' lang='lat' dir='ltr'><strong>llinc</strong></span> <span class='ocrx_word' id='word_1_15' title='bbox 563 325 907 400; x_wconf 68' lang='lat' dir='ltr'><strong>apertissime</strong></span> <span class='ocrx_word' id='word_1_16' title='bbox 962 327 1249 407; x_wconf 78' lang='lat' dir='ltr'><strong>coniicitur</strong></span> <span class='ocrx_word' id='word_1_17' title='bbox 1275 333 1316 395; x_wconf 71' lang='grc' dir='ltr'><strong>ι,</strong></span> <span class='ocrx_word' id='word_1_18' title='bbox 1358 332 1490 385; x_wconf 79' lang='lat' dir='ltr'><strong>nihil</strong></span> <span class='ocrx_word' id='word_1_19' title='bbox 1533 330 1676 387; x_wconf 80' lang='lat' dir='ltr'><strong>aliud</strong></span> <span class='ocrx_word' id='word_1_20' title='bbox 1707 340 1966 401; x_wconf 72' lang='lat' dir='ltr'><strong>:zppetett-</strong></span> <span class='ocrx_word' id='word_1_21' title='bbox 1999 339 2039 393; x_wconf 82' lang='grc' dir='ltr'><strong>Λ</strong></span> <span class='ocrx_word' id='word_1_22' title='bbox 2075 333 2256 392; x_wconf 83' lang='lat' dir='ltr'><strong>voluit.</strong></span> <span class='ocrx_word' id='word_1_23' title='bbox 2289 336 2356 388; x_wconf 66' lang='lat' dir='ltr'><strong>dit</strong></span> <span class='ocrx_word' id='word_1_24' title='bbox 2378 351 2474 390; x_wconf 68' lang='lat' dir='ltr'><strong>cus</strong></span> <span class='ocrx_word' id='word_1_25' title='bbox 2509 353 2521 389; x_wconf 90' lang='lat'>:</span> <span class='ocrx_word' id='word_1_26' title='bbox 2563 333 2776 390; x_wconf 74' lang='lat' dir='ltr'><strong>Caelum</strong></span> <span class='ocrx_word' id='word_1_27' title='bbox 2804 346 2851 389; x_wconf 75' lang='lat' dir='ltr'><strong>et</strong></span> <span class='ocrx_word' id='word_1_28' title='bbox 2877 345 3018 390; x_wconf 72' lang='lat' dir='ltr'><strong>terra</strong></span> <span class='ocrx_word' id='word_1_29' title='bbox 3049 337 3363 397; x_wconf 66' lang='lat' dir='ltr'><strong>(ratio-ibunt,</strong></span> <span class='ocrx_word' id='word_1_30' title='bbox 3394 344 3543 395; x_wconf 76' lang='lat' dir='ltr'><strong>verba</strong></span> <span class='ocrx_word' id='word_1_31' title='bbox 3569 357 3668 393; x_wconf 73' lang='lat' dir='ltr'><strong>uno</strong></span> 
     </span>
    </p>
   </div>
   <div class='ocr_carea' id='block_1_5' title="bbox 374 416 1955 493">
    <p class='ocr_par' dir='ltr' id='par_1_5' title="bbox 374 416 1955 493">
     <span class='ocr_line' id='line_1_5' title="bbox 374 416 1955 493; baseline 0 -17"><span class='ocrx_word' id='word_1_32' title='bbox 374 416 533 485; x_wconf 81' lang='lat' dir='ltr'><strong>dum,</strong></span> <span class='ocrx_word' id='word_1_33' title='bbox 562 418 667 474; x_wconf 86' lang='lat' dir='ltr'><strong>nisi</strong></span> <span class='ocrx_word' id='word_1_34' title='bbox 716 416 969 493; x_wconf 74' lang='lat' dir='ltr'><strong>gaudium</strong></span> <span class='ocrx_word' id='word_1_35' title='bbox 993 418 1060 472; x_wconf 81' lang='lat' dir='ltr'><strong>de</strong></span> <span class='ocrx_word' id='word_1_36' title='bbox 1108 418 1351 477; x_wconf 79' lang='lat' dir='ltr'><strong>veritate.</strong></span> <span class='ocrx_word' id='word_1_37' title='bbox 1381 436 1522 490; x_wconf 81' lang='lat' dir='ltr'><strong>quae</strong></span> <span class='ocrx_word' id='word_1_38' title='bbox 1568 422 1955 484; x_wconf 64' lang='grc' dir='ltr'><strong>ρειίέἓιίνίςιυε;</strong></span> 
     </span>
    </p>
   </div>
   <div class='ocr_carea' id='block_1_6' title="bbox 376 505 1969 580">
    <p class='ocr_par' dir='ltr' id='par_1_6' title="bbox 376 505 1969 580">
     <span class='ocr_line' id='line_1_6' title="bbox 376 505 1969 580; baseline -0.001 -15"><span class='ocrx_word' id='word_1_39' title='bbox 376 519 435 565; x_wconf 73' lang='lat' dir='ltr'><strong>ct</strong></span> <span class='ocrx_word' id='word_1_40' title='bbox 460 508 600 563; x_wconf 87' lang='lat' dir='ltr'><strong>nihil</strong></span> <span class='ocrx_word' id='word_1_41' title='bbox 640 508 784 562; x_wconf 77' lang='lat' dir='ltr'><strong>aliud</strong></span> <span class='ocrx_word' id='word_1_42' title='bbox 825 505 1163 579; x_wconf 81' lang='lat' dir='ltr'><strong>fugiendum,</strong></span> <span class='ocrx_word' id='word_1_43' title='bbox 1192 507 1296 563; x_wconf 86' lang='lat' dir='ltr'><strong>nisi</strong></span> <span class='ocrx_word' id='word_1_44' title='bbox 1328 509 1445 578; x_wconf 65' lang='lat' dir='ltr'><strong>ejus</strong></span> <span class='ocrx_word' id='word_1_45' title='bbox 1470 510 1795 575; x_wconf 73' lang='lat' dir='ltr'><strong>absentiam,</strong></span> <span class='ocrx_word' id='word_1_46' title='bbox 1830 528 1969 580; x_wconf 75' lang='lat' dir='ltr'><strong>quae</strong></span> 
     </span>
    </p>
   </div>
   <div class='ocr_carea' id='block_1_7' title="bbox 377 590 1974 657">
    <p class='ocr_par' dir='ltr' id='par_1_7' title="bbox 377 590 1974 657">
     <span class='ocr_line' id='line_1_7' title="bbox 377 590 1974 657; baseline 0 -1"><span class='ocrx_word' id='word_1_47' title='bbox 377 610 463 656; x_wconf 81' lang='lat' dir='ltr'><strong>est</strong></span> <span class='ocrx_word' id='word_1_48' title='bbox 510 590 618 653; x_wconf 82' lang='lat' dir='ltr'><strong>una</strong></span> <span class='ocrx_word' id='word_1_49' title='bbox 669 614 733 653; x_wconf 86' lang='lat' dir='ltr'><strong>ac</strong></span> <span class='ocrx_word' id='word_1_50' title='bbox 774 598 885 654; x_wconf 82' lang='lat' dir='ltr'><strong>sola</strong></span> <span class='ocrx_word' id='word_1_51' title='bbox 925 612 1087 653; x_wconf 79' lang='lat' dir='ltr'><strong>causa</strong></span> <span class='ocrx_word' id='word_1_52' title='bbox 1138 600 1300 653; x_wconf 85' lang='lat' dir='ltr'><strong>totius</strong></span> <span class='ocrx_word' id='word_1_53' title='bbox 1334 600 1356 630; x_wconf 79' lang='grc'><strong>⁸</strong></span> <span class='ocrx_word' id='word_1_54' title='bbox 1403 610 1658 655; x_wconf 76' lang='lat' dir='ltr'><strong>aeternae</strong></span> <span class='ocrx_word' id='word_1_55' title='bbox 1700 601 1974 657; x_wconf 74' lang='lat' dir='ltr'><strong>lriSlitinP.</strong></span> 
     </span>
    </p>
   </div>
   <div class='ocr_carea' id='block_1_8' title="bbox 379 690 1967 761">
    <p class='ocr_par' dir='ltr' id='par_1_8' title="bbox 379 690 1967 761">
     <span class='ocr_line' id='line_1_8' title="bbox 379 690 1967 761; baseline 0 -14"><span class='ocrx_word' id='word_1_56' title='bbox 379 691 531 748; x_wconf 78' lang='lat' dir='ltr'><strong>Tolle</strong></span> <span class='ocrx_word' id='word_1_57' title='bbox 553 710 582 745; x_wconf 87' lang='lat' dir='ltr'><strong>a</strong></span> <span class='ocrx_word' id='word_1_58' title='bbox 608 706 695 747; x_wconf 86' lang='lat' dir='ltr'><strong>me</strong></span> <span class='ocrx_word' id='word_1_59' title='bbox 712 690 1012 761; x_wconf 79' lang='lat' dir='ltr'><strong>ChriStum,</strong></span> <span class='ocrx_word' id='word_1_60' title='bbox 1035 692 1239 748; x_wconf 89' lang='lat' dir='ltr'><strong>nullum</strong></span> <span class='ocrx_word' id='word_1_61' title='bbox 1266 693 1465 748; x_wconf 88' lang='lat' dir='ltr'><strong>bonum</strong></span> <span class='ocrx_word' id='word_1_62' title='bbox 1489 694 1617 750; x_wconf 86' lang='lat' dir='ltr'><strong>mihi</strong></span> <span class='ocrx_word' id='word_1_63' title='bbox 1647 696 1967 759; x_wconf 73' lang='lat' dir='ltr'><strong>remanebit,</strong></span> 
     </span>
    </p>
   </div>
   <div class='ocr_carea' id='block_1_9' title="bbox 382 768 1964 859">
    <p class='ocr_par' dir='ltr' id='par_1_9' title="bbox 382 768 1964 859">
     <span class='ocr_line' id='line_1_9' title="bbox 382 768 1964 859; baseline 0.003 -20"><span class='ocrx_word' id='word_1_64' title='bbox 382 784 589 839; x_wconf 89' lang='lat' dir='ltr'><strong>nullum</strong></span> <span class='ocrx_word' id='word_1_65' title='bbox 624 791 948 839; x_wconf 81' lang='lat' dir='ltr'><strong>tormentum</strong></span> <span class='ocrx_word' id='word_1_66' title='bbox 994 801 1080 840; x_wconf 86' lang='lat' dir='ltr'><strong>me</strong></span> <span class='ocrx_word' id='word_1_67' title='bbox 1128 796 1322 850; x_wconf 86' lang='lat' dir='ltr'><strong>terret;</strong></span> <span class='ocrx_word' id='word_1_68' title='bbox 1355 787 1472 857; x_wconf 81' lang='lat' dir='ltr'><strong>ejus</strong></span> <span class='ocrx_word' id='word_1_69' title='bbox 1496 768 1760 858; x_wconf 67' lang='lat' dir='ltr'><strong>siquidem</strong></span> <span class='ocrx_word' id='word_1_70' title='bbox 1792 790 1964 859; x_wconf 70' lang='lat' dir='ltr'><strong>priva-</strong></span> 
     </span>
    </p>
   </div>
   <div class='ocr_carea' id='block_1_10' title="bbox 379 875 1969 945">
    <p class='ocr_par' dir='ltr' id='par_1_10' title="bbox 379 875 1969 945">
     <span class='ocr_line' id='line_1_10' title="bbox 379 875 1969 945; baseline 0.004 -17"><span class='ocrx_word' id='word_1_71' title='bbox 379 875 455 929; x_wconf 84' lang='lat' dir='ltr'><strong>tio</strong></span> <span class='ocrx_word' id='word_1_72' title='bbox 486 884 543 930; x_wconf 87' lang='lat' dir='ltr'><strong>et</strong></span> <span class='ocrx_word' id='word_1_73' title='bbox 570 875 815 945; x_wconf 81' lang='lat' dir='ltr'><strong>absentia</strong></span> <span class='ocrx_word' id='word_1_74' title='bbox 844 876 1008 931; x_wconf 79' lang='lat' dir='ltr'><strong>totius</strong></span> <span class='ocrx_word' id='word_1_75' title='bbox 1050 876 1387 933; x_wconf 70' lang='lat' dir='ltr'><strong>rationabilis</strong></span> <span class='ocrx_word' id='word_1_76' title='bbox 1420 887 1702 933; x_wconf 74' lang='lat' dir='ltr'><strong>creaturae</strong></span> <span class='ocrx_word' id='word_1_77' title='bbox 1732 890 1969 934; x_wconf 71' lang='lat' dir='ltr'><strong>tormen-</strong></span> 
     </span>
    </p>
   </div>
   <div class='ocr_carea' id='block_1_11' title="bbox 379 964 1966 1051">
    <p class='ocr_par' dir='ltr' id='par_1_11' title="bbox 379 964 1966 1051">
     <span class='ocr_line' id='line_1_11' title="bbox 379 964 1966 1051; baseline 0.004 -32"><span class='ocrx_word' id='word_1_78' title='bbox 379 974 494 1019; x_wconf 88' lang='lat' dir='ltr'><strong>tum</strong></span> <span class='ocrx_word' id='word_1_79' title='bbox 542 973 646 1028; x_wconf 88' lang='lat' dir='ltr'><strong>est,</strong></span> <span class='ocrx_word' id='word_1_80' title='bbox 676 972 728 1019; x_wconf 89' lang='lat' dir='ltr'><strong>et</strong></span> <span class='ocrx_word' id='word_1_81' title='bbox 758 964 961 1051; x_wconf 68' lang='lat' dir='ltr'><strong>nullum</strong></span> <span class='ocrx_word' id='word_1_82' title='bbox 992 964 1162 1030; x_wconf 87' lang='lat' dir='ltr'><strong>aliud,</strong></span> <span class='ocrx_word' id='word_1_83' title='bbox 1191 965 1400 1035; x_wconf 83' lang='lat' dir='ltr'><strong>opinor.</strong></span> <span class='ocrx_word' id='word_1_84' title='bbox 1441 966 1548 1023; x_wconf 89' lang='lat' dir='ltr'><strong>Sed</strong></span> <span class='ocrx_word' id='word_1_85' title='bbox 1589 968 1653 1022; x_wconf 87' lang='lat' dir='ltr'><strong>de</strong></span> <span class='ocrx_word' id='word_1_86' title='bbox 1683 970 1767 1023; x_wconf 81' lang='lat' dir='ltr'><strong>bis</strong></span> <span class='ocrx_word' id='word_1_87' title='bbox 1799 969 1966 1027; x_wconf 84' lang='lat' dir='ltr'><strong>multa</strong></span> 
     </span>
    </p>
   </div>
   <div class='ocr_carea' id='block_1_12' title="bbox 378 1052 1963 1126">
    <p class='ocr_par' dir='ltr' id='par_1_12' title="bbox 378 1052 1963 1126">
     <span class='ocr_line' id='line_1_12' title="bbox 378 1052 1963 1126; baseline 0.004 -20"><span class='ocrx_word' id='word_1_88' title='bbox 378 1052 486 1106; x_wconf 79' lang='lat' dir='ltr'><strong>dici</strong></span> <span class='ocrx_word' id='word_1_89' title='bbox 535 1061 801 1122; x_wconf 84' lang='lat' dir='ltr'><strong>possunt:</strong></span> <span class='ocrx_word' id='word_1_90' title='bbox 832 1053 1117 1110; x_wconf 73' lang='lat' dir='ltr'><strong>redeamus</strong></span> <span class='ocrx_word' id='word_1_91' title='bbox 1144 1054 1211 1109; x_wconf 89' lang='lat' dir='ltr'><strong>ad</strong></span> <span class='ocrx_word' id='word_1_92' title='bbox 1260 1071 1346 1117; x_wconf 87' lang='lat' dir='ltr'><strong>ea,</strong></span> <span class='ocrx_word' id='word_1_93' title='bbox 1374 1071 1517 1126; x_wconf 84' lang='lat' dir='ltr'><strong>quae</strong></span> <span class='ocrx_word' id='word_1_94' title='bbox 1557 1066 1783 1113; x_wconf 75' lang='lat' dir='ltr'><strong>restant.</strong></span> <span class='ocrx_word' id='word_1_95' title='bbox 1823 1058 1963 1113; x_wconf 62' lang='lat' dir='ltr'><strong>Msa.</strong></span> 
     </span>
    </p>
   </div>
   <div class='ocr_carea' id='block_1_13' title="bbox 376 1143 1963 1219">
    <p class='ocr_par' dir='ltr' id='par_1_13' title="bbox 376 1143 1963 1219">
     <span class='ocr_line' id='line_1_13' title="bbox 376 1143 1963 1219; baseline 0.003 -20"><span class='ocrx_word' id='word_1_96' title='bbox 376 1144 697 1215; x_wconf 74' lang='lat' dir='ltr'><strong>Priusquam</strong></span> <span class='ocrx_word' id='word_1_97' title='bbox 746 1144 814 1199; x_wconf 87' lang='lat' dir='ltr'><strong>ad</strong></span> <span class='ocrx_word' id='word_1_98' title='bbox 871 1143 1033 1199; x_wconf 74' lang='lat' dir='ltr'><strong>linem</strong></span> <span class='ocrx_word' id='word_1_99' title='bbox 1081 1147 1386 1216; x_wconf 88' lang='lat' dir='ltr'><strong>praesentis</strong></span> <span class='ocrx_word' id='word_1_100' title='bbox 1412 1148 1534 1203; x_wconf 87' lang='lat' dir='ltr'><strong>libri</strong></span> <span class='ocrx_word' id='word_1_101' title='bbox 1566 1151 1963 1219; x_wconf 76' lang='lat' dir='ltr'><strong>perveniamus,</strong></span> 
     </span>
    </p>
   </div>
   <div class='ocr_carea' id='block_1_14' title="bbox 376 1235 1964 1311">
    <p class='ocr_par' dir='ltr' id='par_1_14' title="bbox 376 1235 1964 1311">
     <span class='ocr_line' id='line_1_14' title="bbox 376 1235 1964 1311; baseline 0.004 -21"><span class='ocrx_word' id='word_1_102' title='bbox 376 1251 574 1308; x_wconf 82' lang='lat' dir='ltr'><strong>pauca,</strong></span> <span class='ocrx_word' id='word_1_103' title='bbox 601 1243 661 1291; x_wconf 91' lang='lat' dir='ltr'><strong>ut</strong></span> <span class='ocrx_word' id='word_1_104' title='bbox 705 1235 981 1303; x_wconf 79' lang='lat' dir='ltr'><strong>existimo,</strong></span> <span class='ocrx_word' id='word_1_105' title='bbox 1011 1236 1241 1293; x_wconf 81' lang='lat' dir='ltr'><strong>dicenda</strong></span> <span class='ocrx_word' id='word_1_106' title='bbox 1277 1249 1402 1294; x_wconf 91' lang='lat' dir='ltr'><strong>sunt</strong></span> <span class='ocrx_word' id='word_1_107' title='bbox 1439 1239 1703 1297; x_wconf 78' lang='lat' dir='ltr'><strong>adversus</strong></span> <span class='ocrx_word' id='word_1_108' title='bbox 1728 1257 1843 1302; x_wconf 75' lang='lat' dir='ltr'><strong>eos,</strong></span> <span class='ocrx_word' id='word_1_109' title='bbox 1874 1244 1964 1311; x_wconf 78' lang='lat' dir='ltr'><strong>qui</strong></span> 
     </span>
    </p>
   </div>
   <div class='ocr_carea' id='block_1_15' title="bbox 375 1323 1966 1400">
    <p class='ocr_par' dir='ltr' id='par_1_15' title="bbox 375 1323 1966 1400">
     <span class='ocr_line' id='line_1_15' title="bbox 375 1323 1966 1400; baseline 0.004 -20"><span class='ocrx_word' id='word_1_110' title='bbox 375 1325 536 1382; x_wconf 87' lang='lat' dir='ltr'><strong>nobis</strong></span> <span class='ocrx_word' id='word_1_111' title='bbox 556 1323 839 1392; x_wconf 84' lang='lat' dir='ltr'><strong>objiciunt</strong></span> <span class='ocrx_word' id='word_1_112' title='bbox 861 1326 1125 1395; x_wconf 86' lang='lat' dir='ltr'><strong>quasdam</strong></span> <span class='ocrx_word' id='word_1_113' title='bbox 1148 1326 1365 1384; x_wconf 84' lang='lat' dir='ltr'><strong>divinae</strong></span> <span class='ocrx_word' id='word_1_114' title='bbox 1403 1326 1719 1400; x_wconf 87' lang='lat' dir='ltr'><strong>Scripturac</strong></span> <span class='ocrx_word' id='word_1_115' title='bbox 1746 1341 1966 1387; x_wconf 84' lang='lat' dir='ltr'><strong>sentcn-</strong></span> 
     </span>
    </p>
   </div>
   <div class='ocr_carea' id='block_1_16' title="bbox 379 1415 1967 1487">
    <p class='ocr_par' dir='ltr' id='par_1_16' title="bbox 379 1415 1967 1487">
     <span class='ocr_line' id='line_1_16' title="bbox 379 1415 1967 1487; baseline 0.004 -17"><span class='ocrx_word' id='word_1_116' title='bbox 379 1417 515 1480; x_wconf 75' lang='lat' dir='ltr'><strong>tias,</strong></span> <span class='ocrx_word' id='word_1_117' title='bbox 533 1415 731 1487; x_wconf 87' lang='lat' dir='ltr'><strong>quibus</strong></span> <span class='ocrx_word' id='word_1_118' title='bbox 781 1424 1046 1471; x_wconf 81' lang='lat' dir='ltr'><strong>conantur</strong></span> <span class='ocrx_word' id='word_1_119' title='bbox 1086 1426 1356 1484; x_wconf 87' lang='lat' dir='ltr'><strong>astruere,</strong></span> <span class='ocrx_word' id='word_1_120' title='bbox 1394 1419 1667 1474; x_wconf 85' lang='lat' dir='ltr'><strong>sensibilia</strong></span> <span class='ocrx_word' id='word_1_121' title='bbox 1712 1421 1815 1476; x_wconf 83' lang='lat' dir='ltr'><strong>ista</strong></span> <span class='ocrx_word' id='word_1_122' title='bbox 1855 1424 1967 1477; x_wconf 83' lang='lat' dir='ltr'><strong>cle-</strong></span> 
     </span>
    </p>
   </div>
   <div class='ocr_carea' id='block_1_17' title="bbox 377 1505 1967 1585">
    <p class='ocr_par' dir='ltr' id='par_1_17' title="bbox 377 1505 1967 1585">
     <span class='ocr_line' id='line_1_17' title="bbox 377 1505 1967 1585; baseline 0.005 -25"><span class='ocrx_word' id='word_1_123' title='bbox 377 1517 583 1570; x_wconf 85' lang='lat' dir='ltr'><strong>menta,</strong></span> <span class='ocrx_word' id='word_1_124' title='bbox 612 1516 884 1579; x_wconf 76' lang='lat' dir='ltr'><strong>totamque</strong></span> <span class='ocrx_word' id='word_1_125' title='bbox 901 1505 1205 1565; x_wconf 84' lang='lat' dir='ltr'><strong>mundanae</strong></span> <span class='ocrx_word' id='word_1_126' title='bbox 1220 1510 1377 1566; x_wconf 90' lang='lat' dir='ltr'><strong>molis</strong></span> <span class='ocrx_word' id='word_1_127' title='bbox 1399 1511 1805 1585; x_wconf 77' lang='lat' dir='ltr'><strong>amplitudinem</strong></span> <span class='ocrx_word' id='word_1_128' title='bbox 1826 1530 1967 1569; x_wconf 71' lang='lat' dir='ltr'><strong>sem-</strong></span> 
     </span>
    </p>
   </div>
   <div class='ocr_carea' id='block_1_18' title="bbox 374 1602 1962 1676">
    <p class='ocr_par' dir='ltr' id='par_1_18' title="bbox 374 1602 1962 1676">
     <span class='ocr_line' id='line_1_18' title="bbox 374 1602 1962 1676; baseline 0.003 -21"><span class='ocrx_word' id='word_1_129' title='bbox 374 1614 474 1673; x_wconf 68' lang='grc' dir='ltr'><strong>μοι·</strong></span> <span class='ocrx_word' id='word_1_130' title='bbox 500 1617 830 1667; x_wconf 81' lang='lat' dir='ltr'><strong>mansuram,</strong></span> <span class='ocrx_word' id='word_1_131' title='bbox 861 1602 1005 1657; x_wconf 89' lang='lat' dir='ltr'><strong>intra</strong></span> <span class='ocrx_word' id='word_1_132' title='bbox 1029 1602 1569 1673; x_wconf 86' lang='lat' dir='ltr'><strong>quambnmanorum</strong></span> <span class='ocrx_word' id='word_1_133' title='bbox 1599 1620 1813 1676; x_wconf 78' lang='lat' dir='ltr'><strong>quoque</strong></span> <span class='ocrx_word' id='word_1_134' title='bbox 1843 1622 1962 1661; x_wconf 88' lang='lat' dir='ltr'><strong>cor-</strong></span> 
     </span>
    </p>
   </div>
   <div class='ocr_carea' id='block_1_19' title="bbox 2076 426 3664 498">
    <p class='ocr_par' dir='ltr' id='par_1_19' title="bbox 2076 426 3664 498">
     <span class='ocr_line' id='line_1_19' title="bbox 2076 426 3664 498; baseline 0.002 -18"><span class='ocrx_word' id='word_1_135' title='bbox 2076 439 2177 481; x_wconf 67' lang='lat' dir='ltr'><strong>tem</strong></span> <span class='ocrx_word' id='word_1_136' title='bbox 2218 443 2327 481; x_wconf 77' lang='lat' dir='ltr'><strong>mm</strong></span> <span class='ocrx_word' id='word_1_137' title='bbox 2367 441 2465 481; x_wconf 69' lang='lat' dir='ltr'><strong>non</strong></span> <span class='ocrx_word' id='word_1_138' title='bbox 2499 429 2792 483; x_wconf 50' lang='lat' dir='ltr'><strong>trmzzil&#39;un:</strong></span> <span class='ocrx_word' id='word_1_139' title='bbox 2820 426 2859 481; x_wconf 63' lang='lat'><strong>‘.</strong></span> <span class='ocrx_word' id='word_1_140' title='bbox 2905 428 3083 483; x_wconf 66' lang='lat' dir='ltr'><strong>Potest</strong></span> <span class='ocrx_word' id='word_1_141' title='bbox 3117 429 3277 483; x_wconf 79' lang='lat' dir='ltr'><strong>etiam</strong></span> <span class='ocrx_word' id='word_1_142' title='bbox 3307 432 3330 464; x_wconf 80' lang='grc'><strong><em>⁵</em></strong></span> <span class='ocrx_word' id='word_1_143' title='bbox 3357 430 3664 498; x_wconf 69' lang='lat' dir='ltr'><strong>speetaliter</strong></span> 
     </span>
    </p>
   </div>
   <div class='ocr_carea' id='block_1_20' title="bbox 2077 518 3664 590">
    <p class='ocr_par' dir='ltr' id='par_1_20' title="bbox 2077 518 3664 590">
     <span class='ocr_line' id='line_1_20' title="bbox 2077 518 3664 590; baseline 0.001 -17"><span class='ocrx_word' id='word_1_144' title='bbox 2077 518 2318 590; x_wconf 58' lang='lat' dir='ltr'><strong>intelligi,</strong></span> <span class='ocrx_word' id='word_1_145' title='bbox 2349 519 2444 573; x_wconf 70' lang='lat' dir='ltr'><strong>erit</strong></span> <span class='ocrx_word' id='word_1_146' title='bbox 2483 520 2681 573; x_wconf 61' lang='lat' dir='ltr'><strong>rerum:</strong></span> <span class='ocrx_word' id='word_1_147' title='bbox 2715 536 2899 573; x_wconf 74' lang='lat' dir='ltr'><strong>novum</strong></span> <span class='ocrx_word' id='word_1_148' title='bbox 2930 530 2974 572; x_wconf 84' lang='lat' dir='ltr'><strong>et</strong></span> <span class='ocrx_word' id='word_1_149' title='bbox 3014 529 3152 572; x_wconf 72' lang='lat' dir='ltr'><strong>terra</strong></span> <span class='ocrx_word' id='word_1_150' title='bbox 3194 536 3348 583; x_wconf 68' lang='grc' dir='ltr'><strong>ποι-ιι,</strong></span> <span class='ocrx_word' id='word_1_151' title='bbox 3380 518 3446 574; x_wconf 85' lang='lat' dir='ltr'><strong>de</strong></span> <span class='ocrx_word' id='word_1_152' title='bbox 3477 522 3664 578; x_wconf 80' lang='lat' dir='ltr'><strong>huma-</strong></span> 
     </span>
    </p>
   </div>
   <div class='ocr_carea' id='block_1_21' title="bbox 2077 609 3659 686">
    <p class='ocr_par' dir='ltr' id='par_1_21' title="bbox 2077 609 3659 686">
     <span class='ocr_line' id='line_1_21' title="bbox 2077 609 3659 686; baseline 0.003 -22"><span class='ocrx_word' id='word_1_153' title='bbox 2077 626 2178 665; x_wconf 77' lang='lat' dir='ltr'><strong>nae</strong></span> <span class='ocrx_word' id='word_1_154' title='bbox 2208 621 2433 664; x_wconf 77' lang='lat' dir='ltr'><strong>naturae</strong></span> <span class='ocrx_word' id='word_1_155' title='bbox 2467 610 2811 664; x_wconf 69' lang='lat' dir='ltr'><strong>innovatione</strong></span> <span class='ocrx_word' id='word_1_156' title='bbox 2845 620 2899 663; x_wconf 73' lang='lat' dir='ltr'><strong>ct</strong></span> <span class='ocrx_word' id='word_1_157' title='bbox 2934 609 2983 662; x_wconf 86' lang='lat' dir='ltr'><strong>in</strong></span> <span class='ocrx_word' id='word_1_158' title='bbox 3029 610 3262 680; x_wconf 83' lang='lat' dir='ltr'><strong>seipsam</strong></span> <span class='ocrx_word' id='word_1_159' title='bbox 3311 612 3659 686; x_wconf 82' lang='lat' dir='ltr'><strong>adunatione.</strong></span> 
     </span>
    </p>
   </div>
   <div class='ocr_carea' id='block_1_22' title="bbox 2073 700 3664 770">
    <p class='ocr_par' dir='ltr' id='par_1_22' title="bbox 2073 700 3664 770">
     <span class='ocr_line' id='line_1_22' title="bbox 2073 700 3664 770; baseline 0.001 -14"><span class='ocrx_word' id='word_1_160' title='bbox 2073 701 2269 756; x_wconf 48' lang='lat' dir='ltr'><strong>nostin</strong></span> <span class='ocrx_word' id='word_1_161' title='bbox 2293 700 2556 770; x_wconf 71' lang='lat' dir='ltr'><strong>siquidem</strong></span> <span class='ocrx_word' id='word_1_162' title='bbox 2588 710 2781 754; x_wconf 83' lang='lat' dir='ltr'><strong>natura</strong></span> <span class='ocrx_word' id='word_1_163' title='bbox 2811 702 2987 756; x_wconf 81' lang='lat' dir='ltr'><strong>adhuc</strong></span> <span class='ocrx_word' id='word_1_164' title='bbox 3016 701 3067 753; x_wconf 88' lang='lat' dir='ltr'><strong>in</strong></span> <span class='ocrx_word' id='word_1_165' title='bbox 3094 700 3194 754; x_wconf 86' lang='lat' dir='ltr'><strong>hac</strong></span> <span class='ocrx_word' id='word_1_166' title='bbox 3220 700 3326 754; x_wconf 86' lang='lat' dir='ltr'><strong>vita</strong></span> <span class='ocrx_word' id='word_1_167' title='bbox 3358 714 3425 755; x_wconf 70' lang='lat' dir='ltr'><strong>ex</strong></span> <span class='ocrx_word' id='word_1_168' title='bbox 3457 704 3664 759; x_wconf 78' lang='lat' dir='ltr'><strong>duabus</strong></span> 
     </span>
    </p>
   </div>
   <div class='ocr_carea' id='block_1_23' title="bbox 2073 803 3665 875">
    <p class='ocr_par' dir='ltr' id='par_1_23' title="bbox 2073 803 3665 875">
     <span class='ocr_line' id='line_1_23' title="bbox 2073 803 3665 875; baseline 0 -19"><span class='ocrx_word' id='word_1_169' title='bbox 2073 803 2388 858; x_wconf 70' lang='lat' dir='ltr'><strong>substantiis</strong></span> <span class='ocrx_word' id='word_1_170' title='bbox 2418 803 2712 872; x_wconf 81' lang='lat' dir='ltr'><strong>composita</strong></span> <span class='ocrx_word' id='word_1_171' title='bbox 2744 812 2845 864; x_wconf 77' lang='lat' dir='ltr'><strong>est,</strong></span> <span class='ocrx_word' id='word_1_172' title='bbox 2883 814 3094 857; x_wconf 83' lang='lat' dir='ltr'><strong>constat</strong></span> <span class='ocrx_word' id='word_1_173' title='bbox 3144 803 3286 859; x_wconf 87' lang='lat' dir='ltr'><strong>cnim</strong></span> <span class='ocrx_word' id='word_1_174' title='bbox 3322 820 3388 859; x_wconf 79' lang='lat' dir='ltr'><strong>ex</strong></span> <span class='ocrx_word' id='word_1_175' title='bbox 3435 816 3665 875; x_wconf 72' lang='lat' dir='ltr'><strong>corpore</strong></span> 
     </span>
    </p>
   </div>
   <div class='ocr_carea' id='block_1_24' title="bbox 2072 894 3662 966">
    <p class='ocr_par' dir='ltr' id='par_1_24' title="bbox 2072 894 3662 966">
     <span class='ocr_line' id='line_1_24' title="bbox 2072 894 3662 966; baseline 0 -17"><span class='ocrx_word' id='word_1_176' title='bbox 2072 904 2126 949; x_wconf 86' lang='lat' dir='ltr'><strong>ct</strong></span> <span class='ocrx_word' id='word_1_177' title='bbox 2155 895 2366 962; x_wconf 87' lang='lat' dir='ltr'><strong>anima;</strong></span> <span class='ocrx_word' id='word_1_178' title='bbox 2395 907 2449 948; x_wconf 81' lang='lat' dir='ltr'><strong>ct</strong></span> <span class='ocrx_word' id='word_1_179' title='bbox 2478 896 2732 966; x_wconf 83' lang='lat' dir='ltr'><strong>quoniam</strong></span> <span class='ocrx_word' id='word_1_180' title='bbox 2762 895 2898 950; x_wconf 85' lang='lat' dir='ltr'><strong>haec</strong></span> <span class='ocrx_word' id='word_1_181' title='bbox 2923 904 3068 958; x_wconf 86' lang='lat' dir='ltr'><strong>tanta</strong></span> <span class='ocrx_word' id='word_1_182' title='bbox 3101 894 3482 951; x_wconf 75' lang='lat' dir='ltr'><strong>dissimilitudo</strong></span> <span class='ocrx_word' id='word_1_183' title='bbox 3509 901 3532 934; x_wconf 76' lang='grc' dir='ltr'>ι</span> <span class='ocrx_word' id='word_1_184' title='bbox 3560 909 3662 949; x_wconf 79' lang='lat' dir='ltr'><strong>tto-</strong></span> 
     </span>
    </p>
   </div>
   <div class='ocr_carea' id='block_1_25' title="bbox 2070 985 3665 1057">
    <p class='ocr_par' dir='ltr' id='par_1_25' title="bbox 2070 985 3665 1057">
     <span class='ocr_line' id='line_1_25' title="bbox 2070 985 3665 1057; baseline 0.002 -17"><span class='ocrx_word' id='word_1_185' title='bbox 2070 996 2306 1041; x_wconf 80' lang='lat' dir='ltr'><strong>sirm-um</strong></span> <span class='ocrx_word' id='word_1_186' title='bbox 2352 986 2774 1042; x_wconf 77' lang='lat' dir='ltr'><strong>substantiarmn</strong></span> <span class='ocrx_word' id='word_1_187' title='bbox 2805 1027 2818 1049; x_wconf 83' lang='lat'><strong>,</strong></span> <span class='ocrx_word' id='word_1_188' title='bbox 2860 1000 2925 1040; x_wconf 77' lang='lat' dir='ltr'><strong>ex</strong></span> <span class='ocrx_word' id='word_1_189' title='bbox 2957 985 3152 1057; x_wconf 82' lang='lat' dir='ltr'><strong>quibus</strong></span> <span class='ocrx_word' id='word_1_190' title='bbox 3201 1002 3344 1041; x_wconf 87' lang='lat' dir='ltr'><strong>nunc</strong></span> <span class='ocrx_word' id='word_1_191' title='bbox 3379 985 3665 1043; x_wconf 85' lang='lat' dir='ltr'><strong>constitui-</strong></span> 
     </span>
    </p>
   </div>
   <div class='ocr_carea' id='block_1_26' title="bbox 2072 1060 3661 1148">
    <p class='ocr_par' dir='ltr' id='par_1_26' title="bbox 2072 1060 3661 1148">
     <span class='ocr_line' id='line_1_26' title="bbox 2072 1060 3661 1148; baseline 0.003 -20"><span class='ocrx_word' id='word_1_192' title='bbox 2072 1090 2213 1140; x_wconf 87' lang='lat' dir='ltr'><strong>mur,</strong></span> <span class='ocrx_word' id='word_1_193' title='bbox 2252 1093 2316 1129; x_wconf 81' lang='lat' dir='ltr'><strong>ex</strong></span> <span class='ocrx_word' id='word_1_194' title='bbox 2359 1076 2823 1147; x_wconf 79' lang='lat' dir='ltr'><strong>praevaricatimie</strong></span> <span class='ocrx_word' id='word_1_195' title='bbox 2859 1075 3216 1131; x_wconf 76' lang='lat' dir='ltr'><strong>humanitatis</strong></span> <span class='ocrx_word' id='word_1_196' title='bbox 3243 1060 3497 1148; x_wconf 76' lang='lat' dir='ltr'><strong>inprima</strong></span> <span class='ocrx_word' id='word_1_197' title='bbox 3528 1092 3661 1133; x_wconf 85' lang='lat' dir='ltr'><strong>cou-</strong></span> 
     </span>
    </p>
   </div>
   <div class='ocr_carea' id='block_1_27' title="bbox 2071 1162 3709 1244">
    <p class='ocr_par' dir='ltr' id='par_1_27' title="bbox 2071 1162 3709 1244">
     <span class='ocr_line' id='line_1_27' title="bbox 2071 1162 3709 1244; baseline 0.004 -22"><span class='ocrx_word' id='word_1_198' title='bbox 2071 1167 2276 1223; x_wconf 75' lang='lat' dir='ltr'><strong>ditionc</strong></span> <span class='ocrx_word' id='word_1_199' title='bbox 2306 1180 2641 1244; x_wconf 68' lang='lat' dir='ltr'><strong>processerat</strong></span> <span class='ocrx_word' id='word_1_200' title='bbox 2664 1209 2677 1231; x_wconf 90' lang='lat'><strong>,</strong></span> <span class='ocrx_word' id='word_1_201' title='bbox 2724 1169 2788 1223; x_wconf 84' lang='lat' dir='ltr'><strong>ad</strong></span> <span class='ocrx_word' id='word_1_202' title='bbox 2817 1162 3055 1223; x_wconf 78' lang='lat' dir='ltr'><strong>veterem</strong></span> <span class='ocrx_word' id='word_1_203' title='bbox 3086 1169 3358 1233; x_wconf 81' lang='lat' dir='ltr'><strong>hominem</strong></span> <span class='ocrx_word' id='word_1_204' title='bbox 3386 1171 3660 1242; x_wconf 80' lang='lat' dir='ltr'><strong>pertinere</strong></span> <span class='ocrx_word' id='word_1_205' title='bbox 3689 1198 3709 1209; x_wconf 78' lang='lat'><strong>~</strong></span> 
     </span>
    </p>
   </div>
   <div class='ocr_carea' id='block_1_28' title="bbox 2071 1258 3656 1332">
    <p class='ocr_par' dir='ltr' id='par_1_28' title="bbox 2071 1258 3656 1332">
     <span class='ocr_line' id='line_1_28' title="bbox 2071 1258 3656 1332; baseline 0.003 -19"><span class='ocrx_word' id='word_1_206' title='bbox 2071 1268 2299 1315; x_wconf 75' lang='lat' dir='ltr'><strong>testatur</strong></span> <span class='ocrx_word' id='word_1_207' title='bbox 2342 1260 2652 1332; x_wconf 80' lang='lat' dir='ltr'><strong>Apostolus.</strong></span> <span class='ocrx_word' id='word_1_208' title='bbox 2692 1258 2957 1331; x_wconf 79' lang='lat' dir='ltr'><strong>docetque</strong></span> <span class='ocrx_word' id='word_1_209' title='bbox 3004 1276 3104 1317; x_wconf 90' lang='lat' dir='ltr'><strong>nos</strong></span> <span class='ocrx_word' id='word_1_210' title='bbox 3149 1261 3367 1332; x_wconf 86' lang='lat' dir='ltr'><strong>spoliari</strong></span> <span class='ocrx_word' id='word_1_211' title='bbox 3418 1272 3656 1320; x_wconf 78' lang='lat' dir='ltr'><strong>veterem</strong></span> 
     </span>
    </p>
   </div>
   <div class='ocr_carea' id='block_1_29' title="bbox 2070 1348 3655 1416">
    <p class='ocr_par' dir='ltr' id='par_1_29' title="bbox 2070 1348 3655 1416">
     <span class='ocr_line' id='line_1_29' title="bbox 2070 1348 3655 1416; baseline 0.002 -10"><span class='ocrx_word' id='word_1_212' title='bbox 2070 1350 2365 1413; x_wconf 80' lang='lat' dir='ltr'><strong>hominem,</strong></span> <span class='ocrx_word' id='word_1_213' title='bbox 2394 1360 2449 1405; x_wconf 87' lang='lat' dir='ltr'><strong>et</strong></span> <span class='ocrx_word' id='word_1_214' title='bbox 2494 1348 2641 1404; x_wconf 88' lang='lat' dir='ltr'><strong>indui</strong></span> <span class='ocrx_word' id='word_1_215' title='bbox 2687 1365 2921 1414; x_wconf 82' lang='lat' dir='ltr'><strong>novum,</strong></span> <span class='ocrx_word' id='word_1_216' title='bbox 2969 1349 3245 1405; x_wconf 76' lang='lat' dir='ltr'><strong>Christum</strong></span> <span class='ocrx_word' id='word_1_217' title='bbox 3295 1350 3568 1416; x_wconf 75' lang='lat' dir='ltr'><strong>videlicet,</strong></span> <span class='ocrx_word' id='word_1_218' title='bbox 3601 1353 3655 1410; x_wconf 88' lang='lat' dir='ltr'><strong>in</strong></span> 
     </span>
    </p>
   </div>
   <div class='ocr_carea' id='block_1_30' title="bbox 2069 1441 3654 1511">
    <p class='ocr_par' dir='ltr' id='par_1_30' title="bbox 2069 1441 3654 1511">
     <span class='ocr_line' id='line_1_30' title="bbox 2069 1441 3654 1511; baseline 0.002 -17"><span class='ocrx_word' id='word_1_219' title='bbox 2069 1456 2175 1511; x_wconf 89' lang='lat' dir='ltr'><strong>quo</strong></span> <span class='ocrx_word' id='word_1_220' title='bbox 2204 1448 2385 1495; x_wconf 88' lang='lat' dir='ltr'><strong>nostra</strong></span> <span class='ocrx_word' id='word_1_221' title='bbox 2420 1450 2631 1504; x_wconf 85' lang='lat' dir='ltr'><strong>natura,</strong></span> <span class='ocrx_word' id='word_1_222' title='bbox 2660 1455 2855 1510; x_wconf 87' lang='lat' dir='ltr'><strong>corpus</strong></span> <span class='ocrx_word' id='word_1_223' title='bbox 2890 1441 3009 1495; x_wconf 85' lang='lat' dir='ltr'><strong>dico</strong></span> <span class='ocrx_word' id='word_1_224' title='bbox 3060 1450 3117 1496; x_wconf 85' lang='lat' dir='ltr'><strong>ct</strong></span> <span class='ocrx_word' id='word_1_225' title='bbox 3172 1441 3408 1495; x_wconf 87' lang='lat' dir='ltr'><strong>animam</strong></span> <span class='ocrx_word' id='word_1_226' title='bbox 3466 1451 3520 1496; x_wconf 88' lang='lat' dir='ltr'><strong>et</strong></span> <span class='ocrx_word' id='word_1_227' title='bbox 3568 1443 3654 1497; x_wconf 84' lang='lat' dir='ltr'><strong>in-</strong></span> 
     </span>
    </p>
   </div>
   <div class='ocr_carea' id='block_1_31' title="bbox 2069 1530 3652 1603">
    <p class='ocr_par' dir='ltr' id='par_1_31' title="bbox 2069 1530 3652 1603">
     <span class='ocr_line' id='line_1_31' title="bbox 2069 1530 3652 1603; baseline 0 -16"><span class='ocrx_word' id='word_1_228' title='bbox 2069 1531 2361 1597; x_wconf 79' lang='lat' dir='ltr'><strong>tellectum,</strong></span> <span class='ocrx_word' id='word_1_229' title='bbox 2396 1541 2648 1585; x_wconf 80' lang='lat' dir='ltr'><strong>renovata</strong></span> <span class='ocrx_word' id='word_1_230' title='bbox 2685 1540 2789 1596; x_wconf 80' lang='lat' dir='ltr'><strong>est,</strong></span> <span class='ocrx_word' id='word_1_231' title='bbox 2819 1540 2874 1585; x_wconf 85' lang='lat' dir='ltr'><strong>et</strong></span> <span class='ocrx_word' id='word_1_232' title='bbox 2905 1532 2956 1586; x_wconf 93' lang='lat' dir='ltr'><strong>iu</strong></span> <span class='ocrx_word' id='word_1_233' title='bbox 2998 1547 3160 1585; x_wconf 89' lang='lat' dir='ltr'><strong>unum</strong></span> <span class='ocrx_word' id='word_1_234' title='bbox 3210 1530 3567 1603; x_wconf 81' lang='lat' dir='ltr'><strong>simplilicata,</strong></span> <span class='ocrx_word' id='word_1_235' title='bbox 3600 1544 3652 1590; x_wconf 83' lang='lat' dir='ltr'><strong>ct</strong></span> 
     </span>
    </p>
   </div>
   <div class='ocr_carea' id='block_1_32' title="bbox 2066 1622 3655 1696">
    <p class='ocr_par' dir='ltr' id='par_1_32' title="bbox 2066 1622 3655 1696">
     <span class='ocr_line' id='line_1_32' title="bbox 2066 1622 3655 1696; baseline 0.003 -18"><span class='ocrx_word' id='word_1_236' title='bbox 2066 1623 2133 1678; x_wconf 86' lang='lat' dir='ltr'><strong>de</strong></span> <span class='ocrx_word' id='word_1_237' title='bbox 2161 1624 2459 1694; x_wconf 82' lang='lat' dir='ltr'><strong>composita</strong></span> <span class='ocrx_word' id='word_1_238' title='bbox 2505 1622 2861 1693; x_wconf 84' lang='lat' dir='ltr'><strong>incomposita</strong></span> <span class='ocrx_word' id='word_1_239' title='bbox 2903 1622 3074 1688; x_wconf 79' lang='lat' dir='ltr'><strong>facta;</strong></span> <span class='ocrx_word' id='word_1_240' title='bbox 3129 1632 3182 1677; x_wconf 88' lang='lat' dir='ltr'><strong>et</strong></span> <span class='ocrx_word' id='word_1_241' title='bbox 3214 1625 3359 1693; x_wconf 88' lang='lat' dir='ltr'><strong>quod</strong></span> <span class='ocrx_word' id='word_1_242' title='bbox 3390 1626 3440 1678; x_wconf 88' lang='lat' dir='ltr'><strong>iu</strong></span> <span class='ocrx_word' id='word_1_243' title='bbox 3478 1627 3655 1696; x_wconf 82' lang='lat' dir='ltr'><strong>capite</strong></span> 
     </span>
    </p>
   </div>
   <div class='ocr_carea' id='block_1_33' title="bbox 372 1693 1977 1791">
    <p class='ocr_par' dir='ltr' id='par_1_33' title="bbox 372 1693 1958 1766">
     <span class='ocr_line' id='line_1_33' title="bbox 372 1693 1958 1766; baseline 0.001 -19"><span class='ocrx_word' id='word_1_244' title='bbox 372 1707 565 1763; x_wconf 88' lang='lat' dir='ltr'><strong>porum</strong></span> <span class='ocrx_word' id='word_1_245' title='bbox 594 1701 715 1764; x_wconf 88' lang='lat' dir='ltr'><strong>post</strong></span> <span class='ocrx_word' id='word_1_246' title='bbox 762 1693 1226 1764; x_wconf 79' lang='lat' dir='ltr'><strong>regenerationem</strong></span> <span class='ocrx_word' id='word_1_247' title='bbox 1250 1694 1515 1751; x_wconf 85' lang='lat' dir='ltr'><strong>stationes</strong></span> <span class='ocrx_word' id='word_1_248' title='bbox 1561 1704 1869 1766; x_wconf 79' lang='lat' dir='ltr'><strong>motusque,</strong></span> <span class='ocrx_word' id='word_1_249' title='bbox 1901 1706 1958 1749; x_wconf 92' lang='lat' dir='ltr'><strong>ut</strong></span> 
     </span>
    </p>
   </div>
   <div class='ocr_carea' id='block_1_34' title="bbox 2062 1693 3654 1791">
    <p class='ocr_par' dir='ltr' id='par_1_34' title="bbox 2068 1693 3654 1788">
     <span class='ocr_line' id='line_1_34' title="bbox 2068 1693 3654 1788; baseline 0.001 -17"><span class='ocrx_word' id='word_1_250' title='bbox 2068 1717 2233 1773; x_wconf 82' lang='lat' dir='ltr'><strong>totius</strong></span> <span class='ocrx_word' id='word_1_251' title='bbox 2279 1693 2547 1773; x_wconf 80' lang='lat' dir='ltr'><strong>humanae</strong></span> <span class='ocrx_word' id='word_1_252' title='bbox 2591 1726 2854 1782; x_wconf 85' lang='lat' dir='ltr'><strong>naturae,</strong></span> <span class='ocrx_word' id='word_1_253' title='bbox 2893 1717 2946 1773; x_wconf 90' lang='lat' dir='ltr'><strong>in</strong></span> <span class='ocrx_word' id='word_1_254' title='bbox 2993 1717 3107 1788; x_wconf 87' lang='lat' dir='ltr'><strong>ipso</strong></span> <span class='ocrx_word' id='word_1_255' title='bbox 3149 1716 3396 1775; x_wconf 81' lang='lat' dir='ltr'><strong>videlicet</strong></span> <span class='ocrx_word' id='word_1_256' title='bbox 3429 1693 3654 1773; x_wconf 79' lang='lat' dir='ltr'><strong>Domino</strong></span> 
     </span>
    </p>
   </div>
   <div class='ocr_carea' id='block_1_35' title="bbox 374 1776 1961 1855">
    <p class='ocr_par' dir='ltr' id='par_1_35' title="bbox 374 1776 1961 1855">
     <span class='ocr_line' id='line_1_35' title="bbox 374 1776 1961 1855; baseline 0.003 -16"><span class='ocrx_word' id='word_1_257' title='bbox 374 1776 583 1848; x_wconf 81' lang='lat' dir='ltr'><strong>dicunt,</strong></span> <span class='ocrx_word' id='word_1_258' title='bbox 629 1783 1061 1852; x_wconf 85' lang='lat' dir='ltr'><strong>ordinabuntur;</strong></span> <span class='ocrx_word' id='word_1_259' title='bbox 1144 1783 1288 1841; x_wconf 87' lang='lat' dir='ltr'><strong>nulla</strong></span> <span class='ocrx_word' id='word_1_260' title='bbox 1334 1800 1564 1855; x_wconf 85' lang='lat' dir='ltr'><strong>corpora</strong></span> <span class='ocrx_word' id='word_1_261' title='bbox 1621 1786 1760 1841; x_wconf 86' lang='lat' dir='ltr'><strong>ultra</strong></span> <span class='ocrx_word' id='word_1_262' title='bbox 1816 1789 1961 1843; x_wconf 90' lang='lat' dir='ltr'><strong>hunc</strong></span> 
     </span>
    </p>
   </div>
   <div class='ocr_carea' id='block_1_36' title="bbox 372 1872 1958 1948">
    <p class='ocr_par' dir='ltr' id='par_1_36' title="bbox 372 1872 1958 1948">
     <span class='ocr_line' id='line_1_36' title="bbox 372 1872 1958 1948; baseline 0.003 -19"><span class='ocrx_word' id='word_1_263' title='bbox 372 1872 632 1929; x_wconf 84' lang='lat' dir='ltr'><strong>mundum</strong></span> <span class='ocrx_word' id='word_1_264' title='bbox 666 1889 955 1931; x_wconf 83' lang='lat' dir='ltr'><strong>ascensura</strong></span> <span class='ocrx_word' id='word_1_265' title='bbox 984 1876 1289 1945; x_wconf 74' lang='lat' dir='ltr'><strong>credentes,</strong></span> <span class='ocrx_word' id='word_1_266' title='bbox 1308 1876 1390 1931; x_wconf 83' lang='lat' dir='ltr'><strong>vel</strong></span> <span class='ocrx_word' id='word_1_267' title='bbox 1420 1877 1471 1931; x_wconf 89' lang='lat' dir='ltr'><strong>in</strong></span> <span class='ocrx_word' id='word_1_268' title='bbox 1499 1876 1747 1948; x_wconf 85' lang='lat' dir='ltr'><strong>spiritum</strong></span> <span class='ocrx_word' id='word_1_269' title='bbox 1780 1890 1958 1935; x_wconf 88' lang='lat' dir='ltr'><strong>trans-</strong></span> 
     </span>
    </p>
   </div>
   <div class='ocr_carea' id='block_1_37' title="bbox 372 1964 1958 2038">
    <p class='ocr_par' dir='ltr' id='par_1_37' title="bbox 372 1964 1958 2038">
     <span class='ocr_line' id='line_1_37' title="bbox 372 1964 1958 2038; baseline 0.004 -19"><span class='ocrx_word' id='word_1_270' title='bbox 372 1964 537 2021; x_wconf 84' lang='lat' dir='ltr'><strong>itura.</strong></span> <span class='ocrx_word' id='word_1_271' title='bbox 573 1965 739 2021; x_wconf 78' lang='lat' dir='ltr'><strong>Aiunt</strong></span> <span class='ocrx_word' id='word_1_272' title='bbox 776 1965 986 2037; x_wconf 83' lang='lat' dir='ltr'><strong>itaque:</strong></span> <span class='ocrx_word' id='word_1_273' title='bbox 1008 1966 1065 2023; x_wconf 88' lang='lat' dir='ltr'><strong>Si</strong></span> <span class='ocrx_word' id='word_1_274' title='bbox 1089 1968 1298 2023; x_wconf 83' lang='lat' dir='ltr'><strong>caelum</strong></span> <span class='ocrx_word' id='word_1_275' title='bbox 1325 1977 1373 2024; x_wconf 88' lang='lat' dir='ltr'><strong>et</strong></span> <span class='ocrx_word' id='word_1_276' title='bbox 1424 1977 1565 2023; x_wconf 72' lang='lat' dir='ltr'><strong>terra</strong></span> <span class='ocrx_word' id='word_1_277' title='bbox 1592 1970 1861 2038; x_wconf 87' lang='lat' dir='ltr'><strong>peribunt,</strong></span> <span class='ocrx_word' id='word_1_278' title='bbox 1887 1971 1958 2025; x_wconf 87' lang='lat' dir='ltr'><strong>ita</strong></span> 
     </span>
    </p>
   </div>
   <div class='ocr_carea' id='block_1_38' title="bbox 369 2057 1955 2137">
    <p class='ocr_par' dir='ltr' id='par_1_38' title="bbox 369 2057 1955 2137">
     <span class='ocr_line' id='line_1_38' title="bbox 369 2057 1955 2137; baseline 0.002 -24"><span class='ocrx_word' id='word_1_279' title='bbox 369 2066 432 2113; x_wconf 87' lang='lat' dir='ltr'><strong>ut</strong></span> <span class='ocrx_word' id='word_1_280' title='bbox 459 2057 596 2113; x_wconf 84' lang='lat' dir='ltr'><strong>nihil</strong></span> <span class='ocrx_word' id='word_1_281' title='bbox 623 2059 691 2113; x_wconf 87' lang='lat' dir='ltr'><strong>de</strong></span> <span class='ocrx_word' id='word_1_282' title='bbox 720 2058 1124 2129; x_wconf 80' lang='lat' dir='ltr'><strong>corporalitate,</strong></span> <span class='ocrx_word' id='word_1_283' title='bbox 1151 2059 1233 2115; x_wconf 82' lang='lat' dir='ltr'><strong>vel</strong></span> <span class='ocrx_word' id='word_1_284' title='bbox 1260 2060 1551 2126; x_wconf 84' lang='lat' dir='ltr'><strong>localitate,</strong></span> <span class='ocrx_word' id='word_1_285' title='bbox 1579 2060 1756 2137; x_wconf 52' lang='lat' dir='ltr'><strong>velJle</strong></span> <span class='ocrx_word' id='word_1_286' title='bbox 1783 2078 1955 2129; x_wconf 81' lang='lat' dir='ltr'><strong>quan-</strong></span> 
     </span>
    </p>
   </div>
   <div class='ocr_carea' id='block_1_39' title="bbox 372 2148 1955 2221">
    <p class='ocr_par' dir='ltr' id='par_1_39' title="bbox 372 2148 1955 2221">
     <span class='ocr_line' id='line_1_39' title="bbox 372 2148 1955 2221; baseline 0.004 -18"><span class='ocrx_word' id='word_1_287' title='bbox 372 2148 549 2213; x_wconf 84' lang='lat' dir='ltr'><strong>titate,</strong></span> <span class='ocrx_word' id='word_1_288' title='bbox 603 2148 688 2205; x_wconf 82' lang='lat' dir='ltr'><strong>vel</strong></span> <span class='ocrx_word' id='word_1_289' title='bbox 731 2150 798 2205; x_wconf 87' lang='lat' dir='ltr'><strong>de</strong></span> <span class='ocrx_word' id='word_1_290' title='bbox 827 2150 1062 2206; x_wconf 87' lang='lat' dir='ltr'><strong>motibus</strong></span> <span class='ocrx_word' id='word_1_291' title='bbox 1098 2152 1503 2221; x_wconf 80' lang='lat' dir='ltr'><strong>temporalibus,</strong></span> <span class='ocrx_word' id='word_1_292' title='bbox 1553 2152 1634 2207; x_wconf 90' lang='lat' dir='ltr'><strong>vel</strong></span> <span class='ocrx_word' id='word_1_293' title='bbox 1673 2151 1955 2219; x_wconf 79' lang='lat' dir='ltr'><strong>localibus,</strong></span> 
     </span>
    </p>
   </div>
   <div class='ocr_carea' id='block_1_40' title="bbox 369 2242 1953 2315">
    <p class='ocr_par' dir='ltr' id='par_1_40' title="bbox 369 2242 1953 2315">
     <span class='ocr_line' id='line_1_40' title="bbox 369 2242 1953 2315; baseline 0 -19"><span class='ocrx_word' id='word_1_294' title='bbox 369 2243 455 2298; x_wconf 88' lang='lat' dir='ltr'><strong>vel</strong></span> <span class='ocrx_word' id='word_1_295' title='bbox 511 2242 581 2297; x_wconf 84' lang='lat' dir='ltr'><strong>de</strong></span> <span class='ocrx_word' id='word_1_296' title='bbox 651 2242 845 2314; x_wconf 87' lang='lat' dir='ltr'><strong>spatiis</strong></span> <span class='ocrx_word' id='word_1_297' title='bbox 908 2242 1384 2315; x_wconf 75' lang='lat' dir='ltr'><strong>magnitudinum,</strong></span> <span class='ocrx_word' id='word_1_298' title='bbox 1430 2243 1510 2297; x_wconf 75' lang='lat' dir='ltr'><strong>vel</strong></span> <span class='ocrx_word' id='word_1_299' title='bbox 1573 2245 1640 2298; x_wconf 87' lang='lat' dir='ltr'><strong>de</strong></span> <span class='ocrx_word' id='word_1_300' title='bbox 1690 2243 1953 2299; x_wconf 85' lang='lat' dir='ltr'><strong>interval-</strong></span> 
     </span>
    </p>
   </div>
   <div class='ocr_carea' id='block_1_41' title="bbox 1432 2332 1955 2405">
    <p class='ocr_par' dir='ltr' id='par_1_41' title="bbox 1432 2332 1955 2405">
     <span class='ocr_line' id='line_1_41' title="bbox 1432 2332 1955 2405; baseline 0.004 -17"><span class='ocrx_word' id='word_1_301' title='bbox 1432 2351 1449 2388; x_wconf 91' lang='lat'><strong>:</strong></span> <span class='ocrx_word' id='word_1_302' title='bbox 1495 2332 1624 2405; x_wconf 85' lang='lat' dir='ltr'><strong>quid</strong></span> <span class='ocrx_word' id='word_1_303' title='bbox 1668 2343 1786 2400; x_wconf 88' lang='lat' dir='ltr'><strong>est,</strong></span> <span class='ocrx_word' id='word_1_304' title='bbox 1813 2334 1955 2405; x_wconf 79' lang='lat' dir='ltr'><strong>quod</strong></span> 
     </span>
    </p>
   </div>
   <div class='ocr_carea' id='block_1_42' title="bbox 371 2423 1958 2497">
    <p class='ocr_par' dir='ltr' id='par_1_42' title="bbox 371 2423 1958 2497">
     <span class='ocr_line' id='line_1_42' title="bbox 371 2423 1958 2497; baseline 0.001 -18"><span class='ocrx_word' id='word_1_305' title='bbox 371 2425 447 2481; x_wconf 85' lang='lat' dir='ltr'><strong>ait</strong></span> <span class='ocrx_word' id='word_1_306' title='bbox 474 2424 756 2497; x_wconf 85' lang='lat' dir='ltr'><strong>Scriptura</strong></span> <span class='ocrx_word' id='word_1_307' title='bbox 785 2442 806 2479; x_wconf 59' lang='grc' dir='ltr'><strong>λε</strong></span> <span class='ocrx_word' id='word_1_308' title='bbox 854 2424 971 2479; x_wconf 78' lang='lat' dir='ltr'><strong>Erit</strong></span> <span class='ocrx_word' id='word_1_309' title='bbox 1005 2423 1209 2479; x_wconf 74' lang='lat' dir='ltr'><strong>coelum</strong></span> <span class='ocrx_word' id='word_1_310' title='bbox 1238 2442 1450 2490; x_wconf 67' lang='lat' dir='ltr'><strong>norunt</strong></span> <span class='ocrx_word' id='word_1_311' title='bbox 1505 2436 1553 2480; x_wconf 77' lang='lat' dir='ltr'><strong>et</strong></span> <span class='ocrx_word' id='word_1_312' title='bbox 1604 2436 1747 2480; x_wconf 73' lang='lat' dir='ltr'><strong>terra</strong></span> <span class='ocrx_word' id='word_1_313' title='bbox 1786 2427 1958 2481; x_wconf 80' lang='lat' dir='ltr'><strong>noro?</strong></span> 
     </span>
    </p>
   </div>
   <div class='ocr_carea' id='block_1_43' title="bbox 370 2515 1956 2591">
    <p class='ocr_par' dir='ltr' id='par_1_43' title="bbox 370 2515 1956 2591">
     <span class='ocr_line' id='line_1_43' title="bbox 370 2515 1956 2591; baseline 0.001 -18"><span class='ocrx_word' id='word_1_314' title='bbox 370 2515 580 2588; x_wconf 82' lang='lat' dir='ltr'><strong>Quibus</strong></span> <span class='ocrx_word' id='word_1_315' title='bbox 613 2520 795 2576; x_wconf 87' lang='lat' dir='ltr'><strong>verbis</strong></span> <span class='ocrx_word' id='word_1_316' title='bbox 837 2536 943 2575; x_wconf 89' lang='lat' dir='ltr'><strong>non</strong></span> <span class='ocrx_word' id='word_1_317' title='bbox 983 2520 1158 2574; x_wconf 87' lang='lat' dir='ltr'><strong>solum</strong></span> <span class='ocrx_word' id='word_1_318' title='bbox 1199 2520 1330 2576; x_wconf 88' lang='lat' dir='ltr'><strong>caeli</strong></span> <span class='ocrx_word' id='word_1_319' title='bbox 1377 2528 1432 2574; x_wconf 83' lang='lat' dir='ltr'><strong>et</strong></span> <span class='ocrx_word' id='word_1_320' title='bbox 1473 2530 1651 2575; x_wconf 85' lang='lat' dir='ltr'><strong>terrae</strong></span> <span class='ocrx_word' id='word_1_321' title='bbox 1695 2534 1956 2591; x_wconf 83' lang='lat' dir='ltr'><strong>nonpro-</strong></span> 
     </span>
    </p>
   </div>
   <div class='ocr_carea' id='block_1_44' title="bbox 371 2611 1960 2683">
    <p class='ocr_par' dir='ltr' id='par_1_44' title="bbox 371 2611 1960 2683">
     <span class='ocr_line' id='line_1_44' title="bbox 371 2611 1960 2683; baseline 0 -15"><span class='ocrx_word' id='word_1_322' title='bbox 371 2612 608 2668; x_wconf 86' lang='lat' dir='ltr'><strong>mittitur</strong></span> <span class='ocrx_word' id='word_1_323' title='bbox 632 2611 953 2678; x_wconf 81' lang='lat' dir='ltr'><strong>destructio,</strong></span> <span class='ocrx_word' id='word_1_324' title='bbox 981 2627 1169 2667; x_wconf 85' lang='lat' dir='ltr'><strong>verum</strong></span> <span class='ocrx_word' id='word_1_325' title='bbox 1198 2612 1360 2667; x_wconf 87' lang='lat' dir='ltr'><strong>etiam</strong></span> <span class='ocrx_word' id='word_1_326' title='bbox 1384 2613 1435 2666; x_wconf 92' lang='lat' dir='ltr'><strong>in</strong></span> <span class='ocrx_word' id='word_1_327' title='bbox 1464 2613 1756 2669; x_wconf 81' lang='lat' dir='ltr'><strong>novitatem</strong></span> <span class='ocrx_word' id='word_1_328' title='bbox 1782 2628 1960 2683; x_wconf 87' lang='lat' dir='ltr'><strong>quan-</strong></span> 
     </span>
    </p>
   </div>
   <div class='ocr_carea' id='block_1_45' title="bbox 371 2687 1957 2775">
    <p class='ocr_par' dir='ltr' id='par_1_45' title="bbox 371 2687 1957 2775">
     <span class='ocr_line' id='line_1_45' title="bbox 371 2687 1957 2775; baseline 0.001 -17"><span class='ocrx_word' id='word_1_329' title='bbox 371 2703 496 2758; x_wconf 85' lang='lat' dir='ltr'><strong>dam</strong></span> <span class='ocrx_word' id='word_1_330' title='bbox 533 2710 679 2758; x_wconf 85' lang='lat' dir='ltr'><strong>certa</strong></span> <span class='ocrx_word' id='word_1_331' title='bbox 702 2703 1019 2772; x_wconf 84' lang='lat' dir='ltr'><strong>perhibetur</strong></span> <span class='ocrx_word' id='word_1_332' title='bbox 1039 2687 1383 2759; x_wconf 80' lang='lat' dir='ltr'><strong>restauratio.</strong></span> <span class='ocrx_word' id='word_1_333' title='bbox 1429 2703 1638 2772; x_wconf 77' lang='lat' dir='ltr'><strong>Quibus</strong></span> <span class='ocrx_word' id='word_1_334' title='bbox 1664 2706 1957 2775; x_wconf 82' lang='lat' dir='ltr'><strong>responde-</strong></span> 
     </span>
    </p>
   </div>
   <div class='ocr_carea' id='block_1_46' title="bbox 372 2792 1953 2866">
    <p class='ocr_par' dir='ltr' id='par_1_46' title="bbox 372 2792 1953 2866">
     <span class='ocr_line' id='line_1_46' title="bbox 372 2792 1953 2866; baseline 0.003 -19"><span class='ocrx_word' id='word_1_335' title='bbox 372 2806 514 2859; x_wconf 87' lang='lat' dir='ltr'><strong>mus,</strong></span> <span class='ocrx_word' id='word_1_336' title='bbox 537 2792 681 2863; x_wconf 86' lang='lat' dir='ltr'><strong>quod</strong></span> <span class='ocrx_word' id='word_1_337' title='bbox 703 2793 1092 2850; x_wconf 86' lang='lat' dir='ltr'><strong>usitatissimus</strong></span> <span class='ocrx_word' id='word_1_338' title='bbox 1116 2793 1170 2847; x_wconf 88' lang='lat' dir='ltr'><strong>in</strong></span> <span class='ocrx_word' id='word_1_339' title='bbox 1194 2794 1373 2849; x_wconf 89' lang='lat' dir='ltr'><strong>divina</strong></span> <span class='ocrx_word' id='word_1_340' title='bbox 1400 2794 1677 2865; x_wconf 82' lang='lat' dir='ltr'><strong>Scriptura</strong></span> <span class='ocrx_word' id='word_1_341' title='bbox 1699 2796 1953 2866; x_wconf 81' lang='lat' dir='ltr'><strong>loquendi</strong></span> 
     </span>
    </p>
   </div>
   <div class='ocr_carea' id='block_1_47' title="bbox 370 2884 1952 2957">
    <p class='ocr_par' dir='ltr' id='par_1_47' title="bbox 370 2884 1952 2957">
     <span class='ocr_line' id='line_1_47' title="bbox 370 2884 1952 2957; baseline 0.002 -18"><span class='ocrx_word' id='word_1_342' title='bbox 370 2884 564 2939; x_wconf 87' lang='lat' dir='ltr'><strong>modus</strong></span> <span class='ocrx_word' id='word_1_343' title='bbox 610 2893 715 2949; x_wconf 84' lang='lat' dir='ltr'><strong>est,</strong></span> <span class='ocrx_word' id='word_1_344' title='bbox 746 2892 917 2940; x_wconf 89' lang='lat' dir='ltr'><strong>totum</strong></span> <span class='ocrx_word' id='word_1_345' title='bbox 948 2900 977 2940; x_wconf 86' lang='lat' dir='ltr'><strong>a</strong></span> <span class='ocrx_word' id='word_1_346' title='bbox 1009 2886 1166 2956; x_wconf 66' lang='lat' dir='ltr'><strong>parte</strong></span> <span class='ocrx_word' id='word_1_347' title='bbox 1194 2884 1509 2955; x_wconf 76' lang='lat' dir='ltr'><strong>signiﬁcari,</strong></span> <span class='ocrx_word' id='word_1_348' title='bbox 1540 2885 1624 2941; x_wconf 89' lang='lat' dir='ltr'><strong>vel</strong></span> <span class='ocrx_word' id='word_1_349' title='bbox 1675 2886 1952 2957; x_wconf 83' lang='lat' dir='ltr'><strong>partibus,</strong></span> 
     </span>
    </p>
   </div>
   <div class='ocr_carea' id='block_1_48' title="bbox 288 2964 1951 3051">
    <p class='ocr_par' dir='ltr' id='par_1_48' title="bbox 288 2964 1951 3051">
     <span class='ocr_line' id='line_1_48' title="bbox 288 2964 1951 3051; baseline 0.001 -19"><span class='ocrx_word' id='word_1_350' title='bbox 288 2989 295 2995; x_wconf 88' lang='grc'><strong>·</strong></span> <span class='ocrx_word' id='word_1_351' title='bbox 352 2964 547 3034; x_wconf 79' lang='lat' dir='ltr'><strong>velox</strong></span> <span class='ocrx_word' id='word_1_352' title='bbox 576 2977 810 3033; x_wconf 81' lang='lat' dir='ltr'><strong>maxima</strong></span> <span class='ocrx_word' id='word_1_353' title='bbox 857 2979 1119 3034; x_wconf 73' lang='lat' dir='ltr'><strong>divisnone</strong></span> <span class='ocrx_word' id='word_1_354' title='bbox 1144 2993 1429 3034; x_wconf 82' lang='lat' dir='ltr'><strong>universae</strong></span> <span class='ocrx_word' id='word_1_355' title='bbox 1466 2987 1746 3035; x_wconf 79' lang='lat' dir='ltr'><strong>creaturae</strong></span> <span class='ocrx_word' id='word_1_356' title='bbox 1777 2979 1951 3051; x_wconf 87' lang='lat' dir='ltr'><strong>ipsam</strong></span> 
     </span>
    </p>
   </div>
   <div class='ocr_carea' id='block_1_49' title="bbox 369 3069 2860 3181">
    <p class='ocr_par' dir='ltr' id='par_1_49' title="bbox 369 3069 2860 3181">
     <span class='ocr_line' id='line_1_49' title="bbox 369 3069 2860 3181; baseline -0.001 0"><span class='ocrx_word' id='word_1_357' title='bbox 369 3069 1799 3181; x_wconf 49' lang='grc' dir='ltr'><strong>ῗξῖίῩῗτῗῗέἷῗωῖῗῖῗῩῖίθῖῗῗῗ,ῗίῖἷῖἷνῗῗῖἷῗῖἷίῖἷἶζ¹ἶ²ῗ⁶ῗῖ¹ῗ</strong></span> <span class='ocrx_word' id='word_1_358' title='bbox 1822 3084 2024 3181; x_wconf 61' lang='grc' dir='ltr'><strong>ἾΫῩΪὨ</strong></span> <span class='ocrx_word' id='word_1_359' title='bbox 2056 3069 2326 3181; x_wconf 57' lang='lat' dir='ltr'><strong>Leria-tt.</strong></span> <span class='ocrx_word' id='word_1_360' title='bbox 2359 3100 2501 3162; x_wconf 68' lang='grc' dir='ltr'><strong>ιιυιιέι</strong></span> <span class='ocrx_word' id='word_1_361' title='bbox 2545 3122 2683 3178; x_wconf 73' lang='lat' dir='ltr'><strong>im</strong></span> <span class='ocrx_word' id='word_1_362' title='bbox 2716 3120 2860 3161; x_wconf 68' lang='lat' dir='ltr'><strong>mum</strong></span> 
     </span>
    </p>
   </div>
   <div class='ocr_carea' id='block_1_50' title="bbox 368 3160 1953 3219">
    <p class='ocr_par' dir='ltr' id='par_1_50' title="bbox 368 3160 1953 3219">
     <span class='ocr_line' id='line_1_50' title="bbox 368 3160 1953 3219; baseline -0.003 0"><span class='ocrx_word' id='word_1_363' title='bbox 368 3162 516 3219; x_wconf 85' lang='lat' dir='ltr'><strong>niam</strong></span> <span class='ocrx_word' id='word_1_364' title='bbox 564 3160 727 3216; x_wconf 83' lang='lat' dir='ltr'><strong>totius</strong></span> <span class='ocrx_word' id='word_1_365' title='bbox 769 3160 953 3216; x_wconf 80' lang='lat' dir='ltr'><strong>mundi</strong></span> <span class='ocrx_word' id='word_1_366' title='bbox 998 3161 1270 3217; x_wconf 73' lang='lat' dir='ltr'><strong>sensibilis</strong></span> <span class='ocrx_word' id='word_1_367' title='bbox 1297 3161 1611 3217; x_wconf 84' lang='lat' dir='ltr'><strong>constitutio</strong></span> <span class='ocrx_word' id='word_1_368' title='bbox 1647 3161 1789 3216; x_wconf 86' lang='lat' dir='ltr'><strong>inter</strong></span> <span class='ocrx_word' id='word_1_369' title='bbox 1818 3161 1953 3215; x_wconf 88' lang='lat' dir='ltr'><strong>duas</strong></span> 
     </span>
    </p>
   </div>
   <div class='ocr_carea' id='block_1_51' title="bbox 367 3251 1951 3325">
    <p class='ocr_par' dir='ltr' id='par_1_51' title="bbox 367 3251 1951 3325">
     <span class='ocr_line' id='line_1_51' title="bbox 367 3251 1951 3325; baseline -0.002 -16"><span class='ocrx_word' id='word_1_370' title='bbox 367 3261 642 3309; x_wconf 74' lang='lat' dir='ltr'><strong>extremas</strong></span> <span class='ocrx_word' id='word_1_371' title='bbox 678 3254 762 3309; x_wconf 85' lang='lat' dir='ltr'><strong>sui</strong></span> <span class='ocrx_word' id='word_1_372' title='bbox 789 3262 972 3323; x_wconf 81' lang='lat' dir='ltr'><strong>partes</strong></span> <span class='ocrx_word' id='word_1_373' title='bbox 1001 3253 1103 3309; x_wconf 89' lang='lat' dir='ltr'><strong>sibi</strong></span> <span class='ocrx_word' id='word_1_374' title='bbox 1133 3252 1364 3309; x_wconf 88' lang='lat' dir='ltr'><strong>invicem</strong></span> <span class='ocrx_word' id='word_1_375' title='bbox 1388 3252 1666 3325; x_wconf 85' lang='lat' dir='ltr'><strong>oppositas</strong></span> <span class='ocrx_word' id='word_1_376' title='bbox 1695 3268 1759 3307; x_wconf 91' lang='lat' dir='ltr'><strong>ac</strong></span> <span class='ocrx_word' id='word_1_377' title='bbox 1789 3251 1951 3307; x_wconf 89' lang='lat' dir='ltr'><strong>veluti</strong></span> 
     </span>
    </p>
   </div>
   <div class='ocr_carea' id='block_1_52' title="bbox 366 3333 1947 3416">
    <p class='ocr_par' dir='ltr' id='par_1_52' title="bbox 366 3333 1947 3416">
     <span class='ocr_line' id='line_1_52' title="bbox 366 3333 1947 3416; baseline 0 -20"><span class='ocrx_word' id='word_1_378' title='bbox 366 3342 693 3408; x_wconf 84' lang='lat' dir='ltr'><strong>contrarias,</strong></span> <span class='ocrx_word' id='word_1_379' title='bbox 740 3344 950 3399; x_wconf 85' lang='lat' dir='ltr'><strong>caelum</strong></span> <span class='ocrx_word' id='word_1_380' title='bbox 1001 3344 1121 3399; x_wconf 85' lang='lat' dir='ltr'><strong>dico</strong></span> <span class='ocrx_word' id='word_1_381' title='bbox 1164 3351 1237 3406; x_wconf 47' lang='lat' dir='ltr'><strong>et.</strong></span> <span class='ocrx_word' id='word_1_382' title='bbox 1267 3333 1487 3409; x_wconf 72' lang='lat' dir='ltr'><strong>terrain,</strong></span> <span class='ocrx_word' id='word_1_383' title='bbox 1532 3343 1792 3416; x_wconf 84' lang='lat' dir='ltr'><strong>disposita</strong></span> <span class='ocrx_word' id='word_1_384' title='bbox 1847 3350 1947 3410; x_wconf 83' lang='lat' dir='ltr'><strong>est,</strong></span> 
     </span>
    </p>
   </div>
   <div class='ocr_carea' id='block_1_53' title="bbox 368 3434 1953 3510">
    <p class='ocr_par' dir='ltr' id='par_1_53' title="bbox 368 3434 1953 3510">
     <span class='ocr_line' id='line_1_53' title="bbox 368 3434 1953 3510; baseline 0.003 -21"><span class='ocrx_word' id='word_1_385' title='bbox 368 3438 596 3509; x_wconf 78' lang='lat' dir='ltr'><strong>pulchre</strong></span> <span class='ocrx_word' id='word_1_386' title='bbox 620 3438 968 3510; x_wconf 80' lang='lat' dir='ltr'><strong>propheticus</strong></span> <span class='ocrx_word' id='word_1_387' title='bbox 995 3437 1219 3509; x_wconf 82' lang='lat' dir='ltr'><strong>spiritus</strong></span> <span class='ocrx_word' id='word_1_388' title='bbox 1246 3439 1413 3499; x_wconf 86' lang='lat' dir='ltr'><strong>totius</strong></span> <span class='ocrx_word' id='word_1_389' title='bbox 1437 3434 1663 3494; x_wconf 73' lang='lat' dir='ltr'><strong>visibilis</strong></span> <span class='ocrx_word' id='word_1_390' title='bbox 1690 3437 1953 3494; x_wconf 88' lang='lat' dir='ltr'><strong>conditio-</strong></span> 
     </span>
    </p>
   </div>
   <div class='ocr_carea' id='block_1_54' title="bbox 369 3527 1952 3603">
    <p class='ocr_par' dir='ltr' id='par_1_54' title="bbox 369 3527 1952 3603">
     <span class='ocr_line' id='line_1_54' title="bbox 369 3527 1952 3603; baseline 0.001 -20"><span class='ocrx_word' id='word_1_391' title='bbox 369 3528 453 3583; x_wconf 91' lang='lat' dir='ltr'><strong>nis</strong></span> <span class='ocrx_word' id='word_1_392' title='bbox 482 3527 908 3595; x_wconf 81' lang='lat' dir='ltr'><strong>innovationem,</strong></span> <span class='ocrx_word' id='word_1_393' title='bbox 938 3530 1042 3586; x_wconf 90' lang='lat' dir='ltr'><strong>hoc</strong></span> <span class='ocrx_word' id='word_1_394' title='bbox 1067 3538 1153 3584; x_wconf 87' lang='lat' dir='ltr'><strong>est</strong></span> <span class='ocrx_word' id='word_1_395' title='bbox 1196 3530 1250 3585; x_wconf 91' lang='lat' dir='ltr'><strong>in</strong></span> <span class='ocrx_word' id='word_1_396' title='bbox 1281 3528 1591 3603; x_wconf 84' lang='lat' dir='ltr'><strong>spirituales</strong></span> <span class='ocrx_word' id='word_1_397' title='bbox 1620 3530 1952 3587; x_wconf 84' lang='lat' dir='ltr'><strong>substantias</strong></span> 
     </span>
    </p>
   </div>
   <div class='ocr_carea' id='block_1_55' title="bbox 370 3617 2026 3693">
    <p class='ocr_par' dir='ltr' id='par_1_55' title="bbox 370 3617 2026 3693">
     <span class='ocr_line' id='line_1_55' title="bbox 370 3617 2026 3693; baseline 0.004 -23"><span class='ocrx_word' id='word_1_398' title='bbox 370 3617 896 3684; x_wconf 73' lang='lat' dir='ltr'><strong>trans-mutationem,</strong></span> <span class='ocrx_word' id='word_1_399' title='bbox 929 3619 1063 3675; x_wconf 82' lang='lat' dir='ltr'><strong>caeli</strong></span> <span class='ocrx_word' id='word_1_400' title='bbox 1116 3621 1243 3675; x_wconf 86' lang='lat' dir='ltr'><strong>novi</strong></span> <span class='ocrx_word' id='word_1_401' title='bbox 1281 3630 1564 3691; x_wconf 84' lang='lat' dir='ltr'><strong>terraeque</strong></span> <span class='ocrx_word' id='word_1_402' title='bbox 1605 3637 1778 3677; x_wconf 83' lang='lat' dir='ltr'><strong>novae</strong></span> <span class='ocrx_word' id='word_1_403' title='bbox 1828 3620 1977 3693; x_wconf 53' lang='lat' dir='ltr'><strong>typo&quot;</strong></span> <span class='ocrx_word' id='word_1_404' title='bbox 2017 3628 2026 3637; x_wconf 83' lang='lat'><strong>‘</strong></span> 
     </span>
    </p>
   </div>
   <div class='ocr_carea' id='block_1_56' title="bbox 368 3706 1952 3786">
    <p class='ocr_par' dir='ltr' id='par_1_56' title="bbox 368 3706 1952 3786">
     <span class='ocr_line' id='line_1_56' title="bbox 368 3706 1952 3786; baseline 0.003 -20"><span class='ocrx_word' id='word_1_405' title='bbox 368 3706 712 3783; x_wconf 76' lang='lat' dir='ltr'><strong>signiﬁcavit,</strong></span> <span class='ocrx_word' id='word_1_406' title='bbox 746 3721 806 3764; x_wconf 86' lang='lat' dir='ltr'><strong>ut</strong></span> <span class='ocrx_word' id='word_1_407' title='bbox 848 3709 980 3767; x_wconf 87' lang='lat' dir='ltr'><strong>caeli</strong></span> <span class='ocrx_word' id='word_1_408' title='bbox 1023 3712 1284 3781; x_wconf 69' lang='lat' dir='ltr'><strong>vocabulo</strong></span> <span class='ocrx_word' id='word_1_409' title='bbox 1307 3713 1559 3769; x_wconf 77' lang='lat' dir='ltr'><strong>aelbcrea</strong></span> <span class='ocrx_word' id='word_1_410' title='bbox 1588 3713 1952 3786; x_wconf 83' lang='lat' dir='ltr'><strong>caelestiaque</strong></span> 
     </span>
    </p>
   </div>
   <div class='ocr_carea' id='block_1_57' title="bbox 284 3801 1957 3873">
    <p class='ocr_par' dir='ltr' id='par_1_57' title="bbox 284 3801 1957 3873">
     <span class='ocr_line' id='line_1_57' title="bbox 284 3801 1957 3873; baseline 0.002 -18"><span class='ocrx_word' id='word_1_411' title='bbox 284 3820 299 3832; x_wconf 64' lang='grc' dir='ltr'><em>υ</em></span> <span class='ocrx_word' id='word_1_412' title='bbox 369 3801 549 3856; x_wconf 83' lang='lat' dir='ltr'><strong>omnia</strong></span> <span class='ocrx_word' id='word_1_413' title='bbox 575 3815 800 3873; x_wconf 86' lang='lat' dir='ltr'><strong>corpora</strong></span> <span class='ocrx_word' id='word_1_414' title='bbox 823 3810 1088 3868; x_wconf 85' lang='lat' dir='ltr'><strong>extrema,</strong></span> <span class='ocrx_word' id='word_1_415' title='bbox 1118 3812 1293 3858; x_wconf 86' lang='lat' dir='ltr'><strong>terrae</strong></span> <span class='ocrx_word' id='word_1_416' title='bbox 1314 3817 1442 3860; x_wconf 87' lang='lat' dir='ltr'><strong>vero</strong></span> <span class='ocrx_word' id='word_1_417' title='bbox 1469 3802 1726 3859; x_wconf 76' lang='lat' dir='ltr'><strong>inferiora</strong></span> <span class='ocrx_word' id='word_1_418' title='bbox 1748 3805 1957 3860; x_wconf 87' lang='lat' dir='ltr'><strong>media-</strong></span> 
     </span>
    </p>
   </div>
   <div class='ocr_carea' id='block_1_58' title="bbox 369 3882 1953 3973">
    <p class='ocr_par' dir='ltr' id='par_1_58' title="bbox 369 3882 1953 3973">
     <span class='ocr_line' id='line_1_58' title="bbox 369 3882 1953 3973; baseline 0.005 -30"><span class='ocrx_word' id='word_1_419' title='bbox 369 3882 476 3960; x_wconf 79' lang='lat' dir='ltr'><strong>que</strong></span> <span class='ocrx_word' id='word_1_420' title='bbox 521 3890 825 3964; x_wconf 80' lang='lat' dir='ltr'><strong>intelligas;</strong></span> <span class='ocrx_word' id='word_1_421' title='bbox 881 3908 948 3949; x_wconf 87' lang='lat' dir='ltr'><strong>ac</strong></span> <span class='ocrx_word' id='word_1_422' title='bbox 988 3910 1085 3964; x_wconf 85' lang='lat' dir='ltr'><strong>per</strong></span> <span class='ocrx_word' id='word_1_423' title='bbox 1137 3894 1240 3951; x_wconf 86' lang='lat' dir='ltr'><strong>hoc</strong></span> <span class='ocrx_word' id='word_1_424' title='bbox 1282 3895 1442 3951; x_wconf 89' lang='lat' dir='ltr'><strong>simul</strong></span> <span class='ocrx_word' id='word_1_425' title='bbox 1476 3903 1650 3973; x_wconf 75' lang='lat' dir='ltr'><strong>totum</strong></span> <span class='ocrx_word' id='word_1_426' title='bbox 1688 3895 1953 3952; x_wconf 86' lang='lat' dir='ltr'><strong>visibilem</strong></span> 
     </span>
    </p>
   </div>
   <div class='ocr_carea' id='block_1_59' title="bbox 369 3985 1955 4056">
    <p class='ocr_par' dir='ltr' id='par_1_59' title="bbox 369 3985 1955 4056">
     <span class='ocr_line' id='line_1_59' title="bbox 369 3985 1955 4056; baseline 0.004 -18"><span class='ocrx_word' id='word_1_427' title='bbox 369 3985 629 4047; x_wconf 79' lang='lat' dir='ltr'><strong>inundant</strong></span> <span class='ocrx_word' id='word_1_428' title='bbox 677 3985 729 4039; x_wconf 88' lang='lat' dir='ltr'><strong>in</strong></span> <span class='ocrx_word' id='word_1_429' title='bbox 778 4000 905 4041; x_wconf 86' lang='lat' dir='ltr'><strong>suas</strong></span> <span class='ocrx_word' id='word_1_430' title='bbox 933 3986 1242 4056; x_wconf 85' lang='lat' dir='ltr'><strong>spirituales</strong></span> <span class='ocrx_word' id='word_1_431' title='bbox 1264 4002 1458 4043; x_wconf 84' lang='lat' dir='ltr'><strong>causas</strong></span> <span class='ocrx_word' id='word_1_432' title='bbox 1489 3988 1863 4047; x_wconf 72' lang='lat' dir='ltr'><strong>transiturum.</strong></span> <span class='ocrx_word' id='word_1_433' title='bbox 1895 3986 1955 4044; x_wconf 90' lang='lat' dir='ltr'><strong>Si</strong></span> 
     </span>
    </p>
   </div>
   <div class='ocr_carea' id='block_1_60' title="bbox 368 4077 1957 4148">
    <p class='ocr_par' dir='ltr' id='par_1_60' title="bbox 368 4077 1957 4148">
     <span class='ocr_line' id='line_1_60' title="bbox 368 4077 1957 4148; baseline 0.003 -19"><span class='ocrx_word' id='word_1_434' title='bbox 368 4086 548 4132; x_wconf 86' lang='lat' dir='ltr'><strong>autem</strong></span> <span class='ocrx_word' id='word_1_435' title='bbox 577 4079 699 4148; x_wconf 84' lang='lat' dir='ltr'><strong>quis</strong></span> <span class='ocrx_word' id='word_1_436' title='bbox 728 4077 962 4143; x_wconf 72' lang='lat' dir='ltr'><strong>dixerit,</strong></span> <span class='ocrx_word' id='word_1_437' title='bbox 1001 4077 1105 4132; x_wconf 84' lang='lat' dir='ltr'><strong>hac</strong></span> <span class='ocrx_word' id='word_1_438' title='bbox 1146 4077 1408 4133; x_wconf 78' lang='lat' dir='ltr'><strong>divisione</strong></span> <span class='ocrx_word' id='word_1_439' title='bbox 1435 4077 1570 4134; x_wconf 87' lang='lat' dir='ltr'><strong>caeli</strong></span> <span class='ocrx_word' id='word_1_440' title='bbox 1596 4078 1721 4134; x_wconf 84' lang='lat' dir='ltr'><strong>novi</strong></span> <span class='ocrx_word' id='word_1_441' title='bbox 1750 4085 1957 4135; x_wconf 81' lang='lat' dir='ltr'><strong>terrae-</strong></span> 
     </span>
    </p>
   </div>
   <div class='ocr_carea' id='block_1_61' title="bbox 366 4170 2031 4241">
    <p class='ocr_par' dir='ltr' id='par_1_61' title="bbox 366 4170 2031 4241">
     <span class='ocr_line' id='line_1_61' title="bbox 366 4170 2031 4241; baseline 0.002 -17"><span class='ocrx_word' id='word_1_442' title='bbox 366 4184 472 4241; x_wconf 87' lang='lat' dir='ltr'><strong>que</strong></span> <span class='ocrx_word' id='word_1_443' title='bbox 503 4183 676 4225; x_wconf 84' lang='lat' dir='ltr'><strong>novae</strong></span> <span class='ocrx_word' id='word_1_444' title='bbox 700 4170 1106 4225; x_wconf 74' lang='lat' dir='ltr'><strong>universitatem</strong></span> <span class='ocrx_word' id='word_1_445' title='bbox 1154 4170 1380 4227; x_wconf 81' lang='lat' dir='ltr'><strong>visibilis</strong></span> <span class='ocrx_word' id='word_1_446' title='bbox 1407 4182 1461 4226; x_wconf 87' lang='lat' dir='ltr'><strong>et</strong></span> <span class='ocrx_word' id='word_1_447' title='bbox 1489 4170 1773 4226; x_wconf 79' lang='lat' dir='ltr'><strong>invisibilis</strong></span> <span class='ocrx_word' id='word_1_448' title='bbox 1795 4186 1954 4227; x_wconf 82' lang='lat' dir='ltr'><strong>crea-</strong></span> <span class='ocrx_word' id='word_1_449' title='bbox 2020 4222 2031 4228; x_wconf 85' lang='lat'><strong>.</strong></span> 
     </span>
    </p>
   </div>
   <div class='ocr_carea' id='block_1_62' title="bbox 368 4254 1959 4334">
    <p class='ocr_par' dir='ltr' id='par_1_62' title="bbox 368 4254 1959 4334">
     <span class='ocr_line' id='line_1_62' title="bbox 368 4254 1959 4334; baseline 0.003 -21"><span class='ocrx_word' id='word_1_450' title='bbox 368 4271 523 4315; x_wconf 76' lang='lat' dir='ltr'><strong>tutae</strong></span> <span class='ocrx_word' id='word_1_451' title='bbox 551 4258 909 4331; x_wconf 74' lang='lat' dir='ltr'><strong>signiﬁcatam</strong></span> <span class='ocrx_word' id='word_1_452' title='bbox 936 4274 1056 4314; x_wconf 86' lang='lat' dir='ltr'><strong>esse</strong></span> <span class='ocrx_word' id='word_1_453' title='bbox 1075 4299 1089 4324; x_wconf 92' lang='lat'><strong>,</strong></span> <span class='ocrx_word' id='word_1_454' title='bbox 1139 4276 1244 4316; x_wconf 90' lang='lat' dir='ltr'><strong>non</strong></span> <span class='ocrx_word' id='word_1_455' title='bbox 1282 4260 1622 4334; x_wconf 78' lang='lat' dir='ltr'><strong>elongabitur</strong></span> <span class='ocrx_word' id='word_1_456' title='bbox 1647 4277 1680 4316; x_wconf 89' lang='lat' dir='ltr'><strong>a</strong></span> <span class='ocrx_word' id='word_1_457' title='bbox 1705 4254 1959 4326; x_wconf 77' lang='lat' dir='ltr'><strong>veritate,</strong></span> 
     </span>
    </p>
   </div>
   <div class='ocr_carea' id='block_1_63' title="bbox 369 4349 1956 4423">
    <p class='ocr_par' dir='ltr' id='par_1_63' title="bbox 369 4349 1956 4423">
     <span class='ocr_line' id='line_1_63' title="bbox 369 4349 1956 4423; baseline 0.003 -19"><span class='ocrx_word' id='word_1_458' title='bbox 369 4361 426 4404; x_wconf 89' lang='lat' dir='ltr'><strong>ut</strong></span> <span class='ocrx_word' id='word_1_459' title='bbox 450 4350 665 4421; x_wconf 86' lang='lat' dir='ltr'><strong>opinor.</strong></span> <span class='ocrx_word' id='word_1_460' title='bbox 718 4349 1137 4406; x_wconf 79' lang='lat' dir='ltr'><strong>Ratiouabilitcr</strong></span> <span class='ocrx_word' id='word_1_461' title='bbox 1178 4352 1376 4423; x_wconf 86' lang='lat' dir='ltr'><strong>quippe</strong></span> <span class='ocrx_word' id='word_1_462' title='bbox 1419 4367 1517 4422; x_wconf 88' lang='lat' dir='ltr'><strong>per</strong></span> <span class='ocrx_word' id='word_1_463' title='bbox 1554 4352 1956 4408; x_wconf 86' lang='lat' dir='ltr'><strong>innovationem</strong></span> 
     </span>
    </p>
   </div>
   <div class='ocr_carea' id='block_1_64' title="bbox 368 4436 2199 4532">
    <p class='ocr_par' dir='ltr' id='par_1_64' title="bbox 368 4436 2199 4532">
     <span class='ocr_line' id='line_1_64' title="bbox 368 4436 2199 4532; baseline -0.003 -33"><span class='ocrx_word' id='word_1_464' title='bbox 368 4445 503 4500; x_wconf 82' lang='lat' dir='ltr'><strong>caeli</strong></span> <span class='ocrx_word' id='word_1_465' title='bbox 536 4443 837 4516; x_wconf 86' lang='lat' dir='ltr'><strong>spiritualis</strong></span> <span class='ocrx_word' id='word_1_466' title='bbox 862 4455 1128 4513; x_wconf 84' lang='lat' dir='ltr'><strong>naturae,</strong></span> <span class='ocrx_word' id='word_1_467' title='bbox 1168 4455 1345 4502; x_wconf 85' lang='lat' dir='ltr'><strong>terrae</strong></span> <span class='ocrx_word' id='word_1_468' title='bbox 1381 4436 1562 4503; x_wconf 84' lang='lat' dir='ltr'><strong>autem</strong></span> <span class='ocrx_word' id='word_1_469' title='bbox 1610 4447 1954 4503; x_wconf 84' lang='lat' dir='ltr'><strong>innovatione</strong></span> <span class='ocrx_word' id='word_1_470' title='bbox 1981 4470 2032 4532; x_wconf 68' lang='grc' dir='ltr'><strong>ι)</strong></span> <span class='ocrx_word' id='word_1_471' title='bbox 2058 4442 2199 4494; x_wconf 70' lang='grc' dir='ltr'><strong>ηιυε»</strong></span> 
     </span>
    </p>
   </div>
   <div class='ocr_carea' id='block_1_65' title="bbox 367 4528 1955 4609">
    <p class='ocr_par' dir='ltr' id='par_1_65' title="bbox 367 4528 1955 4609">
     <span class='ocr_line' id='line_1_65' title="bbox 367 4528 1955 4609; baseline -0.001 -16"><span class='ocrx_word' id='word_1_472' title='bbox 367 4536 733 4606; x_wconf 79' lang='lat' dir='ltr'><strong>corporalium</strong></span> <span class='ocrx_word' id='word_1_473' title='bbox 758 4550 936 4590; x_wconf 83' lang='lat' dir='ltr'><strong>rerum</strong></span> <span class='ocrx_word' id='word_1_474' title='bbox 960 4528 1232 4591; x_wconf 76' lang='lat' dir='ltr'><strong>restitutio</strong></span> <span class='ocrx_word' id='word_1_475' title='bbox 1254 4537 1672 4609; x_wconf 77' lang='lat' dir='ltr'><strong>praeﬁguratur.</strong></span> <span class='ocrx_word' id='word_1_476' title='bbox 1699 4536 1955 4593; x_wconf 85' lang='lat' dir='ltr'><strong>Testatur</strong></span> 
     </span>
    </p>
   </div>
   <div class='ocr_carea' id='block_1_66' title="bbox 366 4625 1956 4697">
    <p class='ocr_par' dir='ltr' id='par_1_66' title="bbox 366 4625 1956 4697">
     <span class='ocr_line' id='line_1_66' title="bbox 366 4625 1956 4697; baseline 0 -15"><span class='ocrx_word' id='word_1_477' title='bbox 366 4626 635 4697; x_wconf 78' lang='lat' dir='ltr'><strong>siquidem</strong></span> <span class='ocrx_word' id='word_1_478' title='bbox 662 4625 973 4695; x_wconf 74' lang='lat' dir='ltr'><strong>Apostolus,</strong></span> <span class='ocrx_word' id='word_1_479' title='bbox 1001 4627 1194 4688; x_wconf 74' lang='lat' dir='ltr'><strong>onttiia,</strong></span> <span class='ocrx_word' id='word_1_480' title='bbox 1219 4642 1354 4693; x_wconf 81' lang='lat' dir='ltr'><strong>quae</strong></span> <span class='ocrx_word' id='word_1_481' title='bbox 1394 4629 1449 4683; x_wconf 83' lang='lat' dir='ltr'><strong>in</strong></span> <span class='ocrx_word' id='word_1_482' title='bbox 1475 4638 1618 4683; x_wconf 78' lang='lat' dir='ltr'><strong>terra</strong></span> <span class='ocrx_word' id='word_1_483' title='bbox 1659 4637 1778 4683; x_wconf 83' lang='lat' dir='ltr'><strong>sum</strong></span> <span class='ocrx_word' id='word_1_484' title='bbox 1822 4639 1870 4683; x_wconf 79' lang='lat' dir='ltr'><strong>et</strong></span> <span class='ocrx_word' id='word_1_485' title='bbox 1900 4629 1956 4683; x_wconf 79' lang='lat' dir='ltr'><strong>in</strong></span> 
     </span>
    </p>
   </div>
   <div class='ocr_carea' id='block_1_67' title="bbox 369 4698 1975 4787">
    <p class='ocr_par' dir='ltr' id='par_1_67' title="bbox 369 4698 1975 4787">
     <span class='ocr_line' id='line_1_67' title="bbox 369 4698 1975 4787; baseline 0.001 -16"><span class='ocrx_word' id='word_1_486' title='bbox 369 4716 536 4782; x_wconf 80' lang='lat' dir='ltr'><strong>caelo,</strong></span> <span class='ocrx_word' id='word_1_487' title='bbox 558 4716 615 4770; x_wconf 80' lang='lat' dir='ltr'><strong>in</strong></span> <span class='ocrx_word' id='word_1_488' title='bbox 636 4713 846 4770; x_wconf 75' lang='lat' dir='ltr'><strong>Christo</strong></span> <span class='ocrx_word' id='word_1_489' title='bbox 870 4727 917 4771; x_wconf 80' lang='lat' dir='ltr'><strong>et</strong></span> <span class='ocrx_word' id='word_1_490' title='bbox 937 4732 1030 4787; x_wconf 81' lang='lat' dir='ltr'><strong>per</strong></span> <span class='ocrx_word' id='word_1_491' title='bbox 1051 4714 1318 4771; x_wconf 78' lang='lat' dir='ltr'><strong>Christum</strong></span> <span class='ocrx_word' id='word_1_492' title='bbox 1341 4719 1650 4774; x_wconf 77' lang='lat' dir='ltr'><strong>restaurari.</strong></span> <span class='ocrx_word' id='word_1_493' title='bbox 1669 4716 1787 4773; x_wconf 77' lang='lat' dir='ltr'><strong>Non</strong></span> <span class='ocrx_word' id='word_1_494' title='bbox 1806 4698 1975 4774; x_wconf 49' lang='lat' dir='ltr'><strong>enim.</strong></span> 
     </span>
    </p>
   </div>
   <div class='ocr_carea' id='block_1_68' title="bbox 368 4806 1954 4882">
    <p class='ocr_par' dir='ltr' id='par_1_68' title="bbox 368 4806 1954 4882">
     <span class='ocr_line' id='line_1_68' title="bbox 368 4806 1954 4882; baseline 0.001 -20"><span class='ocrx_word' id='word_1_495' title='bbox 368 4806 655 4862; x_wconf 74' lang='lat' dir='ltr'><strong>sensiliiles</strong></span> <span class='ocrx_word' id='word_1_496' title='bbox 705 4806 1041 4863; x_wconf 77' lang='lat' dir='ltr'><strong>solummodo</strong></span> <span class='ocrx_word' id='word_1_497' title='bbox 1070 4847 1085 4872; x_wconf 95' lang='lat'><strong>,</strong></span> <span class='ocrx_word' id='word_1_498' title='bbox 1128 4823 1316 4863; x_wconf 83' lang='lat' dir='ltr'><strong>verum</strong></span> <span class='ocrx_word' id='word_1_499' title='bbox 1368 4809 1532 4865; x_wconf 87' lang='lat' dir='ltr'><strong>etiam</strong></span> <span class='ocrx_word' id='word_1_500' title='bbox 1594 4809 1954 4882; x_wconf 76' lang='lat' dir='ltr'><strong>intelligibiles</strong></span> 
     </span>
    </p>
   </div>
   <div class='ocr_carea' id='block_1_69' title="bbox 295 4898 1953 4973">
    <p class='ocr_par' dir='ltr' id='par_1_69' title="bbox 295 4898 1953 4973">
     <span class='ocr_line' id='line_1_69' title="bbox 295 4898 1953 4973; baseline 0.001 -17"><span class='ocrx_word' id='word_1_501' title='bbox 295 4926 303 4933; x_wconf 83' lang='grc'><strong>·</strong></span> <span class='ocrx_word' id='word_1_502' title='bbox 369 4911 655 4957; x_wconf 82' lang='lat' dir='ltr'><strong>creaturae</strong></span> <span class='ocrx_word' id='word_1_503' title='bbox 698 4900 957 4957; x_wconf 79' lang='lat' dir='ltr'><strong>inelfa&#39;uili</strong></span> <span class='ocrx_word' id='word_1_504' title='bbox 1003 4902 1163 4958; x_wconf 87' lang='lat' dir='ltr'><strong>modo</strong></span> <span class='ocrx_word' id='word_1_505' title='bbox 1216 4898 1434 4972; x_wconf 57' lang='lat' dir='ltr'><strong>latoque</strong></span> <span class='ocrx_word' id='word_1_506' title='bbox 1482 4902 1595 4958; x_wconf 88' lang='lat' dir='ltr'><strong>soli</strong></span> <span class='ocrx_word' id='word_1_507' title='bbox 1640 4903 1858 4973; x_wconf 78' lang='lat' dir='ltr'><strong>cognito</strong></span> <span class='ocrx_word' id='word_1_508' title='bbox 1899 4903 1953 4958; x_wconf 84' lang='lat' dir='ltr'><strong>in</strong></span> 
     </span>
    </p>
   </div>
   <div class='ocr_carea' id='block_1_70' title="bbox 370 4992 1955 5061">
    <p class='ocr_par' dir='ltr' id='par_1_70' title="bbox 370 4992 1955 5061">
     <span class='ocr_line' id='line_1_70' title="bbox 370 4992 1955 5061; baseline -0.002 -11"><span class='ocrx_word' id='word_1_509' title='bbox 370 5009 497 5050; x_wconf 85' lang='lat' dir='ltr'><strong>suas</strong></span> <span class='ocrx_word' id='word_1_510' title='bbox 526 5010 719 5052; x_wconf 80' lang='lat' dir='ltr'><strong>causas</strong></span> <span class='ocrx_word' id='word_1_511' title='bbox 766 4992 1101 5060; x_wconf 87' lang='lat' dir='ltr'><strong>transibunt,</strong></span> <span class='ocrx_word' id='word_1_512' title='bbox 1150 4995 1255 5059; x_wconf 82' lang='lat' dir='ltr'><strong>hoc</strong></span> <span class='ocrx_word' id='word_1_513' title='bbox 1283 5005 1385 5061; x_wconf 87' lang='lat' dir='ltr'><strong>est,</strong></span> <span class='ocrx_word' id='word_1_514' title='bbox 1424 4995 1477 5050; x_wconf 91' lang='lat' dir='ltr'><strong>in</strong></span> <span class='ocrx_word' id='word_1_515' title='bbox 1510 5010 1727 5049; x_wconf 87' lang='lat' dir='ltr'><strong>suarum</strong></span> <span class='ocrx_word' id='word_1_516' title='bbox 1767 5010 1955 5051; x_wconf 73' lang='lat' dir='ltr'><strong>causa~</strong></span> 
     </span>
    </p>
   </div>
   <div class='ocr_carea' id='block_1_71' title="bbox 370 5084 1957 5158">
    <p class='ocr_par' dir='ltr' id='par_1_71' title="bbox 370 5084 1957 5158">
     <span class='ocr_line' id='line_1_71' title="bbox 370 5084 1957 5158; baseline 0 -20"><span class='ocrx_word' id='word_1_517' title='bbox 370 5100 488 5140; x_wconf 84' lang='lat' dir='ltr'><strong>runt</strong></span> <span class='ocrx_word' id='word_1_518' title='bbox 518 5086 862 5158; x_wconf 85' lang='lat' dir='ltr'><strong>purissimam</strong></span> <span class='ocrx_word' id='word_1_519' title='bbox 902 5085 1284 5157; x_wconf 79' lang='lat' dir='ltr'><strong>cognitionem,</strong></span> <span class='ocrx_word' id='word_1_520' title='bbox 1313 5100 1413 5157; x_wconf 89' lang='lat' dir='ltr'><strong>per</strong></span> <span class='ocrx_word' id='word_1_521' title='bbox 1453 5100 1613 5155; x_wconf 84' lang='lat' dir='ltr'><strong>quam</strong></span> <span class='ocrx_word' id='word_1_522' title='bbox 1643 5084 1723 5139; x_wconf 81' lang='lat' dir='ltr'><strong>eis</strong></span> <span class='ocrx_word' id='word_1_523' title='bbox 1753 5086 1957 5139; x_wconf 60' lang='grc' dir='ltr'><strong>(ιιιιηιιιε</strong></span> 
     </span>
    </p>
   </div>
   <div class='ocr_carea' id='block_1_72' title="bbox 370 5174 1955 5246">
    <p class='ocr_par' dir='ltr' id='par_1_72' title="bbox 370 5174 1955 5246">
     <span class='ocr_line' id='line_1_72' title="bbox 370 5174 1955 5246; baseline -0.001 -16"><span class='ocrx_word' id='word_1_524' title='bbox 370 5175 570 5231; x_wconf 87' lang='lat' dir='ltr'><strong>buntur</strong></span> <span class='ocrx_word' id='word_1_525' title='bbox 613 5192 677 5232; x_wconf 87' lang='lat' dir='ltr'><strong>ea</strong></span> <span class='ocrx_word' id='word_1_526' title='bbox 726 5178 959 5241; x_wconf 78' lang='lat' dir='ltr'><strong>ratione,</strong></span> <span class='ocrx_word' id='word_1_527' title='bbox 1010 5190 1115 5246; x_wconf 88' lang='lat' dir='ltr'><strong>qua</strong></span> <span class='ocrx_word' id='word_1_528' title='bbox 1146 5175 1220 5240; x_wconf 84' lang='lat' dir='ltr'><strong>id,</strong></span> <span class='ocrx_word' id='word_1_529' title='bbox 1260 5175 1401 5245; x_wconf 87' lang='lat' dir='ltr'><strong>quod</strong></span> <span class='ocrx_word' id='word_1_530' title='bbox 1438 5189 1572 5245; x_wconf 86' lang='lat' dir='ltr'><strong>pure</strong></span> <span class='ocrx_word' id='word_1_531' title='bbox 1601 5174 1870 5246; x_wconf 80' lang='lat' dir='ltr'><strong>intelligit,</strong></span> <span class='ocrx_word' id='word_1_532' title='bbox 1898 5182 1955 5229; x_wconf 84' lang='lat' dir='ltr'><strong>et</strong></span> 
     </span>
    </p>
   </div>
   <div class='ocr_carea' id='block_1_73' title="bbox 368 5264 1952 5338">
    <p class='ocr_par' dir='ltr' id='par_1_73' title="bbox 368 5264 1952 5338">
     <span class='ocr_line' id='line_1_73' title="bbox 368 5264 1952 5338; baseline 0.001 -17"><span class='ocrx_word' id='word_1_533' title='bbox 368 5264 445 5330; x_wconf 85' lang='lat' dir='ltr'><strong>id,</strong></span> <span class='ocrx_word' id='word_1_534' title='bbox 485 5265 628 5335; x_wconf 82' lang='lat' dir='ltr'><strong>quod</strong></span> <span class='ocrx_word' id='word_1_535' title='bbox 672 5280 808 5336; x_wconf 88' lang='lat' dir='ltr'><strong>pure</strong></span> <span class='ocrx_word' id='word_1_536' title='bbox 850 5265 1188 5338; x_wconf 81' lang='lat' dir='ltr'><strong>intelligitur,</strong></span> <span class='ocrx_word' id='word_1_537' title='bbox 1228 5282 1394 5321; x_wconf 89' lang='lat' dir='ltr'><strong>unum</strong></span> <span class='ocrx_word' id='word_1_538' title='bbox 1424 5266 1749 5322; x_wconf 67' lang='lat' dir='ltr'><strong>efﬁciuntur.</strong></span> <span class='ocrx_word' id='word_1_539' title='bbox 1798 5264 1952 5332; x_wconf 82' lang='lat' dir='ltr'><strong>Quod</strong></span> 
     </span>
    </p>
   </div>
   <div class='ocr_carea' id='block_1_74' title="bbox 368 5356 1953 5430">
    <p class='ocr_par' dir='ltr' id='par_1_74' title="bbox 368 5356 1953 5430">
     <span class='ocr_line' id='line_1_74' title="bbox 368 5356 1953 5430; baseline -0.001 -17"><span class='ocrx_word' id='word_1_540' title='bbox 368 5359 553 5421; x_wconf 73' lang='lat' dir='ltr'><strong>etiam,</strong></span> <span class='ocrx_word' id='word_1_541' title='bbox 588 5369 646 5415; x_wconf 89' lang='lat' dir='ltr'><strong>ut</strong></span> <span class='ocrx_word' id='word_1_542' title='bbox 680 5361 935 5426; x_wconf 86' lang='lat' dir='ltr'><strong>arbitror,</strong></span> <span class='ocrx_word' id='word_1_543' title='bbox 963 5360 1220 5417; x_wconf 84' lang='lat' dir='ltr'><strong>Dominus</strong></span> <span class='ocrx_word' id='word_1_544' title='bbox 1250 5361 1301 5414; x_wconf 92' lang='lat' dir='ltr'><strong>in</strong></span> <span class='ocrx_word' id='word_1_545' title='bbox 1335 5359 1620 5430; x_wconf 77' lang='lat' dir='ltr'><strong>Evangelia</strong></span> <span class='ocrx_word' id='word_1_546' title='bbox 1645 5356 1953 5428; x_wconf 76' lang='lat' dir='ltr'><strong>signiﬁcare</strong></span> 
     </span>
    </p>
   </div>
   <div class='ocr_carea' id='block_1_75' title="bbox 2064 1807 3651 1881">
    <p class='ocr_par' dir='ltr' id='par_1_75' title="bbox 2064 1807 3651 1881">
     <span class='ocr_line' id='line_1_75' title="bbox 2064 1807 3651 1881; baseline -0.001 -16"><span class='ocrx_word' id='word_1_547' title='bbox 2064 1818 2250 1865; x_wconf 86' lang='lat' dir='ltr'><strong>nostro</strong></span> <span class='ocrx_word' id='word_1_548' title='bbox 2276 1808 2402 1868; x_wconf 85' lang='lat' dir='ltr'><strong>Jesu</strong></span> <span class='ocrx_word' id='word_1_549' title='bbox 2449 1808 2685 1875; x_wconf 80' lang='lat' dir='ltr'><strong>Christo,</strong></span> <span class='ocrx_word' id='word_1_550' title='bbox 2721 1809 2834 1881; x_wconf 78' lang='lat' dir='ltr'><strong>jam</strong></span> <span class='ocrx_word' id='word_1_551' title='bbox 2878 1818 3158 1880; x_wconf 80' lang='lat' dir='ltr'><strong>peractum</strong></span> <span class='ocrx_word' id='word_1_552' title='bbox 3188 1816 3293 1872; x_wconf 87' lang='lat' dir='ltr'><strong>est,</strong></span> <span class='ocrx_word' id='word_1_553' title='bbox 3322 1807 3376 1863; x_wconf 92' lang='lat' dir='ltr'><strong>in</strong></span> <span class='ocrx_word' id='word_1_554' title='bbox 3408 1816 3521 1862; x_wconf 88' lang='lat' dir='ltr'><strong>tota</strong></span> <span class='ocrx_word' id='word_1_555' title='bbox 3550 1823 3651 1863; x_wconf 85' lang='lat' dir='ltr'><strong>na-</strong></span> 
     </span>
    </p>
   </div>
   <div class='ocr_carea' id='block_1_76' title="bbox 2067 1896 3673 1973">
    <p class='ocr_par' dir='ltr' id='par_1_76' title="bbox 2067 1896 3673 1973">
     <span class='ocr_line' id='line_1_76' title="bbox 2067 1896 3673 1973; baseline -0.002 -18"><span class='ocrx_word' id='word_1_556' title='bbox 2067 1910 2184 1955; x_wconf 88' lang='lat' dir='ltr'><strong>tura</strong></span> <span class='ocrx_word' id='word_1_557' title='bbox 2230 1902 2570 1973; x_wconf 71' lang='lat' dir='ltr'><strong>perlicietur,</strong></span> <span class='ocrx_word' id='word_1_558' title='bbox 2615 1902 2741 1955; x_wconf 89' lang='lat' dir='ltr'><strong>dum</strong></span> <span class='ocrx_word' id='word_1_559' title='bbox 2784 1907 2925 1971; x_wconf 79' lang='lat' dir='ltr'><strong>terra</strong></span> <span class='ocrx_word' id='word_1_560' title='bbox 2956 1913 3093 1954; x_wconf 84' lang='lat' dir='ltr'><strong>nova</strong></span> <span class='ocrx_word' id='word_1_561' title='bbox 3122 1896 3367 1968; x_wconf 88' lang='lat' dir='ltr'><strong>corporis</strong></span> <span class='ocrx_word' id='word_1_562' title='bbox 3392 1898 3560 1952; x_wconf 89' lang='lat' dir='ltr'><strong>nostri</strong></span> <span class='ocrx_word' id='word_1_563' title='bbox 3593 1896 3673 1953; x_wconf 88' lang='lat' dir='ltr'><strong>in‘</strong></span> 
     </span>
    </p>
   </div>
   <div class='ocr_carea' id='block_1_77' title="bbox 2062 1988 3652 2057">
    <p class='ocr_par' dir='ltr' id='par_1_77' title="bbox 2062 1988 3652 2057">
     <span class='ocr_line' id='line_1_77' title="bbox 2062 1988 3652 2057; baseline -0.001 -11"><span class='ocrx_word' id='word_1_564' title='bbox 2062 1989 2269 2049; x_wconf 80' lang='lat' dir='ltr'><strong>caelum</strong></span> <span class='ocrx_word' id='word_1_565' title='bbox 2295 2007 2514 2054; x_wconf 79' lang='lat' dir='ltr'><strong>novum,</strong></span> <span class='ocrx_word' id='word_1_566' title='bbox 2543 1992 2643 2047; x_wconf 89' lang='lat' dir='ltr'><strong>hoc</strong></span> <span class='ocrx_word' id='word_1_567' title='bbox 2663 1990 2837 2057; x_wconf 81' lang='lat' dir='ltr'><strong>cst,in</strong></span> <span class='ocrx_word' id='word_1_568' title='bbox 2865 1989 3158 2046; x_wconf 56' lang='lat' dir='ltr'><strong>novitatrm</strong></span> <span class='ocrx_word' id='word_1_569' title='bbox 3184 1988 3396 2043; x_wconf 85' lang='lat' dir='ltr'><strong>animae</strong></span> <span class='ocrx_word' id='word_1_570' title='bbox 3423 1988 3652 2044; x_wconf 78' lang='lat' dir='ltr'><strong>mutabi-</strong></span> 
     </span>
    </p>
   </div>
   <div class='ocr_carea' id='block_1_78' title="bbox 2064 2079 3653 2152">
    <p class='ocr_par' dir='ltr' id='par_1_78' title="bbox 2064 2079 3653 2152">
     <span class='ocr_line' id='line_1_78' title="bbox 2064 2079 3653 2152; baseline -0.001 -15"><span class='ocrx_word' id='word_1_571' title='bbox 2064 2092 2182 2148; x_wconf 82' lang='lat' dir='ltr'><strong>tur;</strong></span> <span class='ocrx_word' id='word_1_572' title='bbox 2238 2098 2302 2137; x_wconf 88' lang='lat' dir='ltr'><strong>ac</strong></span> <span class='ocrx_word' id='word_1_573' title='bbox 2346 2083 2539 2137; x_wconf 80' lang='lat' dir='ltr'><strong>deinde</strong></span> <span class='ocrx_word' id='word_1_574' title='bbox 2585 2081 2849 2152; x_wconf 80' lang='lat' dir='ltr'><strong>superiori</strong></span> <span class='ocrx_word' id='word_1_575' title='bbox 2898 2095 3128 2137; x_wconf 87' lang='lat' dir='ltr'><strong>ascensu</strong></span> <span class='ocrx_word' id='word_1_576' title='bbox 3167 2095 3362 2149; x_wconf 87' lang='lat' dir='ltr'><strong>corpus</strong></span> <span class='ocrx_word' id='word_1_577' title='bbox 3406 2079 3568 2135; x_wconf 77' lang='lat' dir='ltr'><strong>simul</strong></span> <span class='ocrx_word' id='word_1_578' title='bbox 3597 2089 3653 2135; x_wconf 88' lang='lat' dir='ltr'><strong>et</strong></span> 
     </span>
    </p>
   </div>
   <div class='ocr_carea' id='block_1_79' title="bbox 2061 2171 3684 2247">
    <p class='ocr_par' dir='ltr' id='par_1_79' title="bbox 2061 2171 3684 2247">
     <span class='ocr_line' id='line_1_79' title="bbox 2061 2171 3684 2247; baseline -0.002 -16"><span class='ocrx_word' id='word_1_579' title='bbox 2061 2176 2267 2240; x_wconf 86' lang='lat' dir='ltr'><strong>anima,</strong></span> <span class='ocrx_word' id='word_1_580' title='bbox 2288 2175 2352 2229; x_wconf 91' lang='lat' dir='ltr'><strong>-in</strong></span> <span class='ocrx_word' id='word_1_581' title='bbox 2377 2175 2656 2247; x_wconf 77' lang='lat' dir='ltr'><strong>&#39;spiritunt,</strong></span> <span class='ocrx_word' id='word_1_582' title='bbox 2683 2174 2906 2244; x_wconf 85' lang='lat' dir='ltr'><strong>spiritus</strong></span> <span class='ocrx_word' id='word_1_583' title='bbox 2933 2172 2987 2227; x_wconf 89' lang='lat' dir='ltr'><strong>in</strong></span> <span class='ocrx_word' id='word_1_584' title='bbox 3016 2171 3190 2243; x_wconf 88' lang='lat' dir='ltr'><strong>ipsum</strong></span> <span class='ocrx_word' id='word_1_585' title='bbox 3222 2173 3388 2227; x_wconf 86' lang='lat' dir='ltr'><strong>Deum</strong></span> <span class='ocrx_word' id='word_1_586' title='bbox 3421 2180 3520 2227; x_wconf 68' lang='lat' dir='ltr'><strong>:ct</strong></span> <span class='ocrx_word' id='word_1_587' title='bbox 3549 2173 3650 2228; x_wconf 86' lang='lat' dir='ltr'><strong>hoc</strong></span> <span class='ocrx_word' id='word_1_588' title='bbox 3681 2209 3684 2212; x_wconf 75' lang='lat'><strong><em>~</em></strong></span> 
     </span>
    </p>
   </div>
   <div class='ocr_carea' id='block_1_80' title="bbox 2062 2257 3650 2334">
    <p class='ocr_par' dir='ltr' id='par_1_80' title="bbox 2062 2257 3650 2334">
     <span class='ocr_line' id='line_1_80' title="bbox 2062 2257 3650 2334; baseline -0.002 -13"><span class='ocrx_word' id='word_1_589' title='bbox 2062 2257 2233 2321; x_wconf 88' lang='lat' dir='ltr'><strong>totum</strong></span> <span class='ocrx_word' id='word_1_590' title='bbox 2267 2265 2318 2319; x_wconf 91' lang='lat' dir='ltr'><strong>in</strong></span> <span class='ocrx_word' id='word_1_591' title='bbox 2349 2265 2565 2321; x_wconf 83' lang='lat' dir='ltr'><strong>Christo</strong></span> <span class='ocrx_word' id='word_1_592' title='bbox 2615 2274 2672 2318; x_wconf 89' lang='lat' dir='ltr'><strong>et</strong></span> <span class='ocrx_word' id='word_1_593' title='bbox 2717 2278 2814 2334; x_wconf 87' lang='lat' dir='ltr'><strong>per</strong></span> <span class='ocrx_word' id='word_1_594' title='bbox 2851 2262 3127 2317; x_wconf 82' lang='lat' dir='ltr'><strong>Christum</strong></span> <span class='ocrx_word' id='word_1_595' title='bbox 3181 2260 3511 2330; x_wconf 81' lang='lat' dir='ltr'><strong>perﬁcietur,</strong></span> <span class='ocrx_word' id='word_1_596' title='bbox 3556 2262 3650 2331; x_wconf 87' lang='lat' dir='ltr'><strong>qui</strong></span> 
     </span>
    </p>
   </div>
   <div class='ocr_carea' id='block_1_81' title="bbox 2064 2350 3648 2435">
    <p class='ocr_par' dir='ltr' id='par_1_81' title="bbox 2064 2350 3648 2435">
     <span class='ocr_line' id='line_1_81' title="bbox 2064 2350 3648 2435; baseline -0.002 -23"><span class='ocrx_word' id='word_1_597' title='bbox 2064 2357 2187 2413; x_wconf 84' lang='lat' dir='ltr'><strong>linis</strong></span> <span class='ocrx_word' id='word_1_598' title='bbox 2216 2364 2301 2411; x_wconf 81' lang='lat' dir='ltr'><strong>est</strong></span> <span class='ocrx_word' id='word_1_599' title='bbox 2325 2365 2540 2426; x_wconf 61' lang='lat' dir='ltr'><strong>nostrae</strong></span> <span class='ocrx_word' id='word_1_600' title='bbox 2568 2364 2796 2410; x_wconf 84' lang='lat' dir='ltr'><strong>naturae</strong></span> <span class='ocrx_word' id='word_1_601' title='bbox 2824 2362 2880 2409; x_wconf 86' lang='lat' dir='ltr'><strong>et</strong></span> <span class='ocrx_word' id='word_1_602' title='bbox 2904 2350 3319 2413; x_wconf 83' lang='lat' dir='ltr'><strong>consummatio.</strong></span> <span class='ocrx_word' id='word_1_603' title='bbox 3353 2353 3417 2435; x_wconf 70' lang='lat' dir='ltr'><strong>Et</strong></span> <span class='ocrx_word' id='word_1_604' title='bbox 3452 2354 3648 2409; x_wconf 82' lang='lat' dir='ltr'><strong>iterum</strong></span> 
     </span>
    </p>
   </div>
   <div class='ocr_carea' id='block_1_82' title="bbox 2060 2455 3649 2526">
    <p class='ocr_par' dir='ltr' id='par_1_82' title="bbox 2060 2455 3649 2526">
     <span class='ocr_line' id='line_1_82' title="bbox 2060 2455 3649 2526; baseline -0.002 -10"><span class='ocrx_word' id='word_1_605' title='bbox 2060 2461 2265 2525; x_wconf 90' lang='lat' dir='ltr'><strong>dicunt,</strong></span> <span class='ocrx_word' id='word_1_606' title='bbox 2298 2457 2459 2513; x_wconf 85' lang='lat' dir='ltr'><strong>veluti</strong></span> <span class='ocrx_word' id='word_1_607' title='bbox 2499 2456 2807 2515; x_wconf 76' lang='lat' dir='ltr'><strong>fortissimis</strong></span> <span class='ocrx_word' id='word_1_608' title='bbox 2839 2455 3275 2526; x_wconf 82' lang='lat' dir='ltr'><strong>acutissimisque</strong></span> <span class='ocrx_word' id='word_1_609' title='bbox 3305 2470 3368 2510; x_wconf 89' lang='lat' dir='ltr'><strong>ac</strong></span> <span class='ocrx_word' id='word_1_610' title='bbox 3392 2462 3649 2513; x_wconf 84' lang='lat' dir='ltr'><strong>necessa-</strong></span> 
     </span>
    </p>
   </div>
   <div class='ocr_carea' id='block_1_83' title="bbox 2060 2537 3647 2620">
    <p class='ocr_par' dir='ltr' id='par_1_83' title="bbox 2060 2537 3647 2620">
     <span class='ocr_line' id='line_1_83' title="bbox 2060 2537 3647 2620; baseline -0.003 -16"><span class='ocrx_word' id='word_1_611' title='bbox 2060 2550 2158 2605; x_wconf 88' lang='lat' dir='ltr'><strong>riis</strong></span> <span class='ocrx_word' id='word_1_612' title='bbox 2179 2546 2738 2620; x_wconf 66' lang='lat' dir='ltr'><strong>argumentationibus</strong></span> <span class='ocrx_word' id='word_1_613' title='bbox 2766 2562 2864 2601; x_wconf 88' lang='lat' dir='ltr'><strong>nos</strong></span> <span class='ocrx_word' id='word_1_614' title='bbox 2890 2546 3214 2601; x_wconf 83' lang='lat' dir='ltr'><strong>convincere</strong></span> <span class='ocrx_word' id='word_1_615' title='bbox 3246 2537 3403 2616; x_wconf 63' lang='lat' dir='ltr'><strong>posse</strong></span> <span class='ocrx_word' id='word_1_616' title='bbox 3429 2546 3647 2601; x_wconf 73' lang='lat' dir='ltr'><strong>sibimet</strong></span> 
     </span>
    </p>
   </div>
   <div class='ocr_carea' id='block_1_84' title="bbox 2060 2625 3645 2711">
    <p class='ocr_par' dir='ltr' id='par_1_84' title="bbox 2060 2625 3645 2711">
     <span class='ocr_line' id='line_1_84' title="bbox 2060 2625 3645 2711; baseline -0.003 -17"><span class='ocrx_word' id='word_1_617' title='bbox 2060 2640 2433 2711; x_wconf 81' lang='lat' dir='ltr'><strong>promittentes</strong></span> <span class='ocrx_word' id='word_1_618' title='bbox 2464 2657 2475 2692; x_wconf 88' lang='lat'><strong>:</strong></span> <span class='ocrx_word' id='word_1_619' title='bbox 2508 2638 2552 2693; x_wconf 87' lang='lat' dir='ltr'><strong>si</strong></span> <span class='ocrx_word' id='word_1_620' title='bbox 2585 2648 2725 2693; x_wconf 81' lang='lat' dir='ltr'><strong>terra</strong></span> <span class='ocrx_word' id='word_1_621' title='bbox 2776 2625 2876 2692; x_wconf 81' lang='lat' dir='ltr'><strong>ista</strong></span> <span class='ocrx_word' id='word_1_622' title='bbox 2917 2636 3158 2692; x_wconf 89' lang='lat' dir='ltr'><strong>omnium</strong></span> <span class='ocrx_word' id='word_1_623' title='bbox 3203 2650 3488 2706; x_wconf 87' lang='lat' dir='ltr'><strong>corporum</strong></span> <span class='ocrx_word' id='word_1_624' title='bbox 3518 2652 3645 2707; x_wconf 73' lang='lat' dir='ltr'><strong>gra-</strong></span> 
     </span>
    </p>
   </div>
   <div class='ocr_carea' id='block_1_85' title="bbox 2058 2736 3644 2809">
    <p class='ocr_par' dir='ltr' id='par_1_85' title="bbox 2058 2736 3644 2809">
     <span class='ocr_line' id='line_1_85' title="bbox 2058 2736 3644 2809; baseline -0.006 -12"><span class='ocrx_word' id='word_1_625' title='bbox 2058 2742 2300 2807; x_wconf 81' lang='lat' dir='ltr'><strong>vissima,</strong></span> <span class='ocrx_word' id='word_1_626' title='bbox 2336 2740 2570 2798; x_wconf 82' lang='lat' dir='ltr'><strong>mediam</strong></span> <span class='ocrx_word' id='word_1_627' title='bbox 2608 2741 2883 2809; x_wconf 85' lang='lat' dir='ltr'><strong>imumque</strong></span> <span class='ocrx_word' id='word_1_628' title='bbox 2912 2739 2967 2793; x_wconf 92' lang='lat' dir='ltr'><strong>in</strong></span> <span class='ocrx_word' id='word_1_629' title='bbox 2996 2736 3266 2793; x_wconf 82' lang='lat' dir='ltr'><strong>creaturis</strong></span> <span class='ocrx_word' id='word_1_630' title='bbox 3290 2736 3542 2791; x_wconf 83' lang='lat' dir='ltr'><strong>obtinens</strong></span> <span class='ocrx_word' id='word_1_631' title='bbox 3569 2736 3644 2789; x_wconf 85' lang='lat' dir='ltr'><strong>lo-</strong></span> 
     </span>
    </p>
   </div>
   <div class='ocr_carea' id='block_1_86' title="bbox 2059 2826 3650 2902">
    <p class='ocr_par' dir='ltr' id='par_1_86' title="bbox 2059 2826 3650 2902">
     <span class='ocr_line' id='line_1_86' title="bbox 2059 2826 3650 2902; baseline -0.004 -13"><span class='ocrx_word' id='word_1_632' title='bbox 2059 2848 2205 2899; x_wconf 82' lang='lat' dir='ltr'><strong>cum,</strong></span> <span class='ocrx_word' id='word_1_633' title='bbox 2230 2833 2470 2902; x_wconf 85' lang='lat' dir='ltr'><strong>peritura</strong></span> <span class='ocrx_word' id='word_1_634' title='bbox 2510 2831 2607 2893; x_wconf 79' lang='lat' dir='ltr'><strong>sit,</strong></span> <span class='ocrx_word' id='word_1_635' title='bbox 2639 2829 2945 2893; x_wconf 83' lang='lat' dir='ltr'><strong>necessario</strong></span> <span class='ocrx_word' id='word_1_636' title='bbox 2974 2826 3205 2883; x_wconf 68' lang='lat' dir='ltr'><strong>conlisis</strong></span> <span class='ocrx_word' id='word_1_637' title='bbox 3233 2827 3282 2882; x_wconf 90' lang='lat' dir='ltr'><strong>ei</strong></span> <span class='ocrx_word' id='word_1_638' title='bbox 3309 2826 3433 2883; x_wconf 88' lang='lat' dir='ltr'><strong>luna</strong></span> <span class='ocrx_word' id='word_1_639' title='bbox 3464 2827 3650 2896; x_wconf 68' lang='lat' dir='ltr'><strong>prosi-</strong></span> 
     </span>
    </p>
   </div>
   <div class='ocr_carea' id='block_1_87' title="bbox 2058 2904 3644 2994">
    <p class='ocr_par' dir='ltr' id='par_1_87' title="bbox 2058 2904 3644 2994">
     <span class='ocr_line' id='line_1_87' title="bbox 2058 2904 3644 2994; baseline -0.005 -15"><span class='ocrx_word' id='word_1_640' title='bbox 2058 2938 2255 2994; x_wconf 82' lang='lat' dir='ltr'><strong>tuaque</strong></span> <span class='ocrx_word' id='word_1_641' title='bbox 2275 2923 2513 2981; x_wconf 85' lang='lat' dir='ltr'><strong>siderum</strong></span> <span class='ocrx_word' id='word_1_642' title='bbox 2541 2923 2700 2976; x_wconf 81' lang='lat' dir='ltr'><strong>terris</strong></span> <span class='ocrx_word' id='word_1_643' title='bbox 2725 2919 2922 2992; x_wconf 86' lang='lat' dir='ltr'><strong>peribit</strong></span> <span class='ocrx_word' id='word_1_644' title='bbox 2947 2937 2961 2973; x_wconf 88' lang='lat'><strong>:</strong></span> <span class='ocrx_word' id='word_1_645' title='bbox 2993 2928 3048 2974; x_wconf 90' lang='lat' dir='ltr'><strong>et</strong></span> <span class='ocrx_word' id='word_1_646' title='bbox 3074 2918 3118 2973; x_wconf 88' lang='lat' dir='ltr'><strong>si</strong></span> <span class='ocrx_word' id='word_1_647' title='bbox 3150 2904 3421 2972; x_wconf 79' lang='lat' dir='ltr'><strong>luminare</strong></span> <span class='ocrx_word' id='word_1_648' title='bbox 3445 2918 3644 2983; x_wconf 84' lang='lat' dir='ltr'><strong>minus,</strong></span> 
     </span>
    </p>
   </div>
   <div class='ocr_carea' id='block_1_88' title="bbox 2057 3008 3644 3086">
    <p class='ocr_par' dir='ltr' id='par_1_88' title="bbox 2057 3008 3644 3086">
     <span class='ocr_line' id='line_1_88' title="bbox 2057 3008 3644 3086; baseline -0.004 -16"><span class='ocrx_word' id='word_1_649' title='bbox 2057 3016 2326 3086; x_wconf 73' lang='lat' dir='ltr'><strong>profecto.</strong></span> <span class='ocrx_word' id='word_1_650' title='bbox 2353 3015 2517 3069; x_wconf 85' lang='lat' dir='ltr'><strong>etiam</strong></span> <span class='ocrx_word' id='word_1_651' title='bbox 2564 3023 2619 3069; x_wconf 89' lang='lat' dir='ltr'><strong>et</strong></span> <span class='ocrx_word' id='word_1_652' title='bbox 2662 3011 2926 3067; x_wconf 87' lang='lat' dir='ltr'><strong>luminare</strong></span> <span class='ocrx_word' id='word_1_653' title='bbox 2973 3008 3175 3081; x_wconf 86' lang='lat' dir='ltr'><strong>majus;</strong></span> <span class='ocrx_word' id='word_1_654' title='bbox 3231 3025 3357 3065; x_wconf 89' lang='lat' dir='ltr'><strong>nam</strong></span> <span class='ocrx_word' id='word_1_655' title='bbox 3401 3010 3445 3066; x_wconf 87' lang='lat' dir='ltr'><strong>si</strong></span> <span class='ocrx_word' id='word_1_656' title='bbox 3477 3018 3644 3065; x_wconf 88' lang='lat' dir='ltr'><strong>totum</strong></span> 
     </span>
    </p>
   </div>
   <div class='ocr_carea' id='block_1_89' title="bbox 2869 3104 3730 3169">
    <p class='ocr_par' dir='ltr' id='par_1_89' title="bbox 2869 3104 3730 3169">
     <span class='ocr_line' id='line_1_89' title="bbox 2869 3104 3730 3169; baseline 0.002 -10"><span class='ocrx_word' id='word_1_657' title='bbox 2869 3105 3035 3163; x_wconf 87' lang='lat' dir='ltr'><strong>nebit.</strong></span> <span class='ocrx_word' id='word_1_658' title='bbox 3078 3105 3147 3160; x_wconf 84' lang='lat' dir='ltr'><strong>Et</strong></span> <span class='ocrx_word' id='word_1_659' title='bbox 3184 3104 3227 3159; x_wconf 91' lang='lat' dir='ltr'><strong>si</strong></span> <span class='ocrx_word' id='word_1_660' title='bbox 3272 3104 3343 3159; x_wconf 88' lang='lat' dir='ltr'><strong>ita</strong></span> <span class='ocrx_word' id='word_1_661' title='bbox 3379 3105 3645 3169; x_wconf 84' lang='lat' dir='ltr'><strong>evenerit,</strong></span> <span class='ocrx_word' id='word_1_662' title='bbox 3728 3142 3730 3145; x_wconf 94' lang='lat'><strong><em>-</em></strong></span> 
     </span>
    </p>
   </div>
   <div class='ocr_carea' id='block_1_90' title="bbox 2055 3205 3647 3282">
    <p class='ocr_par' dir='ltr' id='par_1_90' title="bbox 2055 3205 3647 3282">
     <span class='ocr_line' id='line_1_90' title="bbox 2055 3205 3647 3282; baseline -0.004 -16"><span class='ocrx_word' id='word_1_663' title='bbox 2055 3211 2184 3282; x_wconf 89' lang='lat' dir='ltr'><strong>quid</strong></span> <span class='ocrx_word' id='word_1_664' title='bbox 2213 3218 2319 3275; x_wconf 87' lang='lat' dir='ltr'><strong>est,</strong></span> <span class='ocrx_word' id='word_1_665' title='bbox 2347 3210 2489 3280; x_wconf 87' lang='lat' dir='ltr'><strong>quod</strong></span> <span class='ocrx_word' id='word_1_666' title='bbox 2515 3224 2612 3278; x_wconf 87' lang='lat' dir='ltr'><strong>per</strong></span> <span class='ocrx_word' id='word_1_667' title='bbox 2638 3210 2961 3280; x_wconf 85' lang='lat' dir='ltr'><strong>prophetam</strong></span> <span class='ocrx_word' id='word_1_668' title='bbox 2991 3208 3325 3277; x_wconf 88' lang='lat' dir='ltr'><strong>promittitur</strong></span> <span class='ocrx_word' id='word_1_669' title='bbox 3356 3223 3370 3261; x_wconf 86' lang='lat'><strong>:</strong></span> <span class='ocrx_word' id='word_1_670' title='bbox 3402 3205 3518 3261; x_wconf 83' lang='lat' dir='ltr'><strong>Erit</strong></span> <span class='ocrx_word' id='word_1_671' title='bbox 3551 3206 3647 3274; x_wconf 59' lang='lat' dir='ltr'><strong>(me</strong></span> 
     </span>
    </p>
   </div>
   <div class='ocr_carea' id='block_1_91' title="bbox 2054 3298 3645 3371">
    <p class='ocr_par' dir='ltr' id='par_1_91' title="bbox 2054 3298 3645 3371">
     <span class='ocr_line' id='line_1_91' title="bbox 2054 3298 3645 3371; baseline -0.006 -12"><span class='ocrx_word' id='word_1_672' title='bbox 2054 3304 2213 3361; x_wconf 80' lang='lat' dir='ltr'><strong>lunae</strong></span> <span class='ocrx_word' id='word_1_673' title='bbox 2246 3305 2378 3359; x_wconf 75' lang='lat' dir='ltr'><strong>sicut</strong></span> <span class='ocrx_word' id='word_1_674' title='bbox 2411 3304 2505 3357; x_wconf 72' lang='lat' dir='ltr'><strong>lux</strong></span> <span class='ocrx_word' id='word_1_675' title='bbox 2533 3302 2680 3368; x_wconf 78' lang='lat' dir='ltr'><strong>solis,</strong></span> <span class='ocrx_word' id='word_1_676' title='bbox 2711 3312 2759 3356; x_wconf 83' lang='lat' dir='ltr'><strong>et</strong></span> <span class='ocrx_word' id='word_1_677' title='bbox 2790 3300 2885 3356; x_wconf 75' lang='lat' dir='ltr'><strong>tua:</strong></span> <span class='ocrx_word' id='word_1_678' title='bbox 2909 3301 3032 3356; x_wconf 77' lang='lat' dir='ltr'><strong>solis</strong></span> <span class='ocrx_word' id='word_1_679' title='bbox 3058 3298 3477 3371; x_wconf 73' lang='lat' dir='ltr'><strong>septemplicitcr,</strong></span> <span class='ocrx_word' id='word_1_680' title='bbox 3511 3302 3645 3353; x_wconf 79' lang='lat' dir='ltr'><strong>sicut</strong></span> 
     </span>
    </p>
   </div>
   <div class='ocr_carea' id='block_1_92' title="bbox 2052 3389 3645 3465">
    <p class='ocr_par' dir='ltr' id='par_1_92' title="bbox 2052 3389 3645 3465">
     <span class='ocr_line' id='line_1_92' title="bbox 2052 3389 3645 3465; baseline -0.006 -15"><span class='ocrx_word' id='word_1_681' title='bbox 2052 3397 2147 3452; x_wconf 74' lang='lat' dir='ltr'><strong>tua:</strong></span> <span class='ocrx_word' id='word_1_682' title='bbox 2190 3406 2383 3465; x_wconf 77' lang='lat' dir='ltr'><strong>septem</strong></span> <span class='ocrx_word' id='word_1_683' title='bbox 2429 3394 2654 3448; x_wconf 78' lang='lat' dir='ltr'><strong>dierum.</strong></span> <span class='ocrx_word' id='word_1_684' title='bbox 2708 3391 2825 3447; x_wconf 77' lang='lat' dir='ltr'><strong>Non</strong></span> <span class='ocrx_word' id='word_1_685' title='bbox 2872 3392 3015 3446; x_wconf 88' lang='lat' dir='ltr'><strong>enim</strong></span> <span class='ocrx_word' id='word_1_686' title='bbox 3055 3391 3141 3445; x_wconf 86' lang='lat' dir='ltr'><strong>llic</strong></span> <span class='ocrx_word' id='word_1_687' title='bbox 3186 3390 3529 3459; x_wconf 72' lang='lat' dir='ltr'><strong>quaerimus,</strong></span> <span class='ocrx_word' id='word_1_688' title='bbox 3567 3389 3645 3442; x_wconf 86' lang='lat' dir='ltr'><strong>in-</strong></span> 
     </span>
    </p>
   </div>
   <div class='ocr_carea' id='block_1_93' title="bbox 2053 3479 3646 3560">
    <p class='ocr_par' dir='ltr' id='par_1_93' title="bbox 2053 3479 3646 3560">
     <span class='ocr_line' id='line_1_93' title="bbox 2053 3479 3646 3560; baseline -0.006 -18"><span class='ocrx_word' id='word_1_689' title='bbox 2053 3488 2264 3560; x_wconf 85' lang='lat' dir='ltr'><strong>quiunt,</strong></span> <span class='ocrx_word' id='word_1_690' title='bbox 2294 3485 2607 3558; x_wconf 78' lang='lat' dir='ltr'><strong>allegoriam</strong></span> <span class='ocrx_word' id='word_1_691' title='bbox 2638 3484 2797 3540; x_wconf 83' lang='lat' dir='ltr'><strong>lunae</strong></span> <span class='ocrx_word' id='word_1_692' title='bbox 2844 3481 3067 3548; x_wconf 74' lang='lat' dir='ltr'><strong>intelligi</strong></span> <span class='ocrx_word' id='word_1_693' title='bbox 3111 3481 3179 3536; x_wconf 91' lang='lat' dir='ltr'><strong>de</strong></span> <span class='ocrx_word' id='word_1_694' title='bbox 3210 3479 3473 3544; x_wconf 85' lang='lat' dir='ltr'><strong>Ecclesia,</strong></span> <span class='ocrx_word' id='word_1_695' title='bbox 3504 3494 3646 3549; x_wconf 88' lang='lat' dir='ltr'><strong>quae</strong></span> 
     </span>
    </p>
   </div>
   <div class='ocr_carea' id='block_1_94' title="bbox 2055 3571 3643 3648">
    <p class='ocr_par' dir='ltr' id='par_1_94' title="bbox 2055 3571 3643 3648">
     <span class='ocr_line' id='line_1_94' title="bbox 2055 3571 3643 3648; baseline -0.008 -12"><span class='ocrx_word' id='word_1_696' title='bbox 2055 3582 2109 3636; x_wconf 91' lang='lat' dir='ltr'><strong>in</strong></span> <span class='ocrx_word' id='word_1_697' title='bbox 2140 3580 2375 3645; x_wconf 87' lang='lat' dir='ltr'><strong>Christo,</strong></span> <span class='ocrx_word' id='word_1_698' title='bbox 2408 3578 2499 3648; x_wconf 88' lang='lat' dir='ltr'><strong>qui</strong></span> <span class='ocrx_word' id='word_1_699' title='bbox 2529 3586 2613 3632; x_wconf 88' lang='lat' dir='ltr'><strong>est</strong></span> <span class='ocrx_word' id='word_1_700' title='bbox 2650 3576 2744 3632; x_wconf 87' lang='lat' dir='ltr'><strong>Sol</strong></span> <span class='ocrx_word' id='word_1_701' title='bbox 2763 3574 3025 3646; x_wconf 72' lang='lat' dir='ltr'><strong>iustitiae,</strong></span> <span class='ocrx_word' id='word_1_702' title='bbox 3062 3572 3302 3645; x_wconf 78' lang='lat' dir='ltr'><strong>fulgebit,</strong></span> <span class='ocrx_word' id='word_1_703' title='bbox 3338 3582 3390 3627; x_wconf 90' lang='lat' dir='ltr'><strong>et</strong></span> <span class='ocrx_word' id='word_1_704' title='bbox 3421 3572 3487 3626; x_wconf 89' lang='lat' dir='ltr'><strong>de</strong></span> <span class='ocrx_word' id='word_1_705' title='bbox 3525 3571 3643 3641; x_wconf 86' lang='lat' dir='ltr'><strong>ipso</strong></span> 
     </span>
    </p>
   </div>
   <div class='ocr_carea' id='block_1_95' title="bbox 2054 3663 3645 3742">
    <p class='ocr_par' dir='ltr' id='par_1_95' title="bbox 2054 3663 3645 3742">
     <span class='ocr_line' id='line_1_95' title="bbox 2054 3663 3645 3742; baseline -0.007 -13"><span class='ocrx_word' id='word_1_706' title='bbox 2054 3672 2304 3739; x_wconf 86' lang='lat' dir='ltr'><strong>Christo,</strong></span> <span class='ocrx_word' id='word_1_707' title='bbox 2348 3663 2402 3728; x_wconf 85' lang='lat' dir='ltr'><strong>in</strong></span> <span class='ocrx_word' id='word_1_708' title='bbox 2432 3687 2540 3742; x_wconf 90' lang='lat' dir='ltr'><strong>quo</strong></span> <span class='ocrx_word' id='word_1_709' title='bbox 2566 3679 2773 3741; x_wconf 80' lang='lat' dir='ltr'><strong>septem</strong></span> <span class='ocrx_word' id='word_1_710' title='bbox 2822 3669 2961 3724; x_wconf 85' lang='lat' dir='ltr'><strong>dona</strong></span> <span class='ocrx_word' id='word_1_711' title='bbox 3003 3666 3238 3738; x_wconf 81' lang='lat' dir='ltr'><strong>Spiritus</strong></span> <span class='ocrx_word' id='word_1_712' title='bbox 3268 3665 3440 3721; x_wconf 83' lang='lat' dir='ltr'><strong>sancti</strong></span> <span class='ocrx_word' id='word_1_713' title='bbox 3470 3665 3645 3719; x_wconf 85' lang='lat' dir='ltr'><strong>mani-</strong></span> 
     </span>
    </p>
   </div>
   <div class='ocr_carea' id='block_1_96' title="bbox 2055 3758 3722 3845">
    <p class='ocr_par' dir='ltr' id='par_1_96' title="bbox 2055 3758 3722 3845">
     <span class='ocr_line' id='line_1_96' title="bbox 2055 3758 3722 3845; baseline -0.007 -24"><span class='ocrx_word' id='word_1_714' title='bbox 2055 3766 2345 3823; x_wconf 82' lang='lat' dir='ltr'><strong>festissime</strong></span> <span class='ocrx_word' id='word_1_715' title='bbox 2370 3765 2638 3830; x_wconf 88' lang='lat' dir='ltr'><strong>omnibus,</strong></span> <span class='ocrx_word' id='word_1_716' title='bbox 2666 3762 2757 3832; x_wconf 92' lang='lat' dir='ltr'><strong>qui</strong></span> <span class='ocrx_word' id='word_1_717' title='bbox 2785 3777 2908 3817; x_wconf 88' lang='lat' dir='ltr'><strong>eum</strong></span> <span class='ocrx_word' id='word_1_718' title='bbox 2934 3758 3343 3830; x_wconf 86' lang='lat' dir='ltr'><strong>contemplaturi</strong></span> <span class='ocrx_word' id='word_1_719' title='bbox 3371 3765 3515 3822; x_wconf 86' lang='lat' dir='ltr'><strong>sunt,</strong></span> <span class='ocrx_word' id='word_1_720' title='bbox 3536 3774 3643 3845; x_wconf 23' lang='lat' dir='ltr'><strong>’ap-</strong></span> <span class='ocrx_word' id='word_1_721' title='bbox 3706 3789 3722 3801; x_wconf 83' lang='lat'><strong>-</strong></span> 
     </span>
    </p>
   </div>
   <div class='ocr_carea' id='block_1_97' title="bbox 2054 3859 3646 3942">
    <p class='ocr_par' dir='ltr' id='par_1_97' title="bbox 2054 3859 3646 3942">
     <span class='ocr_line' id='line_1_97' title="bbox 2054 3859 3646 3942; baseline -0.007 -17"><span class='ocrx_word' id='word_1_722' title='bbox 2054 3870 2366 3942; x_wconf 81' lang='lat' dir='ltr'><strong>parebunt,</strong></span> <span class='ocrx_word' id='word_1_723' title='bbox 2414 3868 2509 3924; x_wconf 86' lang='lat' dir='ltr'><strong>sed</strong></span> <span class='ocrx_word' id='word_1_724' title='bbox 2548 3864 2745 3921; x_wconf 88' lang='lat' dir='ltr'><strong>nudam</strong></span> <span class='ocrx_word' id='word_1_725' title='bbox 2779 3864 3060 3920; x_wconf 81' lang='lat' dir='ltr'><strong>historiam</strong></span> <span class='ocrx_word' id='word_1_726' title='bbox 3110 3861 3175 3916; x_wconf 88' lang='lat' dir='ltr'><strong>de</strong></span> <span class='ocrx_word' id='word_1_727' title='bbox 3226 3859 3646 3929; x_wconf 83' lang='lat' dir='ltr'><strong>ampliﬁcatione</strong></span> 
     </span>
    </p>
   </div>
   <div class='ocr_carea' id='block_1_98' title="bbox 2055 3954 3637 4024">
    <p class='ocr_par' dir='ltr' id='par_1_98' title="bbox 2055 3954 3637 4024">
     <span class='ocr_line' id='line_1_98' title="bbox 2055 3954 3637 4024; baseline -0.009 -4"><span class='ocrx_word' id='word_1_728' title='bbox 2055 3962 2323 4020; x_wconf 85' lang='lat' dir='ltr'><strong>claritatis</strong></span> <span class='ocrx_word' id='word_1_729' title='bbox 2346 3960 2575 4016; x_wconf 86' lang='lat' dir='ltr'><strong>duorum</strong></span> <span class='ocrx_word' id='word_1_730' title='bbox 2604 3958 2960 4013; x_wconf 74' lang='lat' dir='ltr'><strong>niaximorum</strong></span> <span class='ocrx_word' id='word_1_731' title='bbox 2985 3954 3295 4011; x_wconf 82' lang='lat' dir='ltr'><strong>caelestium</strong></span> <span class='ocrx_word' id='word_1_732' title='bbox 3327 3967 3637 4024; x_wconf 77' lang='lat' dir='ltr'><strong>corporum.</strong></span> 
     </span>
    </p>
   </div>
   <div class='ocr_carea' id='block_1_99' title="bbox 2057 4044 3643 4115">
    <p class='ocr_par' dir='ltr' id='par_1_99' title="bbox 2057 4044 3643 4115">
     <span class='ocr_line' id='line_1_99' title="bbox 2057 4044 3643 4115; baseline -0.009 -3"><span class='ocrx_word' id='word_1_733' title='bbox 2057 4056 2116 4112; x_wconf 85' lang='lat' dir='ltr'><strong>Si</strong></span> <span class='ocrx_word' id='word_1_734' title='bbox 2155 4066 2332 4112; x_wconf 82' lang='lat' dir='ltr'><strong>autem</strong></span> <span class='ocrx_word' id='word_1_735' title='bbox 2377 4055 2511 4111; x_wconf 83' lang='lat' dir='ltr'><strong>haec</strong></span> <span class='ocrx_word' id='word_1_736' title='bbox 2543 4050 2970 4107; x_wconf 85' lang='lat' dir='ltr'><strong>duo-luminaria</strong></span> <span class='ocrx_word' id='word_1_737' title='bbox 3014 4062 3119 4104; x_wconf 87' lang='lat' dir='ltr'><strong>non</strong></span> <span class='ocrx_word' id='word_1_738' title='bbox 3157 4047 3327 4103; x_wconf 80' lang='lat' dir='ltr'><strong>soluat</strong></span> <span class='ocrx_word' id='word_1_739' title='bbox 3360 4063 3465 4101; x_wconf 71' lang='lat' dir='ltr'><strong>non</strong></span> <span class='ocrx_word' id='word_1_740' title='bbox 3498 4044 3643 4115; x_wconf 84' lang='lat' dir='ltr'><strong>peri-</strong></span> 
     </span>
    </p>
   </div>
   <div class='ocr_carea' id='block_1_100' title="bbox 2055 4137 3645 4212">
    <p class='ocr_par' dir='ltr' id='par_1_100' title="bbox 2055 4137 3645 4212">
     <span class='ocr_line' id='line_1_100' title="bbox 2055 4137 3645 4212; baseline -0.004 -8"><span class='ocrx_word' id='word_1_741' title='bbox 2055 4149 2212 4212; x_wconf 87' lang='lat' dir='ltr'><strong>bunt,</strong></span> <span class='ocrx_word' id='word_1_742' title='bbox 2241 4162 2425 4202; x_wconf 87' lang='lat' dir='ltr'><strong>verum</strong></span> <span class='ocrx_word' id='word_1_743' title='bbox 2466 4146 2631 4201; x_wconf 85' lang='lat' dir='ltr'><strong>etiam</strong></span> <span class='ocrx_word' id='word_1_744' title='bbox 2678 4142 3021 4199; x_wconf 82' lang='lat' dir='ltr'><strong>manentibus</strong></span> <span class='ocrx_word' id='word_1_745' title='bbox 3059 4141 3274 4197; x_wconf 88' lang='lat' dir='ltr'><strong>illorum</strong></span> <span class='ocrx_word' id='word_1_746' title='bbox 3319 4137 3645 4210; x_wconf 81' lang='lat' dir='ltr'><strong>corporibus</strong></span> 
     </span>
    </p>
   </div>
   <div class='ocr_carea' id='block_1_101' title="bbox 2058 4230 3713 4312">
    <p class='ocr_par' dir='ltr' id='par_1_101' title="bbox 2058 4230 3713 4312">
     <span class='ocr_line' id='line_1_101' title="bbox 2058 4230 3713 4312; baseline -0.01 -16"><span class='ocrx_word' id='word_1_747' title='bbox 2058 4239 2355 4312; x_wconf 83' lang='lat' dir='ltr'><strong>splendoris</strong></span> <span class='ocrx_word' id='word_1_748' title='bbox 2382 4253 2569 4293; x_wconf 89' lang='lat' dir='ltr'><strong>eorum</strong></span> <span class='ocrx_word' id='word_1_749' title='bbox 2602 4235 2774 4308; x_wconf 79' lang='lat' dir='ltr'><strong>gratia</strong></span> <span class='ocrx_word' id='word_1_750' title='bbox 2815 4233 3178 4291; x_wconf 86' lang='lat' dir='ltr'><strong>cumnlabitur</strong></span> <span class='ocrx_word' id='word_1_751' title='bbox 3218 4248 3231 4286; x_wconf 92' lang='lat'>:</span> <span class='ocrx_word' id='word_1_752' title='bbox 3264 4231 3395 4300; x_wconf 91' lang='lat' dir='ltr'><strong>quid</strong></span> <span class='ocrx_word' id='word_1_753' title='bbox 3438 4230 3639 4292; x_wconf 87' lang='lat' dir='ltr'><strong>obstat,</strong></span> <span class='ocrx_word' id='word_1_754' title='bbox 3706 4285 3713 4294; x_wconf 56' lang='grc'><em>,</em></span> 
     </span>
    </p>
   </div>
   <div class='ocr_carea' id='block_1_102' title="bbox 2058 4319 3642 4399">
    <p class='ocr_par' dir='ltr' id='par_1_102' title="bbox 2058 4319 3642 4399">
     <span class='ocr_line' id='line_1_102' title="bbox 2058 4319 3642 4399; baseline -0.01 -11"><span class='ocrx_word' id='word_1_755' title='bbox 2058 4333 2103 4388; x_wconf 89' lang='lat' dir='ltr'><strong>si</strong></span> <span class='ocrx_word' id='word_1_756' title='bbox 2134 4331 2405 4395; x_wconf 89' lang='lat' dir='ltr'><strong>similiter,</strong></span> <span class='ocrx_word' id='word_1_757' title='bbox 2435 4329 2577 4399; x_wconf 82' lang='lat' dir='ltr'><strong>quod</strong></span> <span class='ocrx_word' id='word_1_758' title='bbox 2604 4328 2671 4382; x_wconf 87' lang='lat' dir='ltr'><strong>de</strong></span> <span class='ocrx_word' id='word_1_759' title='bbox 2700 4326 2893 4382; x_wconf 80' lang='lat' dir='ltr'><strong>mediis</strong></span> <span class='ocrx_word' id='word_1_760' title='bbox 2919 4326 2940 4358; x_wconf 79' lang='lat'>&#39;</span> <span class='ocrx_word' id='word_1_761' title='bbox 2974 4323 3156 4379; x_wconf 89' lang='lat' dir='ltr'><strong>mundi</strong></span> <span class='ocrx_word' id='word_1_762' title='bbox 3187 4321 3431 4395; x_wconf 86' lang='lat' dir='ltr'><strong>partibus</strong></span> <span class='ocrx_word' id='word_1_763' title='bbox 3461 4319 3642 4374; x_wconf 82' lang='lat' dir='ltr'><strong>credi-</strong></span> 
     </span>
    </p>
   </div>
   <div class='ocr_carea' id='block_1_103' title="bbox 2239 4413 3641 4491">
    <p class='ocr_par' dir='ltr' id='par_1_103' title="bbox 2239 4413 3641 4491">
     <span class='ocr_line' id='line_1_103' title="bbox 2239 4413 3641 4491; baseline -0.009 -11"><span class='ocrx_word' id='word_1_764' title='bbox 2239 4426 2307 4479; x_wconf 88' lang='lat' dir='ltr'><strong>de</strong></span> <span class='ocrx_word' id='word_1_765' title='bbox 2332 4413 2770 4480; x_wconf 81' lang='lat' dir='ltr'><strong>extremitatibus</strong></span> <span class='ocrx_word' id='word_1_766' title='bbox 2819 4434 3033 4491; x_wconf 83' lang='lat' dir='ltr'><strong>quoque</strong></span> <span class='ocrx_word' id='word_1_767' title='bbox 3062 4416 3302 4488; x_wconf 70' lang='lat' dir='ltr'><strong>cjusdém</strong></span> <span class='ocrx_word' id='word_1_768' title='bbox 3335 4415 3641 4487; x_wconf 87' lang='lat' dir='ltr'><strong>credamus,</strong></span> 
     </span>
    </p>
   </div>
   <div class='ocr_carea' id='block_1_104' title="bbox 2058 4502 3643 4590">
    <p class='ocr_par' dir='ltr' id='par_1_104' title="bbox 2058 4502 3643 4590">
     <span class='ocr_line' id='line_1_104' title="bbox 2058 4502 3643 4590; baseline -0.011 -15"><span class='ocrx_word' id='word_1_769' title='bbox 2058 4517 2377 4590; x_wconf 85' lang='lat' dir='ltr'><strong>praesertim</strong></span> <span class='ocrx_word' id='word_1_770' title='bbox 2411 4532 2535 4572; x_wconf 89' lang='lat' dir='ltr'><strong>cum</strong></span> <span class='ocrx_word' id='word_1_771' title='bbox 2558 4514 2750 4571; x_wconf 85' lang='lat' dir='ltr'><strong>beatus</strong></span> <span class='ocrx_word' id='word_1_772' title='bbox 2783 4512 3111 4584; x_wconf 68' lang='lat' dir='ltr'><strong>Augustinus</strong></span> <span class='ocrx_word' id='word_1_773' title='bbox 3141 4510 3193 4563; x_wconf 85' lang='lat' dir='ltr'><strong>in</strong></span> <span class='ocrx_word' id='word_1_774' title='bbox 3227 4506 3427 4563; x_wconf 80' lang='lat' dir='ltr'><strong>ultimis</strong></span> <span class='ocrx_word' id='word_1_775' title='bbox 3457 4506 3522 4560; x_wconf 80' lang='lat' dir='ltr'><strong>de</strong></span> <span class='ocrx_word' id='word_1_776' title='bbox 3550 4502 3643 4558; x_wconf 86' lang='lat' dir='ltr'><strong>Ci-</strong></span> 
     </span>
    </p>
   </div>
   <div class='ocr_carea' id='block_1_105' title="bbox 2058 4595 3708 4685">
    <p class='ocr_par' dir='ltr' id='par_1_105' title="bbox 2058 4595 3708 4685">
     <span class='ocr_line' id='line_1_105' title="bbox 2058 4595 3708 4685; baseline -0.012 -10"><span class='ocrx_word' id='word_1_777' title='bbox 2058 4621 2229 4676; x_wconf 86' lang='lat' dir='ltr'><strong>vitate</strong></span> <span class='ocrx_word' id='word_1_778' title='bbox 2256 4617 2349 4673; x_wconf 88' lang='lat' dir='ltr'><strong>Dei</strong></span> <span class='ocrx_word' id='word_1_779' title='bbox 2376 4616 2528 4672; x_wconf 87' lang='lat' dir='ltr'><strong>libris</strong></span> <span class='ocrx_word' id='word_1_780' title='bbox 2559 4630 2666 4669; x_wconf 89' lang='lat' dir='ltr'><strong>non</strong></span> <span class='ocrx_word' id='word_1_781' title='bbox 2697 4613 2811 4685; x_wconf 85' lang='lat' dir='ltr'><strong>ipsa</strong></span> <span class='ocrx_word' id='word_1_782' title='bbox 2842 4611 3025 4668; x_wconf 86' lang='lat' dir='ltr'><strong>mundi</strong></span> <span class='ocrx_word' id='word_1_783' title='bbox 3055 4624 3286 4680; x_wconf 88' lang='lat' dir='ltr'><strong>corpora</strong></span> <span class='ocrx_word' id='word_1_784' title='bbox 3322 4605 3646 4668; x_wconf 86' lang='lat' dir='ltr'><strong>transitura,</strong></span> <span class='ocrx_word' id='word_1_785' title='bbox 3695 4595 3708 4608; x_wconf 87' lang='grc'><em>’</em></span> 
     </span>
    </p>
   </div>
   <div class='ocr_carea' id='block_1_106' title="bbox 2060 4692 3645 4781">
    <p class='ocr_par' dir='ltr' id='par_1_106' title="bbox 2060 4692 3645 4781">
     <span class='ocr_line' id='line_1_106' title="bbox 2060 4692 3645 4781; baseline -0.011 -10"><span class='ocrx_word' id='word_1_786' title='bbox 2060 4692 2152 4771; x_wconf 82' lang='lat' dir='ltr'><strong>sed</strong></span> <span class='ocrx_word' id='word_1_787' title='bbox 2182 4727 2370 4767; x_wconf 82' lang='lat' dir='ltr'><strong>eorum</strong></span> <span class='ocrx_word' id='word_1_788' title='bbox 2406 4708 2696 4781; x_wconf 83' lang='lat' dir='ltr'><strong>qualitates</strong></span> <span class='ocrx_word' id='word_1_789' title='bbox 2740 4708 2792 4761; x_wconf 92' lang='lat' dir='ltr'><strong>in</strong></span> <span class='ocrx_word' id='word_1_790' title='bbox 2848 4700 3036 4761; x_wconf 81' lang='lat' dir='ltr'><strong>melius</strong></span> <span class='ocrx_word' id='word_1_791' title='bbox 3069 4701 3354 4758; x_wconf 71' lang='lat' dir='ltr'><strong>inritandas</strong></span> <span class='ocrx_word' id='word_1_792' title='bbox 3399 4700 3645 4754; x_wconf 76' lang='lat' dir='ltr'><strong>videatur</strong></span> 
     </span>
    </p>
   </div>
   <div class='ocr_carea' id='block_1_107' title="bbox 2060 4797 3646 4871">
    <p class='ocr_par' dir='ltr' id='par_1_107' title="bbox 2060 4797 3646 4871">
     <span class='ocr_line' id='line_1_107' title="bbox 2060 4797 3646 4871; baseline -0.011 -11"><span class='ocrx_word' id='word_1_793' title='bbox 2060 4806 2292 4867; x_wconf 84' lang='lat' dir='ltr'><strong>docere;</strong></span> <span class='ocrx_word' id='word_1_794' title='bbox 2343 4797 2799 4871; x_wconf 69' lang='lat' dir='ltr'><strong>quemadmodum</strong></span> <span class='ocrx_word' id='word_1_795' title='bbox 2851 4805 2904 4851; x_wconf 82' lang='lat' dir='ltr'><strong>et</strong></span> <span class='ocrx_word' id='word_1_796' title='bbox 2962 4797 3319 4850; x_wconf 77' lang='lat' dir='ltr'><strong>humanorum</strong></span> <span class='ocrx_word' id='word_1_797' title='bbox 3357 4806 3646 4861; x_wconf 76' lang='lat' dir='ltr'><strong>corporum</strong></span> 
     </span>
    </p>
   </div>
   <div class='ocr_carea' id='block_1_108' title="bbox 2060 4885 3645 4965">
    <p class='ocr_par' dir='ltr' id='par_1_108' title="bbox 2060 4885 3645 4965">
     <span class='ocr_line' id='line_1_108' title="bbox 2060 4885 3645 4965; baseline -0.009 -14"><span class='ocrx_word' id='word_1_798' title='bbox 2060 4908 2235 4965; x_wconf 84' lang='lat' dir='ltr'><strong>neque</strong></span> <span class='ocrx_word' id='word_1_799' title='bbox 2281 4891 2529 4955; x_wconf 74' lang='lat' dir='ltr'><strong>formae,</strong></span> <span class='ocrx_word' id='word_1_800' title='bbox 2579 4904 2753 4958; x_wconf 85' lang='lat' dir='ltr'><strong>neque</strong></span> <span class='ocrx_word' id='word_1_801' title='bbox 2797 4885 3212 4959; x_wconf 75' lang='lat' dir='ltr'><strong>quantitatcs&#39;,</strong></span> <span class='ocrx_word' id='word_1_802' title='bbox 3259 4897 3435 4955; x_wconf 85' lang='lat' dir='ltr'><strong>neque</strong></span> <span class='ocrx_word' id='word_1_803' title='bbox 3484 4896 3645 4936; x_wconf 65' lang='lat' dir='ltr'><strong>sexus</strong></span> 
     </span>
    </p>
   </div>
   <div class='ocr_carea' id='block_1_109' title="bbox 2063 4976 3647 5053">
    <p class='ocr_par' dir='ltr' id='par_1_109' title="bbox 2063 4976 3647 5053">
     <span class='ocr_line' id='line_1_109' title="bbox 2063 4976 3647 5053; baseline -0.012 -8"><span class='ocrx_word' id='word_1_804' title='bbox 2063 4989 2399 5053; x_wconf 78' lang='lat' dir='ltr'><strong>transibunt,</strong></span> <span class='ocrx_word' id='word_1_805' title='bbox 2441 4987 2534 5041; x_wconf 78' lang='lat' dir='ltr'><strong>sed</strong></span> <span class='ocrx_word' id='word_1_806' title='bbox 2575 4982 2911 5038; x_wconf 74' lang='lat' dir='ltr'><strong>solummodo</strong></span> <span class='ocrx_word' id='word_1_807' title='bbox 2940 4978 3248 5051; x_wconf 82' lang='lat' dir='ltr'><strong>spirituales</strong></span> <span class='ocrx_word' id='word_1_808' title='bbox 3277 4976 3564 5048; x_wconf 65' lang='lat' dir='ltr'><strong>qualitates</strong></span> <span class='ocrx_word' id='word_1_809' title='bbox 3591 4983 3647 5028; x_wconf 79' lang='lat' dir='ltr'><strong>et</strong></span> 
     </span>
    </p>
   </div>
   <div class='ocr_carea' id='block_1_110' title="bbox 2063 5067 3729 5139">
    <p class='ocr_par' dir='ltr' id='par_1_110' title="bbox 2063 5067 3729 5139">
     <span class='ocr_line' id='line_1_110' title="bbox 2063 5067 3729 5139; baseline -0.012 -4"><span class='ocrx_word' id='word_1_810' title='bbox 2063 5076 2393 5135; x_wconf 84' lang='lat' dir='ltr'><strong>inunortales</strong></span> <span class='ocrx_word' id='word_1_811' title='bbox 2429 5077 2717 5130; x_wconf 81' lang='lat' dir='ltr'><strong>induentur</strong></span> <span class='ocrx_word' id='word_1_812' title='bbox 2750 5090 2763 5126; x_wconf 92' lang='lat'><strong>:</strong></span> <span class='ocrx_word' id='word_1_813' title='bbox 2795 5080 2849 5125; x_wconf 83' lang='lat' dir='ltr'><strong>et</strong></span> <span class='ocrx_word' id='word_1_814' title='bbox 2893 5072 2946 5125; x_wconf 90' lang='lat' dir='ltr'><strong>in</strong></span> <span class='ocrx_word' id='word_1_815' title='bbox 2983 5069 3209 5139; x_wconf 78' lang='lat' dir='ltr'><strong>cpistola</strong></span> <span class='ocrx_word' id='word_1_816' title='bbox 3242 5068 3308 5121; x_wconf 86' lang='lat' dir='ltr'><strong>ad</strong></span> <span class='ocrx_word' id='word_1_817' title='bbox 3338 5067 3645 5120; x_wconf 79' lang='lat' dir='ltr'><strong>Dardanum</strong></span> <span class='ocrx_word' id='word_1_818' title='bbox 3726 5096 3729 5099; x_wconf 65' lang='grc'>‹</span> 
     </span>
    </p>
   </div>
   <div class='ocr_carea' id='block_1_111' title="bbox 2062 5160 3642 5232">
    <p class='ocr_par' dir='ltr' id='par_1_111' title="bbox 2062 5160 3642 5232">
     <span class='ocr_line' id='line_1_111' title="bbox 2062 5160 3642 5232; baseline -0.01 -6"><span class='ocrx_word' id='word_1_819' title='bbox 2062 5173 2440 5226; x_wconf 81' lang='lat' dir='ltr'><strong>incunctanter</strong></span> <span class='ocrx_word' id='word_1_820' title='bbox 2485 5165 2681 5219; x_wconf 82' lang='lat' dir='ltr'><strong>astruit</strong></span> <span class='ocrx_word' id='word_1_821' title='bbox 2707 5204 2720 5222; x_wconf 83' lang='lat'><strong>,</strong></span> <span class='ocrx_word' id='word_1_822' title='bbox 2768 5177 2964 5232; x_wconf 86' lang='lat' dir='ltr'><strong>corpus</strong></span> <span class='ocrx_word' id='word_1_823' title='bbox 3007 5160 3215 5214; x_wconf 88' lang='lat' dir='ltr'><strong>Domini</strong></span> <span class='ocrx_word' id='word_1_824' title='bbox 3246 5169 3367 5227; x_wconf 86' lang='lat' dir='ltr'><strong>post</strong></span> <span class='ocrx_word' id='word_1_825' title='bbox 3399 5172 3642 5210; x_wconf 74' lang='lat' dir='ltr'><strong>resurre-</strong></span> 
     </span>
    </p>
   </div>
   <div class='ocr_carea' id='block_1_112' title="bbox 2060 5246 3619 5319">
    <p class='ocr_par' dir='ltr' id='par_1_112' title="bbox 2060 5246 3619 5319">
     <span class='ocr_line' id='line_1_112' title="bbox 2060 5246 3619 5319; baseline -0.013 -1"><span class='ocrx_word' id='word_1_826' title='bbox 2060 5262 2294 5319; x_wconf 86' lang='lat' dir='ltr'><strong>ctionem</strong></span> <span class='ocrx_word' id='word_1_827' title='bbox 2323 5261 2377 5314; x_wconf 92' lang='lat' dir='ltr'><strong>in</strong></span> <span class='ocrx_word' id='word_1_828' title='bbox 2408 5258 2557 5312; x_wconf 83' lang='lat' dir='ltr'><strong>caelo</strong></span> <span class='ocrx_word' id='word_1_829' title='bbox 2594 5255 2833 5310; x_wconf 78' lang='lat' dir='ltr'><strong>localiter</strong></span> <span class='ocrx_word' id='word_1_830' title='bbox 2858 5269 2978 5308; x_wconf 79' lang='lat' dir='ltr'><strong>csse</strong></span> <span class='ocrx_word' id='word_1_831' title='bbox 3017 5253 3066 5305; x_wconf 89' lang='lat' dir='ltr'><strong>in</strong></span> <span class='ocrx_word' id='word_1_832' title='bbox 3102 5251 3292 5304; x_wconf 79' lang='lat' dir='ltr'><strong>cadent</strong></span> <span class='ocrx_word' id='word_1_833' title='bbox 3320 5246 3491 5301; x_wconf 67' lang='lat' dir='ltr'><strong>forma</strong></span> <span class='ocrx_word' id='word_1_834' title='bbox 3525 5262 3619 5299; x_wconf 83' lang='lat' dir='ltr'><strong>car</strong></span> 
     </span>
    </p>
   </div>
   <div class='ocr_carea' id='block_1_113' title="bbox 2060 5337 3641 5421">
    <p class='ocr_par' dir='ltr' id='par_1_113' title="bbox 2060 5337 3641 5421">
     <span class='ocr_line' id='line_1_113' title="bbox 2060 5337 3641 5421; baseline -0.012 -13"><span class='ocrx_word' id='word_1_835' title='bbox 2060 5356 2145 5409; x_wconf 82' lang='lat' dir='ltr'><strong>nis</strong></span> <span class='ocrx_word' id='word_1_836' title='bbox 2172 5364 2334 5421; x_wconf 85' lang='lat' dir='ltr'><strong>atque</strong></span> <span class='ocrx_word' id='word_1_837' title='bbox 2364 5348 2662 5405; x_wconf 81' lang='lat' dir='ltr'><strong>substantia</strong></span> <span class='ocrx_word' id='word_1_838' title='bbox 2685 5348 2728 5410; x_wconf 69' lang='grc' dir='ltr'><strong>ο,</strong></span> <span class='ocrx_word' id='word_1_839' title='bbox 2759 5344 2812 5398; x_wconf 91' lang='lat' dir='ltr'><strong>in</strong></span> <span class='ocrx_word' id='word_1_840' title='bbox 2861 5359 2965 5413; x_wconf 80' lang='lat' dir='ltr'><strong>qua</strong></span> <span class='ocrx_word' id='word_1_841' title='bbox 3002 5341 3251 5413; x_wconf 71' lang='lat' dir='ltr'><strong>apparuit</strong></span> <span class='ocrx_word' id='word_1_842' title='bbox 3296 5338 3516 5399; x_wconf 76' lang='lat' dir='ltr'><strong>tmuuio,</strong></span> <span class='ocrx_word' id='word_1_843' title='bbox 3550 5337 3641 5389; x_wconf 78' lang='lat' dir='ltr'><strong>ad-</strong></span> 
     </span>
    </p>
   </div>
   <div class='ocr_carea' id='block_1_114' title="bbox 1643 5443 2339 5505">
    <p class='ocr_par' dir='ltr' id='par_1_114' title="bbox 1643 5443 2339 5505">
     <span class='ocr_line' id='line_1_114' title="bbox 1643 5443 2339 5505; baseline -0.013 -1"><span class='ocrx_word' id='word_1_844' title='bbox 1643 5450 1843 5505; x_wconf 70' lang='lat' dir='ltr'><strong>VARIA</strong></span> <span class='ocrx_word' id='word_1_845' title='bbox 1856 5452 1895 5505; x_wconf 82' lang='grc' dir='ltr'>Ε</span> <span class='ocrx_word' id='word_1_846' title='bbox 1938 5443 2339 5504; x_wconf 50' lang='grc' dir='ltr'><strong>ΙΑΕΟΤΙΟΝΕδ.</strong></span> 
     </span>
    </p>
   </div>
   <div class='ocr_carea' id='block_1_115' title="bbox 444 5558 1052 5630">
    <p class='ocr_par' dir='ltr' id='par_1_115' title="bbox 444 5558 1052 5630">
     <span class='ocr_line' id='line_1_115' title="bbox 444 5558 1052 5630; baseline 0 -18"><span class='ocrx_word' id='word_1_847' title='bbox 444 5558 696 5630; x_wconf 41' lang='grc' dir='ltr'><strong>δεῖς-Ωιτ</strong></span> <span class='ocrx_word' id='word_1_848' title='bbox 713 5577 726 5623; x_wconf 89' lang='grc'>;</span> <span class='ocrx_word' id='word_1_849' title='bbox 793 5560 1011 5630; x_wconf 61' lang='lat' dir='ltr'><strong>qﬁritur</strong></span> <span class='ocrx_word' id='word_1_850' title='bbox 1039 5601 1052 5612; x_wconf 91' lang='lat'><strong>.</strong></span> 
     </span>
    </p>
   </div>
   <div class='ocr_carea' id='block_1_116' title="bbox 1166 5559 1657 5613">
    <p class='ocr_par' dir='ltr' id='par_1_116' title="bbox 1166 5559 1657 5613">
     <span class='ocr_line' id='line_1_116' title="bbox 1166 5559 1657 5613; baseline -0.002 0"><span class='ocrx_word' id='word_1_851' title='bbox 1166 5559 1186 5591; x_wconf 78' lang='grc'>³</span> <span class='ocrx_word' id='word_1_852' title='bbox 1213 5559 1256 5613; x_wconf 81' lang='grc' dir='ltr'>Α</span> <span class='ocrx_word' id='word_1_853' title='bbox 1290 5561 1447 5612; x_wconf 71' lang='lat' dir='ltr'><strong>totius</strong></span> <span class='ocrx_word' id='word_1_854' title='bbox 1478 5576 1657 5613; x_wconf 67' lang='lat' dir='ltr'><strong>causa.</strong></span> 
     </span>
    </p>
   </div>
   <div class='ocr_carea' id='block_1_117' title="bbox 1785 5553 2636 5621">
    <p class='ocr_par' dir='ltr' id='par_1_117' title="bbox 1785 5553 2636 5621">
     <span class='ocr_line' id='line_1_117' title="bbox 1785 5553 2636 5621; baseline -0.011 -13"><span class='ocrx_word' id='word_1_855' title='bbox 1785 5558 1805 5588; x_wconf 65' lang='grc' dir='ltr'><strong><em>ὀ</em></strong></span> <span class='ocrx_word' id='word_1_856' title='bbox 1838 5558 1927 5613; x_wconf 58' lang='lat' dir='ltr'><strong>Sic</strong></span> <span class='ocrx_word' id='word_1_857' title='bbox 1958 5557 2067 5621; x_wconf 65' lang='lat' dir='ltr'><strong>AC;</strong></span> <span class='ocrx_word' id='word_1_858' title='bbox 2111 5554 2155 5608; x_wconf 63' lang='lat' dir='ltr'><strong>F‘</strong></span> <span class='ocrx_word' id='word_1_859' title='bbox 2203 5553 2636 5617; x_wconf 58' lang='lat' dir='ltr'><strong>romprci&#39;mndpre</strong></span> 
     </span>
    </p>
   </div>
   <div class='ocr_carea' id='block_1_118' title="bbox 2750 5536 3639 5595">
    <p class='ocr_par' dir='ltr' id='par_1_118' title="bbox 2750 5536 3639 5595">
     <span class='ocr_line' id='line_1_118' title="bbox 2750 5536 3639 5595; baseline 0.012 -7"><span class='ocrx_word' id='word_1_860' title='bbox 2750 5546 2763 5576; x_wconf 80' lang='grc'><strong>⁸·</strong></span> <span class='ocrx_word' id='word_1_861' title='bbox 2800 5536 2883 5590; x_wconf 74' lang='lat' dir='ltr'><strong>Cl&quot;</strong></span> <span class='ocrx_word' id='word_1_862' title='bbox 2942 5542 3195 5595; x_wconf 75' lang='lat' dir='ltr'><strong>(ram-(ent</strong></span> <span class='ocrx_word' id='word_1_863' title='bbox 3313 5540 3332 5570; x_wconf 70' lang='grc'>³</span> <span class='ocrx_word' id='word_1_864' title='bbox 3377 5539 3416 5591; x_wconf 73' lang='grc' dir='ltr'><strong>Α</strong></span> <span class='ocrx_word' id='word_1_865' title='bbox 3448 5550 3639 5594; x_wconf 69' lang='lat' dir='ltr'><strong>a-‘Ut’m.</strong></span> 
     </span>
    </p>
   </div>
   <div class='ocr_carea' id='block_1_119' title="bbox 376 5617 1977 5708">
    <p class='ocr_par' dir='ltr' id='par_1_119' title="bbox 376 5617 1970 5708">
     <span class='ocr_line' id='line_1_119' title="bbox 376 5617 1970 5708; baseline -0.003 -25"><span class='ocrx_word' id='word_1_866' title='bbox 376 5629 396 5657; x_wconf 71' lang='grc' dir='ltr'>δ</span> <span class='ocrx_word' id='word_1_867' title='bbox 426 5627 513 5683; x_wconf 69' lang='lat' dir='ltr'><strong>sic</strong></span> <span class='ocrx_word' id='word_1_868' title='bbox 542 5627 659 5687; x_wconf 75' lang='lat' dir='ltr'><strong>cr;</strong></span> <span class='ocrx_word' id='word_1_869' title='bbox 691 5617 1064 5685; x_wconf 71' lang='grc' dir='ltr'><strong>Ᾱεῑὴἱείέωάο.</strong></span> <span class='ocrx_word' id='word_1_870' title='bbox 1141 5634 1159 5665; x_wconf 74' lang='grc' dir='ltr'><strong><em>π</em></strong></span> <span class='ocrx_word' id='word_1_871' title='bbox 1203 5629 1293 5684; x_wconf 84' lang='lat' dir='ltr'><strong>Sic</strong></span> <span class='ocrx_word' id='word_1_872' title='bbox 1318 5630 1400 5685; x_wconf 76' lang='lat' dir='ltr'><strong>cr</strong></span> <span class='ocrx_word' id='word_1_873' title='bbox 1427 5632 1487 5693; x_wconf 78' lang='grc' dir='ltr'><strong>;Α</strong></span> <span class='ocrx_word' id='word_1_874' title='bbox 1520 5631 1699 5684; x_wconf 71' lang='lat' dir='ltr'><strong>medii.</strong></span> <span class='ocrx_word' id='word_1_875' title='bbox 1772 5628 1794 5660; x_wconf 73' lang='grc' dir='ltr'><strong><em>ε</em></strong></span> <span class='ocrx_word' id='word_1_876' title='bbox 1837 5628 1970 5708; x_wconf 76' lang='lat' dir='ltr'><strong>Sict</strong></span> 
     </span>
    </p>
   </div>
   <div class='ocr_carea' id='block_1_120' title="bbox 2062 5617 3293 5708">
    <p class='ocr_par' dir='ltr' id='par_1_120' title="bbox 2062 5617 3293 5694">
     <span class='ocr_line' id='line_1_120' title="bbox 2062 5617 3293 5694; baseline -0.014 -12"><span class='ocrx_word' id='word_1_877' title='bbox 2062 5644 2068 5657; x_wconf 88' lang='lat'>&#39;</span> <span class='ocrx_word' id='word_1_878' title='bbox 2100 5629 2144 5681; x_wconf 84' lang='lat' dir='ltr'><strong>A</strong></span> <span class='ocrx_word' id='word_1_879' title='bbox 2173 5624 2477 5694; x_wconf 70' lang='lat' dir='ltr'><strong>qualitates.</strong></span> <span class='ocrx_word' id='word_1_880' title='bbox 2555 5625 2574 5654; x_wconf 63' lang='grc' dir='ltr'><strong>τ’</strong></span> <span class='ocrx_word' id='word_1_881' title='bbox 2610 5619 2705 5675; x_wconf 74' lang='grc' dir='ltr'><strong>δὶς</strong></span> <span class='ocrx_word' id='word_1_882' title='bbox 2734 5617 2841 5671; x_wconf 56' lang='lat' dir='ltr'><strong>ill&quot;</strong></span> <span class='ocrx_word' id='word_1_883' title='bbox 2880 5618 2914 5667; x_wconf 75' lang='grc' dir='ltr'><strong>Α</strong></span> <span class='ocrx_word' id='word_1_884' title='bbox 2952 5619 3293 5669; x_wconf 60' lang='grc' dir='ltr'><strong>ιυὺᾶΐαιιῑιιρ.</strong></span> 
     </span>
    </p>
   </div>
  </div>
