4210 6242
621 323 726 385 995
1938 328 1941 331 λ
2032 278 2546 380 toANNIs'scort
3798 328 3894 389 995

613 441 867 512 cuiusdam
890 450 1126 510 pastores
1148 446 1196 491 et
1222 438 1522 509 niugistror.
1542 432 1734 492 Vidisti
1765 432 2038 500 membra;
2072 430 2209 488 vidi-
2238 438 2283 501 Α
2314 448 2419 488 nus
2446 428 2561 503 ipse
2589 429 2899 509 prapijetat,
2931 429 3118 486 dicens
3170 448 3182 484 :
3217 430 3427 488 “Statim
3453 442 3630 491 autem
3653 446 3773 507 post
3801 439 3892 493 tri-

605 514 683 588 sti
713 541 1015 588 materiem.
1034 529 1321 607 interrege
1346 530 1581 583 eundem
1606 526 1945 600 Apostolum,
1981 525 2047 580 ad
2073 524 2205 594 quid
2309 523 2628 579 bulutionem
2650 517 3235 586 dierdusillerrieroc
3254 530 3362 590 est,
3386 532 3508 594 post
3523 532 3545 564 α
3563 528 3891 596 persecutio.

608 622 747 682 haec
769 620 1012 678 membra
1042 628 1325 697 paraptur.
1371 618 1683 689 Respondet
1735 634 1750 671 :
1801 614 1885 676 Ad
1924 614 2204 688 perfectio—
2305 628 2430 671 nem
2452 614 2793 695 Antichristi,
2826 613 2906 669 sol
2931 612 3318 681 obscurabitur,
3366 626 3415 670 et
3441 616 3571 671 luna
3611 632 3719 673 non
3750 617 3889 674 dabit

609 729 726 768 nem
759 721 1081 777 sanctorum,
1113 712 1170 766 iu
1214 727 1344 782 Opus
1376 706 1874 772 administrationis,
1908 708 1966 762 in
2011 705 2200 775 aediﬁ-
2303 707 2479 761 (unum
2526 723 2704 771 suum,
2744 716 2795 760 et
2863 704 3049 761 stellae
3093 704 3280 761 cadent
3333 706 3402 760 de
3456 707 3623 761 coelo.
3688 706 3895 777 Quibus

606 815 865 861 cntionem
892 802 1127 874 corporis
1177 796 1399 866 Christi,
1434 799 1599 857 donec
1650 800 1989 853 rimaraum:
2020 812 2199 852 omnes
2299 797 2482 869 verbis
2506 797 2878 871 intelligimus,
2927 797 3098 854 solem
3126 807 3183 854 et
3226 796 3409 853 lunam
3452 804 3579 869 post
3621 796 3886 880 deiectum

550 957 554 960 ~
605 901 661 947 tn
719 894 973 947 unitatem
1037 890 1167 961 ﬁdei
1211 900 1261 946 et
1314 889 1625 962 cognitionis
1688 882 1819 943 Filii
1878 884 1998 943 Det.
2062 882 2198 941 Vide
2296 892 2381 951 sui
2413 894 2628 950 luminis
2652 908 2759 949 non
2781 908 3154 958 remansuros,
3190 908 3370 966 neque
3392 895 3889 956 StellaS'deiiciente

554 978 819 1043 initium
889 981 1326 1048 aediﬁcatiouis,
1403 978 1665 1037 unitatem
1752 978 1968 1053 quidem
2036 975 2193 1043 fidei;

599 1074 999 1132 aedilicatiouis
1042 1067 1427 1149 perfectionem
1472 1086 1762 1150 cognosce,
1807 1068 2071 1127 unitatem
2115 1069 2197 1125 vi-

599 1160 798 1225 delicet
847 1162 1173 1239 cognitionis
1224 1162 1349 1221 Filii
1388 1162 1505 1220 Dei.
1558 1158 1657 1219 llic
1693 1161 1855 1233 igitur
1890 1162 2195 1220 incremen-

599 1254 654 1314 ta
713 1259 961 1332 corporis
1009 1257 1212 1314 Christi
1271 1253 1578 1327 incipiunt,
1636 1248 1747 1311 illic
1796 1248 2187 1329 perlicientur,

595 1352 815 1422 quando
878 1344 1127 1407 Christus
1188 1363 1312 1405 cum
1364 1357 1479 1402 toto
1523 1355 1580 1402 et
1638 1344 1697 1400 in
1750 1356 1868 1401 toto
1919 1359 2022 1400 suo
2067 1357 2191 1401 cor-

590 1460 727 1519 pore
743 1446 964 1517 quidam
987 1440 1263 1515 perfectus
1287 1448 1344 1497 et
1367 1454 1511 1511 unus
1532 1436 1635 1507 vir,
1660 1448 1828 1513 caput
1847 1437 1903 1496 in
1930 1438 2190 1497 membris

590 1545 648 1594 et
672 1536 920 1593 membra
949 1534 1007 1590 in
1029 1525 1230 1606 ca'pite,
1270 1531 1575 1605 apparebit,
1602 1528 1824 1602 quando
1853 1544 2109 1586 mensura
2134 1538 2192 1586 et

587 1626 867 1699 plenitudo
919 1625 1117 1683 aetatis
1162 1622 1368 1681 Christi
1419 1638 1528 1682 non
1577 1619 1951 1694 corporalibus
1988 1619 2185 1686 oculis,

586 1716 685 1774 sed
717 1716 918 1774 virtute
954 1711 1429 1789 contemplationis
1456 1709 1511 1768 in
1558 1712 1814 1769 omnibus
1853 1712 2060 1769 sanctis
2083 1727 2185 1775 suo

2298 988 2522 1044 aethere
2544 997 2604 1045 et
2647 988 2903 1060 sphaera,
2931 985 2985 1042 in
3022 983 3226 1067 iniibus
3260 986 3556 1063 dispositae
3597 998 3748 1046 sunt.
3783 985 3860 1046 Nc

2295 1095 2402 1150 que
2446 1080 2589 1134 enim
2631 1077 2685 1135 in
2719 1080 2823 1135 hac
2868 1079 3150 1137 DominiCa
3202 1078 3487 1152 prophetia
3540 1076 3880 1155 allegoricae:

2242 1165 2251 1172 ’
2290 1168 2633 1227 solummodo
2659 1182 2902 1234 sensum,
2928 1183 3121 1225 verum
3161 1169 3329 1225 etiam
3354 1170 3523 1227 totius
3565 1170 3750 1227 mundi
3792 1173 3875 1227 dco

2291 1261 2645 1341 structionem
2708 1240 3142 1333 solutionemque
3208 1274 3501 1332 corporum
3566 1261 3877 1335 accipimus.

2288 1350 2489 1420 Quam,
2512 1349 2937 1423 destructionem
2963 1350 3106 1414 dico.
3150 1350 3306 1407 multi
3349 1351 3596 1408 nolentes
3632 1352 3877 1420 credere,

2286 1444 2358 1499 ad
2377 1442 2547 1499 solius
2568 1442 2865 1514 allegoriae
2890 1441 3378 1514 legessrecurrunt,
3405 1452 3461 1499 et
3490 1457 3589 1514 per
3611 1442 3877 1500 defectum

2285 1534 2422 1591 solis
2439 1533 2821 1591 titubationem
2849 1533 2974 1590 ﬁdei
2997 1534 3163 1591 etiam
3189 1533 3712 1619 perfectissimon
3731 1549 3878 1591 viro-

2286 1641 2429 1697 rum,
2445 1626 2540 1699 qui
2557 1635 2689 1684 tunc
2704 1627 2984 1698 temporis,
2997 1625 3215 1697 quando
3236 1624 3384 1685 lilius
3400 1616 3701 1697 iniquitatis
3715 1641 3878 1696 appa-

2287 1720 2449 1786 rebit,
2468 1716 2641 1776 futuri
2654 1725 2658 1729 ‘
2672 1727 2821 1786 sunt,
2836 1715 3190 1795 [intelligunt]
3205 1715 3273 1773 ".
3294 1714 3461 1788 Cujus
3485 1728 3791 1788 persecutio
3819 1719 3872 1772 in

587 1808 752 1883 capiti
781 1804 1034 1863 adunatis
1063 1804 1361 1862 clarissime
1385 1805 1673 1869 videbitur,
1695 1803 1911 1876 quando
1929 1803 2185 1876 spiritua-
2219 1800 2274 1881 BA
2291 1824 2499 1868 tantum
2529 1810 2780 1881 tenebras
2803 1807 3007 1867 erroris
3027 1817 3083 1863 et
3104 1809 3362 1881 perﬁdiae
3391 1809 3630 1874 inducet,
3670 1811 3742 1864 ut
3767 1823 3874 1865 non

585 1898 655 1955 iis
686 1907 860 1968 actas,
885 1898 988 1959 hoc
1009 1907 1092 1954 est
1114 1898 1372 1952 virtutum
1398 1894 1701 1968 plenitudo,
1725 1909 1867 1966 quae
1889 1895 1946 1949 in
1967 1892 2207 1951 Christo

583 2001 641 2048 ct
672 1990 912 2048 Ecclesia
948 2006 1048 2047 sua
1091 1990 1387 2046 constituta
1438 1997 1545 2054 est,
1593 1986 2079 2059 consummabitur,
2128 1996 2183 2042 et

584 2094 791 2149 cetera,
840 2098 983 2154 quae
1034 2083 1101 2139 de
1148 2091 1376 2137 aeterna
1434 2079 1695 2137 felicitate
1742 2089 1800 2136 et
1849 2079 2189 2151 perfectione.

584 2174 933 2232 beatitudinis
970 2175 1025 2229 in
1067 2173 1163 2229 Dei
1194 2171 1332 2228 Filio
1371 2160 1593 2245 intelligi
1634 2180 1879 2244 possunt.
1907 2170 1966 2228 in
1991 2187 2180 2228 resur-

538 2338 544 2345 θ
581 2268 826 2325 rectione
857 2277 1040 2323 autem
1068 2268 1430 2322 humanorum
1457 2280 1768 2337 corporum,
1820 2265 1967 2344 quod
2008 2280 2176 2321 unus-

576 2364 813 2439 quisque
861 2361 915 2417 in
960 2376 1026 2417 ea
1076 2367 1286 2416 statura
1346 2369 1404 2415 ct
1451 2357 1845 2431 magnitudine,
1897 2356 1966 2414 ad
2012 2374 2175 2431 quam

582 2454 824 2527 perfecto
849 2452 934 2508 sui
957 2451 1203 2524 corporis
1225 2451 1562 2506 incremento
1597 2449 1846 2522 pervenit
1871 2448 1925 2504 in
1948 2446 2172 2518 juvenili

575 2548 782 2611 aetate,
803 2544 920 2600 sive
949 2552 1307 2616 perventurus
1330 2542 1527 2611 ’esset,
1543 2539 1588 2595 si
1620 2549 1795 2595 morte
1818 2555 1924 2595 non
1949 2552 2175 2610 pracoc-

575 2648 893 2712 cuparetur,
929 2635 1023 2692 vel
1071 2650 1235 2708 quam
1286 2618 1544 2708 deseruit.
1584 2633 1636 2689 in
1683 2633 1885 2689 seniles
1930 2628 2173 2693 defectus

573 2726 853 2789 decidens,
880 2733 1289 2781 resurrecturus
1327 2731 1348 2763 ³
1377 2722 1469 2787 sit,
1498 2722 1687 2777 beatus
1734 2722 2069 2793 Augustinus
2116 2721 2169 2776 in

579 2817 734 2874 libris
772 2820 841 2874 de
877 2814 1110 2871 Civitate
1148 2814 1265 2881 Dei
1292 2816 1671 2869 incunctanter
1722 2805 1974 2867 aliirma‘t.
2018 2812 2171 2881 Quod

574 2924 709 2966 vero
735 2900 1060 2964 immortalia
1085 2915 1142 2963 et
1168 2903 1471 2978 spiritualia
1510 2919 1737 2975 corpora
1760 2902 1949 2960 'nullis
1971 2919 2169 2976 corpo-

576 3003 771 3061 ralium
804 3000 1104 3057 formarum
1139 3000 1505 3064 lineamentis,
1552 2998 1634 3055 vel
1677 2995 2051 3069 qualitatibus,
2085 3000 2170 3053 vel

572 3094 971 3169 quantitatibus
993 3089 1534 3155 circumscribeutur,
1578 3100 1802 3162 propter
1840 3087 2166 3155 inell'abilem

570 3158 763 3245 eorum
802 3184 1087 3258 spiritibus
1124 3158 1612 3253 incircumscriptis
1650 3158 2035 3236 adunatiouem
2077 3178 2165 3236 in-
2194 3158 2239 3222 (ἶ

504 3278 509 3284 ’
568 3278 974 3347 diseretamque
1038 3272 1441 3344 simplicitatem
1472 3311 1487 3337 ,
1554 3274 1775 3327 beatum
1843 3269 2163 3339 Gregorium

568 3368 926 3439 Titoologum,
961 3374 1209 3422 sanciunt
1246 3379 1464 3436 quoque
1507 3362 1874 3425 Ambrosium,
1914 3360 2019 3418 l'tec
2054 3376 2163 3419 non

490 3464 495 3469 ’
567 3471 626 3519 et
662 3460 953 3521 Maximum
987 3455 1352 3518 venerabilem
1382 3454 1700 3529 magistrum
1733 3453 1900 3511 certis
1938 3452 2165 3509 ratioai-

564 3554 671 3610 bus
703 3552 1006 3624 approbare
1030 3562 1194 3620 saepe
1215 3547 1471 3603 diximus.
1514 3546 1968 3602 Causam‘tameu
2007 3557 2161 3600 erro-

566 3643 645 3701 ris
675 3656 886 3709 eorum,
923 3640 1014 3713 qui
1059 3642 1112 3695 in
1157 3647 1368 3695 statura
1406 3637 1653 3711 corporis
1683 3635 1948 3692 Dominiei
1976 3634 2160 3691 omnia

570 3743 809 3797 humana
869 3750 1098 3808 corpora
1161 3741 1531 3789 rcsurrectura
1601 3732 1992 3805 dogmatizant,
2049 3744 2160 3791 nan

542 3808 901 3901 ignoramus.
967 3824 1145 3881 Minus
1200 3825 1347 3879 enim
1405 3823 1802 3893 intelligentes,
1885 3822 2028 3894 quod
2103 3820 2159 3877 in

568 3917 783 3975 Graeco
820 3924 908 3972 est
943 3916 1225 3987 scriptum,
1254 3917 1325 3977 si;
1353 3916 1533 3994 μῖμον
1566 3906 1779 3979 ﬁeri“,
1819 3916 1922 3970 hoc
1951 3922 2057 3979 cst,
2102 3912 2157 3968 in

566 4025 880 4068 mensuram
910 4011 1127 4075 aetatis,
1172 4012 1577 4075 existitttaiiunt,
1611 4010 1800 4069 ἠλικίαν
1844 4009 2063 4082 pi-Opric
2089 4009 2159 4064 ad

564 4098 868 4180 perfectam
911 4102 1159 4174 corporis
1208 4105 1443 4165 aetatem
1486 4101 1776 4172 pertinere,
1820 4117 1945 4156 cum
1995 4101 2159 4162 ἡλικία

564 4193 688 4269 plus
711 4192 927 4253 animae
954 4194 1009 4250 in
1036 4193 1351 4259 virtutibus,
1371 4208 1534 4264 quam
1569 4192 1815 4267 corporis
1840 4207 1937 4267 per
1963 4191 2154 4250 localia

562 4294 624 4344 et
664 4285 980 4358 temporalia
1042 4286 1385 4344 incrementa
1449 4284 1748 4357 perfectam
1808 4283 2076 4359 significet
2134 4285 2155 4317 ³

565 4392 898 4451 mensuram.
932 4375 1069 4433 iiiuc
1090 4385 1196 4441 est,
1219 4376 1361 4450 quod
1393 4373 1695 4449 philosophi
1722 4376 1959 4432 animam
1990 4376 2151 4433 ratio-

564 4469 743 4525 nalem
795 4466 1115 4547 ἐνδιλεχειας
1143 4468 1330 4534 lilium,
1362 4470 1467 4525 hoc
1512 4476 1619 4535 est,
1648 4468 1924 4539 perfectae
1958 4471 2155 4526 aetatis

470 4626 473 4629 _
564 4561 621 4619 in
667 4561 961 4621 virtutibus
1001 4569 1254 4618 asserunt
1299 4570 1443 4627 esse,
1487 4560 1651 4629 veluti
1678 4559 1815 4618 {adeo
1855 4562 2067 4627 ἡλικίας,
2099 4563 2153 4619 id

561 4660 650 4709 est
682 4653 832 4708 intus
875 4651 1070 4709 aetatis
1109 4649 1153 4706 ⁸.
1198 4651 1278 4707 Ac
1323 4668 1424 4726 per
1464 4652 1569 4711 hoc
1598 4669 1758 4710 nemo
1786 4670 1917 4711 sane
1957 4652 2155 4712 intelli-

563 4759 700 4817 gens
722 4742 965 4817 praefata
997 4743 1239 4817 Apostoli
1268 4744 1436 4799 verba
1478 4743 1547 4805 de
1590 4744 1922 4815 perfectione
1960 4747 2154 4801 aetatis

566 4834 835 4905 corporis,
859 4833 953 4890 sed
980 4833 1046 4889 de
1082 4831 1416 4906 plenitudine
1437 4831 1717 4891 Ecclesiae
1748 4835 1801 4888 in
1829 4836 2002 4908 capite
2031 4846 2149 4901 suo,

565 4924 714 4994 quod
740 4932 825 4979 est
849 4922 1118 4990 Christus,
1163 4925 1265 4981 huc
1308 4934 1411 4990 est,
1440 4925 1508 4981 dc
1532 4915 1875 4997 perfectione
1895 4937 1916 4967 ι
1944 4926 2150 5001 gratiae

564 5026 619 5070 et
672 5016 1022 5072 beatitudinis
1079 5026 1137 5073 et
1185 5016 1752 5092 incomprehensibilis
1809 5019 2152 5077 adunationis

476 5166 479 5169 ,
562 5109 818 5180 ‘accipiat.
849 5108 915 5164 Et
950 5110 1121 5187 miror
1153 5110 1221 5166 de
1248 5110 1353 5177 bis,
1384 5111 1477 5183 qui
1504 5098 1630 5164 talia
1668 5110 1826 5170 nobis
1874 5121 2156 5183 opponunt

566 5201 637 5257 de
661 5201 1081 5274 ampliﬁcatione
1111 5202 1471 5276 corporalium
1503 5202 1687 5257 mundi
1730 5202 2017 5268 luminum,
2055 5218 2154 5256 cur

572 5309 675 5354 non
707 5294 1011 5361 intendunt,
1043 5299 1187 5367 quod
1212 5298 1268 5355 in
1298 5296 1592 5370 Evangelia
1628 5298 1695 5354 de
1736 5297 1947 5354 defectu
1992 5299 2174 5354 totius

570 5387 757 5445 tnundi
790 5389 1059 5448 sensibilis
1097 5405 1196 5463 per
1225 5392 1495 5455 defectum
1520 5391 1756 5462 partium
1783 5391 1953 5463 ipsius
1974 5392 2127 5448 Domi

2285 1905 2462 1962 solum
2490 1904 2543 1959 in
2582 1899 2741 1959 caelo
2773 1900 3038 1967 ecclesiae
3074 1899 3344 1966 carnales,
3386 1899 3479 1970 qui
3524 1912 3625 1971 per
3674 1914 3875 1964 .uuam,

2299 2017 2488 2059 verum
2518 2003 2686 2058 etiam
2714 2002 3136 2074 spiritualiores,
3165 2005 3262 2077 qui
3288 2022 3386 2078 per
3415 2007 3628 2076 stellas,
3656 2010 3865 2069 summi

2296 2105 2517 2162 quoque
2534 2098 2590 2146 et
2604 2090 3037 2161 spirituaiissimi
3054 2093 3311 2157 doctores
3321 2096 3372 2168 ej
3381 2096 3562 2168 us.qni
3585 2112 3681 2168 per
3694 2096 3866 2153 solem

2295 2176 2524 2251 mystice
2541 2179 2999 2250 praetigurantur.
3024 2182 3209 2241 lumen
3238 2176 3575 2247 orthodoxae
3604 2184 3734 2244 ﬁdei
3771 2195 3869 2244 aut

2294 2265 2366 2319 ad
2406 2274 2623 2338 tempus
2651 2268 3010 2335 abscondent,
3034 2280 3136 2328 aut
3162 2274 3347 2329 territi
3371 2276 3644 2342 minuent,
3669 2283 3763 2335 aut
3792 2275 3864 2330 ab

2291 2368 2361 2409 eo
2392 2356 2613 2426 penitus
2638 2356 2910 2413 labentur.
2942 2358 3118 2426 Quam
3143 2359 3411 2417 theoriam
3445 2378 3625 2436 neque
3654 2379 3757 2420 nos
3780 2378 3864 2419 re-

2295 2442 2961 2511 feiiimus.‘Verumtamen
2992 2447 3252 2503 audiendi
3279 2464 3386 2503 non
3420 2453 3686 2519 sunt,qui
3719 2448 3883 2508 hunc

2292 2532 2475 2590 locum
2509 2532 2882 2605 evangelicum
2915 2537 3185 2614 violenter
3217 2540 3534 2596 secundum
3573 2538 3855 2600 historiam

2243 2627 2246 2630 ’
2292 2635 2877 2694 conantur_astruere,
2918 2638 3205 2698 putantes.
3239 2633 3382 2700 quod
3423 2648 3703 2705 nunquam
3732 2648 3857 2691 cae-

2292 2713 2513 2768 lestium
2534 2728 2826 2782 corporum
2852 2730 3011 2772 casus
3032 2714 3257 2773 luminis
3281 2722 3331 2774 in
3361 2715 3468 2775 line
3486 2721 3679 2777 mundi
3709 2718 3857 2779 futu-

2290 2816 2390 2857 rus
2431 2803 2539 2867 sit,
2591 2804 2683 2858 sed
2723 2803 2938 2861 illorum
2998 2809 3260 2878 splendor
3301 2812 3653 2882 superabitur
3690 2812 3857 2869 nimia

2288 2893 2539 2951 claritate
2569 2899 3011 2975 supervenientis
3035 2884 3239 2971 judicis
3261 2941 3278 2967 ,
3311 2903 3744 2977 caelestiumque
3770 2916 3857 2961 es-

2287 2988 2590 3045 sentiarum
2618 3006 2743 3047 cum
2768 2990 2887 3063 ipso
2907 2992 3386 3058 descendentium,
3414 2996 3636 3058 ornando
3666 3007 3859 3054 ventu-

2289 3092 2389 3136 rus
2417 3089 2502 3134 est
2530 3079 2779 3150 judicare
2813 3082 2969 3138 vivos
3011 3095 3068 3140 et
3119 3075 3386 3153 mortuos.
3421 3087 3649 3145 Addunt
3688 3091 3852 3157 etiam

2288 3172 2601 3245 paradigma
2627 3186 2696 3231 ex
2734 3175 2969 3248 orientis
2995 3176 3129 3233 solis
3164 3175 3355 3246 radiis,
3388 3178 3487 3249 qui
3515 3166 3725 3251 impetu
3754 3194 3857 3236 suo

2287 3264 2554 3337 fulgorem
2576 3268 2811 3323 aliorum
2832 3268 3077 3326 siderum
3098 3270 3583 3338 obtunduot’,inm
3605 3273 3857 3330 etiamah

2286 3358 2464 3416 oculis
2492 3359 2701 3416 nostris
2722 3361 2981 3418 auferunt
3005 3379 3021 3429 ;
3043 3363 3097 3418 in
3129 3378 3190 3419 se
3222 3378 3459 3434 namque
3488 3364 3626 3436 ipsis
3650 3364 3741 3422 sui
3769 3363 3859 3422 luo

2288 3449 2454 3505 minis
2492 3451 2768 3507 vibratum
2799 3440 3197 3511 indiminutum
3247 3469 3467 3525 semper
3512 3452 3855 3521 custodiunt,

2286 3545 2549 3613 quoniam
2576 3546 2681 3611 soi,
2708 3561 2741 3601 a
2766 3560 2878 3617 quo
2904 3546 3093 3602 lumen
3115 3547 3420 3620 accipiunt,
3451 3561 3669 3618 semper
3695 3560 3854 3620 preco

2285 3646 2417 3692 sens
2466 3637 2551 3694 eis
2582 3647 2689 3694 est.
2738 3636 2850 3695 Nec
2881 3640 3104 3706 obstat,
3139 3640 3285 3711 quod
3333 3639 3629 3712 aliquoties
3670 3638 3853 3697 lunari

2284 3726 2447 3799 globo
2463 3728 2787 3800 interjectus
2808 3739 2988 3787 terrae
3013 3734 3224 3788 soleres
3247 3733 3427 3790 aufert
3454 3732 3661 3791 radios.
3686 3727 3853 3792 Erro-

2284 3820 2362 3876 ris
2396 3828 2581 3876 autem
2608 3835 2826 3890 eorum,
2862 3823 2955 3892 qui
2986 3822 3115 3879 talia
3141 3826 3440 3893 somniant,
3467 3841 3636 3883 causa
3663 3835 3774 3889 est.
3794 3836 3854 3880 ut

2280 3913 2480 3983 opinor
2526 3930 2542 3969 :
2584 3914 2928 3982 arbitrantur
2976 3917 3123 3972 enim
3164 3915 3438 3987 judicium
3492 3918 3740 3975 futurum
3793 3920 3846 3975 in

2282 4002 2466 4073 aliquo
2495 4002 2619 4059 loco
2653 4005 2796 4060 intra
2821 4017 2971 4078 septa
3004 4006 3172 4078 hujus
3201 4007 3385 4065 mundi
3414 4008 3686 4085 agendum
3711 4008 3846 4075 fore,

2274 4095 2521 4166 judicem
2555 4111 2777 4168 quoque
2800 4112 2924 4152 cum
2955 4099 3072 4156 suis
3108 4101 3312 4155 sanctis
3343 4101 3553 4170 angelis
3580 4101 3654 4157 de
3684 4116 3853 4170 supe-

2284 4186 2522 4244 rioribus
2547 4188 2830 4245 sensibilis
2853 4200 3078 4245 naturae
3101 4191 3348 4262 partibus
3371 4191 3621 4249 localiter
3643 4201 3701 4248 et
3726 4207 3851 4263 cor-

2280 4280 2550 4351 poraliter
2603 4281 3020 4339 descensurum.
3075 4282 3217 4340 llinc
3268 4284 3373 4348 est.
3424 4280 3571 4354 quod
3622 4285 3847 4356 quidam

2280 4373 2468 4431 sedem
2515 4374 2711 4446 iudicii
2766 4376 2822 4430 in
2867 4376 3108 4432 conlinio
3160 4370 3308 4433 aeris
3344 4376 3402 4433 et
3430 4360 3849 4452 aetheria-quo

2279 4467 2492 4540 physici
2521 4468 2768 4523 lunarem
2802 4468 3069 4525 circulum
3098 4469 3440 4533 describunt.
3472 4469 3722 4541 quidam,
3749 4466 3852 4527 Ju-

2276 4562 2430 4619 daeis
2459 4561 2889 4623 consentientes,
2916 4559 2971 4618 in
3004 4560 3144 4617 valle
3166 4559 3436 4631 .iosaphat
3456 4561 3716 4629 delirant,
3738 4576 3850 4620 non

2279 4656 2781 4711 animadvertentes
2822 4654 3078 4708 virtutem
3107 4654 3367 4719 nominis,
3397 4653 3541 4723 quod
3570 4665 3659 4710 est
3692 4655 3848 4712 lasa-

2276 4749 2448 4820 phat;
2481 4748 2846 4818 compositura
2886 4746 3088 4817 quippe
3111 4756 3196 4802 est
3223 4762 3290 4802 ex
3321 4748 3421 4802 ἰαώ
3444 4758 3503 4803 et
3540 4748 3748 4820 σαῳάτ.
3781 4749 3848 4805 Et

2278 4841 2380 4896 1αὼ
2405 4839 2627 4911 quidem
2660 4841 2861 4914 multas
2902 4842 3070 4896 habet
3100 4841 3586 4912 interpretationes
3615 4856 3638 4911 ;
3669 4841 3844 4898 inter-

2273 4922 2527 5007 pretatur
2546 4933 2693 4987 enim
2724 4933 3003 4986 invisibilis
3028 4933 3071 4995 ³.
3096 4945 3191 4988 aut
3215 4932 3497 5001 Dominus,
3518 4942 3617 4988 aut
3638 4931 3841 5005 gloria.

2273 5036 2363 5083 aut
2390 5027 2643 5089 existens,
2669 5036 2761 5080 aut
2794 5036 2929 5090 erat,
2959 5035 3009 5081 et
3045 5035 3143 5089 est,
3170 5035 3219 5081 et
3244 5026 3457 5097 {arturus
3485 5036 3559 5081 est
3595 5042 3612 5094 ;
3649 5026 3836 5096 σαφής

2272 5128 2455 5176 autem
2477 5119 2705 5173 vertitur
2731 5118 2786 5171 in
2807 5118 3092 5188 judicium.
3124 5116 3385 5191 Josapbal
3414 5116 3581 5189 igitur
3602 5119 3625 5150 ’
3650 5115 3843 5174 invisiv

2274 5210 2382 5266 bile
2405 5209 2697 5279 judicium,
2732 5212 2816 5265 vel
2862 5210 3073 5264 Domini
3103 5208 3397 5276 judicium,
3431 5209 3512 5264 vel
3543 5207 3842 5281 gloriosum

2267 5301 2650 5375 judicium,vel
2675 5312 2811 5366 erat,
2832 5311 2889 5355 et
2911 5311 3014 5363 est,
3037 5311 3093 5357 et
3118 5299 3337 5357 futurus
3367 5307 3470 5381 est,
3494 5302 3589 5372 qui
3606 5300 3838 5372 judicat.

2274 5395 2479 5450 Videas
2512 5395 2695 5463 itaque
2720 5391 2860 5461 Jocl,
2888 5394 3210 5464 prophetico
3245 5393 3442 5465 spiritu
3480 5392 3841 5456 illuminatus.

1770 5531 1776 5536 .
1870 5487 2131 5543 γΑιυΑε
2171 5485 2579 5546 Lacrimans.
3472 5539 3481 5545 ,
3608 5568 3617 5574 ,

661 5592 685 5627 ι
712 5591 808 5649 Sic
835 5592 957 5659 CF;
994 5594 1033 5646 Α
1056 5590 1172 5647 sive
1204 5588 1387 5651 robore
1416 5592 1802 5659 perventurus.
1898 5582 1918 5614 ³
1948 5594 2078 5659 esset
2112 5601 2155 5659 st
2180 5613 2248 5625 ο-
2283 5590 2675 5659 resurrecturus
2701 5580 2904 5659 una}.
2985 5581 3006 5613 ³
3034 5584 3075 5635 Λ
3101 5580 3389 5659 signiﬁcat.
3417 5652 3430 5659 _
3511 5579 3604 5659 §ic
3631 5578 3758 5650 CF;

572 5648 866 5718 interioris
895 5648 1063 5716 actm.
1142 5662 1161 5693 '
1191 5661 1288 5712 hoc
1307 5648 1397 5712 ’ρει
1419 5648 1488 5708 ἀι
1518 5648 2061 5721 ρετίρειὶοηεᾼίιηιηλ.

2143 5656 2161 5686 ⁵
2185 5663 2299 5724 part
2326 5670 2436 5709 om.
2473 5653 2541 5707 Α.

2637 5656 2678 5685 θ’
2704 5653 3002 5723 intelligunt
3036 5650 3161 5709 om.
3204 5650 3339 5717 ΑΕΓ
3364 5650 3549 5718 addidi
3581 5666 3651 5713 ex
3682 5652 3831 5723 conj.

590 5736 609 5767 ’
639 5735 681 5787 Δ
711 5732 978 5788 obtundet.
1016 5733 1038 5763 "
1066 5732 1158 5786 Sic
1191 5726 1319 5795 CF;
1350 5728 1421 5791 Α,
1451 5718 1697 5779 visibilis.
1767 5724 1791 5753 ’
1821 5718 1911 5776 Sic
1930 5718 2056 5788 CF;
2087 5726 2123 5775 Α
2154 5718 2348 5780 αὐιρτη.
