4210 6208
369 284 514 346 £009

1193 287 1284 345 DE
1320 287 1663 348 DlVlSiDNE
1701 286 2056 350 NATUBAE.
2095 313 2167 337 ⁴--
2198 292 2400 351 LIBER
2440 294 2763 365 QUINTUS.

3515 296 3651 364 lOIO

363 405 532 476 cipit,
568 405 639 462 de
679 403 857 461 reditu
883 405 1104 479 gentilis
1143 407 1357 478 populi,
1389 409 1545 480 quasi
1567 408 1804 479 iunioris
1840 409 1962 476 lilii,
1991 415 2040 475 Α
2067 411 2517 483 philosophorum
2565 414 2790 470 semitas
2839 417 3126 494 carpentis
3165 415 3236 482 ι’,
3266 418 3536 487 exposita,
3585 420 3650 474 de

368 511 468 570 per
497 497 661 553 ﬁdem
690 496 896 554 Christi
921 498 993 554 ad
1022 499 1240 555 Patrem
1280 501 1600 568 caelestem,
1627 501 1784 572 cujus
1827 503 1961 560 ima-

365 589 547 661 ginem
572 587 918 646 idololatriae
953 588 1210 647 sordibus
1251 591 1724 663 monstrans-isque
1766 593 1958 666 imagi-

303 733 306 741 .
365 683 676 740 nationibus
701 685 1114 752 contaminavit,
1169 695 1393 760 propter
1437 687 1698 743 invidiam
1748 688 1964 746 Judaici

366 774 584 846 populi,
615 776 780 831 veluti
807 775 1042 856 senioris
1071 775 1166 832 ﬁlii
1189 810 1207 843 ,~
1232 777 1303 834 de
1329 779 1690 834 conversione
1717 782 1960 852 gentium

362 868 434 922 ad
456 865 616 924 tidem
641 883 740 939 per
758 869 1111 942 apostolicam
1133 871 1616 941 praedicationem.
1643 873 1746 941 Qui
1772 872 1964 928 videli-

362 967 448 1014 cet
491 959 748 1031 populus,
771 961 1028 1030 quamvis
1070 961 1389 1034 saepissime
1433 962 1580 1018 cultu
1631 963 1958 1018 daemonum

364 1046 534 1104 fuerit
558 1059 850 1121 corruptus
875 1060 932 1108 et
953 1052 1405 1124 praevaricatus,
1447 1068 1729 1124 nunquam
1773 1063 1956 1110 tamen

359 1141 586 1198 omnino
613 1142 787 1198 Deum
815 1143 1042 1200 Patrum
1063 1151 1334 1212 ‘suornm,
1363 1157 1425 1202 ut
1448 1145 1500 1202 ei
1529 1146 1762 1213 videtur,
1793 1147 1961 1202 abne-

356 1235 549 1306 gavit;
575 1237 865 1310 abuegavit
903 1247 1086 1295 autem
1113 1247 1170 1295 et
1196 1238 1373 1296 adhuc
1397 1240 1635 1312 abnegat
1678 1241 1956 1298 Christum

358 1325 561 1383 Filium
591 1326 685 1384 Dei
711 1343 869 1395 esse,
912 1345 976 1386 ac
1011 1346 1111 1405 per
1157 1331 1263 1388 hoc
1307 1339 1365 1388 et
1410 1330 1630 1389 Patrem
1671 1331 1806 1402 ejus.
1853 1333 1956 1402 Qui

357 1418 509 1477 enim
555 1418 756 1489 Filium
795 1431 991 1493 negat,
1035 1431 1200 1495 negat
1237 1431 1296 1500 et
1338 1424 1588 1488 Patrem,
1632 1427 1723 1495 qui
1758 1426 1776 1457 ι
1818 1424 1960 1482 Filio

359 1518 560 1583 negato
604 1509 773 1566 Pater
823 1527 931 1569 non
983 1520 1089 1568 est.
1143 1511 1385 1569 Haedum
1428 1529 1461 1571 a
1505 1514 1670 1571 Patre
1715 1516 1954 1581 Christi,

355 1615 522 1670 quem
563 1611 761 1674 negat,
805 1602 1048 1674 perﬁdus
1083 1603 1329 1683 ﬂagitat:
1351 1605 1446 1662 sed
1485 1621 1518 1661 a
1554 1605 1716 1662 Patre
1753 1606 1954 1664 Christi

357 1693 589 1748 haedum
620 1709 728 1750 non
757 1695 987 1766 accipiet
1013 1697 1065 1762 ’ς
1120 1698 1353 1770 accipiet
1380 1709 1565 1756 autem
1590 1717 1621 1755 a
1648 1700 1808 1756 Patre
1833 1717 1954 1769 suo,

2063 502 2326 574 symbolis
2353 503 2604 573 specialis
2633 507 2903 563 humanae
2931 516 3158 564 naturae
3184 507 3391 564 reditus
3416 507 3653 566 breviter

2064 599 2428 654 tractandum.
2462 600 2609 657 DISC.
2642 599 2876 673 Tempus
2905 598 3071 671 exigit
3111 601 3183 656 ita
3217 599 3368 666 ﬁeri,
3397 611 3650 659 nostrae-

2059 703 2168 762 que
2197 689 2582 763 disputationis
2605 709 2803 749 cursus
2827 692 3144 763 jamdudum
3178 695 3339 751 ﬁnem
3373 705 3650 766 expectat.

2060 781 2130 839 Et
2147 783 2280 840 mihi
2301 783 2455 838 valde
2475 785 2678 840 arridet
2703 785 2896 856 duplex
2917 787 3019 841 ista
3037 786 3653 859 Evangelicarumpara-

2059 873 2304 932 baiarum
2331 877 2561 947 species.
2595 877 2710 934 Non
2732 880 2877 934 enim
2909 880 3246 936 solummodo
3269 879 3322 936 iu
3354 879 3650 950 parabolis,

2059 981 2247 1024 verum
2273 970 2439 1024 etiam
2467 971 2524 1024 in
2551 969 2738 1026 multis
2760 971 2976 1030 divinae
3001 970 3317 1043 Scripturae
3344 971 3478 1026 locis
3525 971 3650 1027 talis

2055 1057 2267 1116 formae
2289 1059 2578 1118 locutionis
2601 1061 2840 1117 divinum
2869 1072 3059 1118 nectar
3074 1062 3650 1137 eructat,'facilemque

2060 1150 2529 1222 interpretationis
2561 1153 2700 1208 viam
2743 1147 3004 1211 studiosis
3043 1155 3401 1226 mysticorum
3442 1171 3648 1212 senue-

2057 1257 2189 1297 num
2217 1243 2462 1298 theoriae
2485 1253 2786 1313 praestant.
2815 1245 2928 1298 Non
2951 1244 3096 1300 enim
3120 1244 3228 1300 alio
3249 1245 3411 1302 modo
3431 1256 3649 1303 sancto-

2060 1349 2181 1388 rum
2207 1334 2597 1407 prophetarum
2623 1333 2903 1408 multiplex
2935 1337 2991 1391 in
3034 1336 3235 1393 divinis
3279 1338 3644 1396 intellectibus

2056 1432 2348 1479 contextus
2376 1434 2555 1495 potest
2601 1424 2871 1490 discerni,
2905 1425 3008 1481 nisi
3037 1440 3140 1500 per
3163 1424 3639 1497 frequentissimos

2057 1530 2170 1570 non
2217 1514 2390 1571 solum
2431 1530 2531 1589 per
2568 1517 2854 1587 periodos,
2883 1531 3073 1574 verum
3123 1516 3291 1579 etiam
3321 1532 3422 1590 per
3448 1515 3564 1572 cola
3592 1525 3648 1574 et

2060 1617 2330 1665 commata
2368 1609 2636 1664 transitus
2659 1623 2726 1666 ex
2753 1609 2986 1664 diversis
3011 1607 3261 1664 sensibus
3289 1607 3340 1663 in
3371 1606 3645 1670 diversus,

2058 1709 2116 1754 et
2127 1699 2198 1755 ab
2210 1699 2414 1756 eisdem
2432 1701 2628 1756 iterum
2645 1700 2699 1756 in
2711 1700 2929 1757 eosdem
2949 1715 3048 1772 per
3059 1699 3101 1733 “
3118 1699 3517 1756 occultissimas
3532 1713 3649 1754 creo

357 1784 426 1838 de
454 1799 561 1858 quo
587 1782 747 1842 Jesus
773 1785 1024 1844 Christus
1042 1829 1056 1853 ,
1089 1804 1251 1860 quem
1275 1789 1474 1848 Filium
1501 1789 1682 1848 Patris
1707 1807 1830 1848 esse
1861 1807 1954 1848 ne-
1981 1778 2031 1841 B
2057 1791 2451 1864 brissimasqne
2476 1792 2541 1824 “'
2567 1791 2930 1848 reversiones.
2958 1791 3291 1866 Saepissime
3314 1791 3460 1846 enim
3482 1806 3649 1847 unam

358 1885 484 1942 gat,
511 1875 590 1932 ait
615 1895 631 1933 :
669 1877 774 1940 Vos
797 1894 864 1934 ex
890 1889 1040 1950 patre
1065 1878 1278 1936 diabolo
1301 1881 1464 1949 estis,
1490 1883 1665 1954 deque
1695 1885 1798 1941 ﬁde
1833 1901 1963 1958 gen-

363 1969 476 2024 tiiis
517 1969 698 2043 populi
748 1971 804 2028 iu
843 1987 970 2029 eum
1003 1983 1306 2045 torquetur.
1339 1976 1572 2048 Ideoque
1593 1991 1700 2033 non
1734 1978 1959 2034 vitulum

359 2063 713 2133 saginatum,
743 2063 800 2117 id
823 2071 941 2130 est,
983 2064 1260 2122 Christum
1297 2064 1510 2124 Domini
1547 2065 1684 2140 petit
1723 2085 1754 2124 a
1797 2059 1960 2126 Patre

357 2151 427 2209 ad
452 2151 780 2225 epulandum
799 2195 814 2218 ,
843 2157 939 2210 sed
966 2155 1198 2212 haedum
1235 2156 1500 2214 foetidum
1539 2159 1957 2232 petulcumquc,

357 2243 414 2296 in
439 2258 766 2314 omnemque
790 2244 1069 2302 libidinem
1093 2262 1325 2318 pronum
1342 2288 1360 2315 ,
1389 2248 1786 2310 Antichristqu
1813 2251 1958 2319 dico,

357 2333 414 2390 in
462 2349 574 2417 quo
618 2349 678 2389 se
721 2334 742 2366 ‘
776 2334 1122 2408 epulatur-um
1165 2347 1225 2394 et
1264 2349 1615 2417 regnaturum
1663 2341 1959 2400 vanissime

356 2414 595 2500 somniat
619 2469 632 2494 ,
661 2429 899 2500 postulat
923 2439 982 2487 et
1005 2441 1260 2504 expectat
1284 2450 1300 2487 :
1329 2414 1397 2488 ac
1420 2433 1492 2489 de
1530 2449 1665 2506 agro
1703 2434 1957 2504 veniens,

359 2519 465 2574 hoc
488 2527 575 2574 est
598 2518 666 2574 de
691 2521 925 2576 terrenis
943 2521 1218 2593 operibus,
1246 2522 1626 2597 laboriosoqne
1651 2523 1677 2558 ⁸
1700 2526 1957 2583 colendae

359 2608 493 2681 legis
517 2610 820 2667 secundum
849 2601 1068 2668 literam
1121 2613 1349 2691 servitio
1375 2615 1418 2683 ⁸,
1446 2616 1626 2674 audivi
1657 2618 1680 2650 ⁸
1704 2620 1958 2691 sympho-

355 2702 501 2758 niam
525 2711 580 2758 et
599 2703 849 2770 chorum,
870 2706 974 2762 hoc
986 2715 1091 2772 est,
1105 2680 1402 2765 coitsonam
1425 2709 1770 2781 uudiqneque
1782 2711 1808 2745 τ
1820 2722 1957 2768 con-

358 2795 669 2852 venientem
700 2797 922 2870 gentilis
949 2797 1133 2871 populi
1162 2799 1217 2853 in
1245 2798 1468 2855 Christo
1493 2801 1766 2874 epulantis
1789 2813 1847 2873 et
1885 2805 1957 2860 ad

355 2883 575 2942 Patrem
604 2901 761 2942 suum
790 2889 1072 2945 redeuntis
1098 2887 1422 2948 catholicam
1451 2893 1508 2948 in
1536 2893 1644 2950 ﬁde
1675 2893 1918 2965 perfecta
1935 2932 1952 2962 ,

355 2977 524 3051 inque
546 2977 572 3010 ³
592 2977 862 3050 spirituali
888 2980 1198 3051 cognitione
1221 2981 1467 3038 veritatis
1489 2983 1829 3040 harmoniam
1848 3025 1865 3051 ,
1889 2998 1957 3042 ae

353 3069 426 3126 de
453 3084 587 3126 suae
614 3068 884 3127 libertatis
906 3077 965 3127 et
996 3072 1386 3144 redemptionis
1409 3087 1635 3132 munere
1661 3072 1948 3132 laetitiam.

2059 1885 2400 1960 eandemque
2420 1885 2778 1958 expositionis
2801 1886 3039 1956 speciem
3055 1885 3265 1956 absque
3283 1884 3393 1941 ullo
3414 1885 3646 1942 transitu

2060 1977 2116 2034 in
2156 1978 2402 2034 diversas
2442 1976 2795 2049 ﬁgurationes
2833 1975 3191 2047 sequentibus
3229 1984 3322 2032 aut
3363 1990 3519 2050 error
3551 1984 3650 2031 aut

2059 2070 2301 2125 maxima
2349 2059 2639 2124 diliicultas
2668 2061 2995 2124 innascitur
3042 2065 3477 2138 interpretandi;
3522 2079 3650 2121 conv

2058 2168 2347 2217 catenatus
2374 2159 2576 2232 quippe
2601 2167 2686 2215 est
2721 2159 2940 2219 divinae
2971 2157 3288 2243 Scripturae
3319 2165 3612 2212 contextus
3632 2196 3650 2221 ,

2057 2252 2470 2324 Daedalicisque
2517 2251 2857 2308 diverticulis
2889 2259 2950 2307 et
2981 2250 3395 2323 obiiquitatibus
3439 2248 3650 2320 perple-

2059 2357 2182 2402 xus.
2212 2341 2401 2415 Neque
2431 2344 2538 2399 hoc
2563 2341 2804 2416 Spiritus
2831 2348 3054 2402 sanctus
3082 2341 3285 2397 invidia
3316 2338 3485 2394 voluit
3505 2337 3648 2394 "in.

2058 2433 2374 2506 telligendi,
2401 2432 2547 2502 quod
2602 2433 2748 2490 absit
2792 2429 3140 2499 existimari,
3189 2432 3285 2488 sed
3327 2428 3507 2486 studio
3549 2447 3648 2488 no-

2057 2535 2228 2584 stram
2273 2525 2697 2598 intelligentiam
2744 2525 3057 2591 exercendi,
3097 2524 3420 2593 sudorisque
3464 2532 3522 2580 et
3564 2522 3647 2581 in-

2059 2614 2330 2672 ventionis
2351 2613 2580 2686 praemii
2609 2613 2904 2679 reddendi;
2937 2615 3238 2685 praemium
3266 2616 3466 2691 quippe
3483 2613 3649 2678 estin

2055 2721 2214 2763 saera
2243 2703 2530 2777 Scriptura
2561 2704 2921 2761 laborantium
2952 2721 3087 2778 pura
3117 2705 3465 2781 perfectaque
3493 2707 3649 2762 intel-

2055 2797 2304 2871 ligentia.
2333 2798 2379 2853 0
2406 2797 2631 2853 Domine
2674 2796 2836 2865 Jesu,
2883 2797 3086 2853 nullum
3133 2798 3278 2854 aliud
3320 2797 3645 2868 praemium,
3725 2862 3738 2874 ι

2057 2888 2260 2946 nullam
2290 2888 2453 2944 aliam
2499 2889 2892 2964 beatitudinem
2915 2929 2932 2954 ,
2967 2887 3174 2945 nullum
3207 2889 3355 2945 aliud
3393 2888 3645 2961 gaudium

2051 2994 2088 3036 a
2112 2987 2170 3037 te
2203 2971 2434 3055 postulo,
2466 2979 2576 3035 nisi
2606 2989 2667 3036 ut
2711 2980 2779 3036 ad
2827 2995 3022 3051 purum
3075 2980 3278 3051 absque
3321 2979 3429 3036 ullo
3454 2994 3648 3034 errore

2058 3071 2266 3128 fallacis
2295 3071 2540 3127 theoriae
2574 3072 2738 3126 verba
2781 3081 2893 3138 tua,
2919 3087 3060 3142 quae
3085 3085 3185 3142 per
3215 3083 3366 3126 tuum
3396 3079 3642 3126 sanctum

361 3160 430 3224 Et
452 3161 526 3217 ob
548 3161 655 3218 hoc
681 3160 884 3217 invidia
913 3136 1219 3219 commotus
1257 3161 1415 3220 fratri
1452 3178 1556 3220 suo
1597 3165 1952 3222 similitudine
1975 3136 2024 3203 δ
2055 3163 2317 3235 Spiritum
2350 3162 2612 3233 inspirata
2643 3171 2798 3229 sunt,
2842 3136 3156 3234 intelligam.
3207 3160 3352 3220 Haec
3377 3172 3465 3218 est
3497 3159 3644 3218 enim

359 3249 630 3320 naturae,
663 3251 889 3311 inimico
914 3269 1050 3310 vero
1074 3255 1514 3314 dissimilitudine
1541 3255 1800 3315 Judaicae
1827 3274 1947 3332 per-

360 3343 520 3402 fidiae
564 3354 622 3400 et
648 3344 997 3403 Christianae
1023 3345 1303 3418 religionis
1329 3343 1604 3417 irascitur}
1632 3363 1953 3425 patremque

354 3430 515 3491 suum
543 3433 611 3490 de
639 3436 954 3508 receptione
976 3437 1105 3504 lilii,
1132 3439 1226 3511 qui
1253 3439 1394 3495 bona
1419 3450 1651 3498 naturae
1679 3457 1814 3499 suae
1835 3459 1955 3515 per-

269 3509 282 3524 ’
353 3524 523 3590 didit,
551 3525 830 3600 increpat,
862 3529 991 3584 dum
1019 3528 1142 3600 plus
1153 3509 1288 3602 “ipse
1315 3539 1546 3588 naturae
1572 3549 1706 3590 suae
1731 3509 1953 3592 divitias

353 3614 616 3686 dissipat,
644 3615 738 3686 qui
768 3603 984 3673 unicum
1014 3615 1112 3684 ιὶοὶ
1139 3617 1339 3678 Filium
1374 3619 1690 3681 Creatorem
1730 3620 1788 3680 et
1826 3623 1949 3679 Sal-

353 3716 600 3764 vatorem
625 3708 870 3766 omnium
897 3718 1080 3784 negat.
1110 3709 1313 3767 Pcrﬁdi
1346 3711 1615 3784 siquidem
1641 3713 1830 3773 Judaei
1853 3731 1952 3787 per

353 3798 638 3865 invidiam,
656 3798 906 3856 nationes
925 3810 1110 3856 autem
1133 3800 1448 3859 incredulae
1465 3817 1566 3874 per
1585 3804 1951 3876 ignorantiam

306 3889 316 3898 '
353 3887 595 3946 Verbum
639 3889 736 3948 Dei
763 3891 1034 3948 abnuunt.
1064 3892 1132 3950 Et
1157 3891 1416 3965 quoniam
1449 3895 1788 3954 tolerabilius
1822 3914 1954 3972 pec-

351 3993 534 4040 catum
554 3993 652 4041 est
682 3984 1023 4058 ignorantiae
1047 4001 1215 4059 quam
1245 3988 1483 4045 invidiae
1503 4029 1519 4056 ,
1562 3991 1747 4046 minus
1772 3994 1950 4065 genti-

352 4073 484 4130 lium
527 4091 693 4147 quam
730 4074 1059 4135 Judaeorum
1110 4079 1343 4152 populus
1384 4084 1665 4140 naturales
1709 4085 1950 4156 perdidit

287 4175 291 4180 '
349 4166 661 4225 thesauros.
716 4169 954 4241 ideoque
1003 4179 1256 4244 receptae
1302 4181 1429 4230 sunt
1470 4186 1678 4247 gentes,
1707 4178 1950 4235 tenebris

350 4259 693 4331 ignorantiae
736 4262 1056 4329 absolutae,
1097 4274 1154 4319 et
1193 4265 1249 4320 in
1293 4265 1469 4323 lucem
1506 4270 1754 4327 veritatis
1793 4287 1952 4326 revo-

309 4366 543 4412 —catae:
573 4354 763 4413 Judaei
800 4372 929 4413 vero
950 4357 1175 4430 perﬁdi,
1205 4359 1404 4417 Filium
1432 4371 1709 4435 negantes,
1743 4364 1799 4420 in
1825 4380 1949 4436 pas-

349 4454 594 4511 sionibus
619 4454 950 4526 ignominiae
988 4454 1332 4526 invidiaeque
1367 4455 1708 4528 gravissimis
1740 4457 1946 4515 dolori-

348 4543 452 4602 bus
481 4545 656 4602 relicti
687 4555 814 4602 sunt
835 4586 851 4612 ,
879 4546 1053 4603 donec
1099 4547 1154 4603 in
1197 4547 1306 4604 ﬁne
1346 4548 1535 4604 mundi
1578 4549 1836 4608 imitabili
1866 4551 1939 4607 di-

351 4633 508 4690 vinae
535 4635 798 4691 bonitatis
842 4637 1288 4708 magnanimitate
1330 4638 1686 4710 recipiantur,
1727 4643 1945 4712 quando

350 4737 718 4783 convertentur
737 4728 812 4783 ad
836 4746 1100 4806 vesperam
1120 4771 1134 4794 ,
1167 4741 1215 4786 et
1242 4731 1434 4800 famem
1457 4736 1744 4802 patientur,
1771 4747 1827 4790 ut
1855 4754 1943 4792 ca-

345 4833 474 4883 nes,
514 4829 563 4873 et
596 4820 946 4877 circumibunt
989 4823 1284 4890 civitatem,
1331 4826 1653 4883 societatem
1697 4828 1943 4886 videlicet

348 4911 651 4968 catholicae
691 4913 815 4969 ﬁdei
841 4953 857 4977 ,
902 4915 1146 4972 volentes
1191 4917 1243 4969 in
1284 4932 1404 4970 eam
1448 4918 1650 4988 recipi,
1681 4928 1770 4985 et,
1798 4922 1943 4993 quod

346 5000 475 5056 alibi
502 5003 642 5058 idem
670 5005 747 5058 ait
766 5006 1030 5076 propheta
1052 5047 1068 5072 ,
1095 5006 1437 5077 implebitur:
1461 5007 1874 5078 Confuudnntur
1892 5023 1941 5067 et

348 5097 680 5148 revertantur
704 5097 727 5128 ν
755 5111 933 5149 omnes
960 5097 1161 5151 inimici
1185 5097 1286 5150 mei
1305 5138 1320 5159 ,
1354 5110 1726 5154 convertantur
1756 5113 1950 5155 retror-

347 5197 492 5246 sum,
527 5195 575 5237 ct
608 5185 1005 5255 confundantur
1034 5187 1185 5242 valde
1218 5187 1480 5242 celoct'ter.
1518 5187 1629 5242 liae
1660 5188 1826 5260 igitur
1854 5207 1947 5259 pa-

351 5273 534 5331 rabola
565 5291 664 5344 pro
692 5288 1016 5350 paupertate
1045 5281 1297 5352 iugenioli
1329 5284 1537 5348 nostri,
1579 5285 1942 5354 spiritualium

2049 3269 2264 3310 summa
2305 3252 2583 3309 felicitatis
2626 3268 2799 3320 meae,
2835 3251 3066 3324 ﬁnisque
3099 3250 3372 3324 perfectae
3401 3258 3490 3308 est
3516 3266 3648 3309 eon-

2057 3345 2504 3420 templatiouis",
2539 3346 2796 3416 quoniam
2834 3344 2969 3401 nihil
2999 3345 3138 3400 ultra
3163 3344 3498 3401 rationabilis
3528 3343 3645 3401 nni-

2041 3451 2143 3496 ma
2171 3438 2338 3492 etiam
2373 3435 2666 3509 purissima
2713 3435 2952 3492 inveniet
2981 3476 2997 3499 ,
3046 3435 3177 3507 quia
3207 3433 3354 3490 nihil.
3369 3435 3514 3489 ultra
3538 3443 3648 3491 est.

2054 3532 2128 3590 Ut
2149 3531 2296 3588 enim
2344 3547 2451 3587 non
2491 3529 2620 3586 alibi
2649 3530 2828 3600 aptius
2853 3529 3158 3601 quaet-eris,
3185 3543 3346 3599 quam
3376 3527 3434 3584 in
3461 3525 3646 3584 verbis

2053 3624 2183 3691 tuis,
2213 3625 2288 3680 ita
2317 3639 2424 3680 non
2463 3621 2592 3681 alibi
2622 3623 2862 3695 apertius
2886 3620 2930 3653 ⁸⁸
2955 3622 3234 3683 inveniris,
3260 3637 3423 3692 quam
3456 3621 3510 3678 in
3535 3621 3638 3679 eis.

2051 3715 2126 3772 lbi
2147 3715 2345 3788 quippe
2366 3716 2600 3782 habitas,
2616 3714 2808 3772 etilluc
2826 3723 3150 3784 quaerentes
3167 3712 3582 3785 etdiligentcsto
3599 3711 3648 3746 ³⁸

2052 3805 2382 3872 introducis;
2431 3804 2506 3862 ibi
2559 3805 2868 3878 spirituales
2915 3794 3106 3879 epulas
3130 3821 3292 3860 verae
3319 3805 3646 3878 cognitionis

2051 3897 2243 3954 electis
2281 3897 2390 3952 tuis
2433 3913 2746 3968 praeparas,
2786 3896 2894 3952 illic
2930 3898 3203 3954 transiens
3232 3896 3512 3953 ministras
3535 3897 3640 3952 eis.

2051 3988 2117 4047 Et
2144 3990 2271 4061 quis
2303 3999 2390 4046 est
2429 3991 2531 4047 iste
2553 3989 2620 4056 “,
2653 3990 2900 4057 Domine,
2933 3991 3198 4046 transitus
3229 3999 3384 4056 tuus,
3415 3989 3521 4048 nisi
3545 4006 3645 4060 per

2052 4084 2294 4140 inﬁnitos
2341 4083 2819 4154 contemplationis
2891 4092 3017 4141 tuae
3082 4081 3283 4157 gradus
3334 4081 3644 4138 ascensus?

2052 4175 2282 4250 Semper
2303 4176 2451 4233 enim
2476 4175 2531 4232 in
2549 4175 2594 4209 "
2622 4174 2986 4232 intellectibus
3004 4175 3382 4247 quaerentium
3412 4183 3466 4230 et
3493 4174 3643 4229 inve-

2050 4267 2318 4324 nientium
2350 4279 2404 4322 te
2433 4267 2723 4322 transitum
2771 4265 2927 4322 facis.
2956 4265 3250 4335 Quaereris
3277 4265 3424 4321 enim
3467 4264 3539 4335 ab
3559 4262 3644 4320 eis

2051 4360 2286 4434 semper,
2318 4369 2374 4416 et
2413 4374 2626 4432 seraper
2653 4359 2934 4425 inveniris,
2979 4368 3033 4414 et
3064 4375 3170 4414 non
3211 4355 3471 4414 inveniris
3499 4372 3640 4412 sem-

2050 4468 2148 4524 per
2171 4469 2189 4505 :
2220 4451 2480 4508 inveniris
2506 4450 2722 4521 quidem
2749 4450 2800 4506 in
2835 4451 2942 4507 tuis
2970 4450 3331 4522 theophaniis,
3359 4451 3412 4504 in
3443 4448 3639 4520 quibus

2051 4544 2444 4615 multipliciter,
2473 4543 2638 4599 veluti
2669 4545 2723 4600 in
2747 4544 3069 4617 quibusdam
3109 4544 3363 4614 speculis,
3393 4538 3640 4599 occurris

2051 4639 2325 4693 mentibus
2369 4635 2783 4707 intelligentiam
2821 4647 2895 4704 te,
2931 4653 2998 4694 eo
3042 4637 3238 4704 modo,
3285 4652 3392 4707 quo
3423 4645 3475 4692 te
3501 4633 3639 4691 sinis

2049 4727 2297 4798 intelligi,
2323 4743 2428 4783 non
2455 4727 2584 4799 quid
2612 4742 2692 4794 es,
2724 4729 2818 4785 sed
2848 4730 2976 4799 quid
3004 4744 3106 4783 non
3132 4743 3210 4791 es,
3239 4739 3296 4783 et
3323 4729 3449 4797 quia
3475 4727 3631 4788 es”;

2050 4837 2158 4878 non
2205 4821 2466 4877 inveniris
2506 4829 2684 4876 autem
2731 4821 2784 4876 in
2847 4832 2936 4875 tua
2979 4819 3536 4892 superesscutialitate
3567 4819 3631 4878 ⁸³,

2047 4927 2154 4983 qua
2182 4913 2384 4967 transis
2423 4922 2477 4966 et
2508 4927 2776 4984 exnperas
2820 4925 3038 4968 omnem
3082 4911 3417 4966 intellectum
3450 4910 3652 4966 γυιων--

2051 5015 2161 5061 tem
2211 5016 2266 5062 et
2311 5009 2689 5062 ascendentem
2743 5005 3202 5077 comprehendere
3255 5014 3327 5058 te.
3362 5001 3638 5059 Hinistt‘as

2053 5100 2214 5171 igitur
2237 5101 2345 5154 tuis
2372 5100 2730 5169 praesentiarum
2762 5108 2908 5153 tuam
2933 5097 3186 5153 ineﬁ‘abiii
3212 5097 3448 5167 quodam
3478 5094 3638 5150 modo

2047 5194 2405 5267 apparitionis
2443 5202 2594 5257 tuae;
2643 5193 2845 5247 transis
2885 5192 2952 5247 ab
2991 5192 3072 5246 eis
3106 5184 3635 5258 iucomprehensibili

2046 5285 2440 5340 cxcelsitudiue
2491 5294 2546 5339 ct
2597 5283 2861 5339 inﬁnitate
2906 5282 3177 5337 essentiae
3222 5291 3365 5335 tuae.
3420 5278 3637 5347 Quaeso

1648 5377 1904 5475 vanus
1945 5417 2352 5476 caenosus.

421 5518 560 5602 {Sic
589 5519 629 5576 Ρ
655 5539 668 5587 ;
697 5521 740 5579 Α
764 5522 908 5602 quia.
980 5527 1004 5602 _3
1033 5523 1073 5580 F
1123 5527 1366 5602 (recipiat.
1445 5527 1464 5559 ³
1483 5543 1681 5602 seem.
1717 5528 1776 5584 F.
1856 5533 1877 5560 ⁵
1900 5530 1949 5586 Α
1968 5529 2348 5602 laborioseque.
2429 5530 2451 5564 ⁸
2477 5530 2517 5584 Α
2545 5530 2759 5585 servitii.
2818 5531 2840 5563 ⁸
2868 5531 2909 5586 F
2936 5533 3180 5585 audiunt.
3262 5533 3280 5560 ⁷
3306 5531 3348 5584 A
3380 5533 3606 5602 undique
3696 5514 3699 5517 I

347 5587 372 5621 ⁸
395 5587 940 5686 Prn‘pert'cictfi'inque
965 5597 1004 5649 Α
1037 5587 1439 5669 perfectamque.
1472 5598 1504 5686 "
1603 5611 1949 5686 revertantur.
2007 5602 2123 5684 “_F
2145 5587 2442 5686 carpentes.
2524 5604 2563 5632 “
2590 5619 2683 5686 per
2713 5617 2818 5686 oin.
2842 5603 2920 5684 ιλ.
2977 5603 3041 5635 ιν
3068 5603 3158 5686 Sic
3192 5602 3298 5686 illi;
3345 5605 3420 5684 .n
3471 5587 3550 5654 ru"

348 5676 470 5736 ein;
493 5663 534 5716 Α
637 5663 680 5696 ’³
713 5665 757 5736 Α
788 5663 1060 5736 perfectae
1090 5663 1165 5720 est
1215 5663 1710 5736 conictuplationis.

1815 5670 1859 5703 “
1892 5671 1938 5727 Α
1969 5674 2165 5727 nntius.

2267 5675 2309 5705 ”
2345 5685 2393 5728 te
2442 5688 2549 5728 om.
2590 5673 2646 5726 l".
2755 5673 2797 5703 ¹⁶
2836 5674 2931 5728 iste
2959 5691 3066 5727 om.
3105 5673 3165 5730 ιθ.
3256 5673 3298 5708 ⁸⁷
3337 5674 3390 5731 ir.
3418 5691 3503 5728 om

355 5730 400 5771 υ
429 5733 471 5796 F
500 5748 604 5809 quo
639 5747 686 5789 te
712 5730 844 5791 sin—is
875 5735 1102 5815 intelligi
1157 5755 1256 5794 non
1284 5740 1410 5812 quid
1434 5730 1518 5809 ‘es,
1547 5742 1637 5796 sed
1667 5743 1789 5813 quia
1820 5758 1893 5800 es.
1973 5730 2015 5778 ⁸⁵
2053 5745 2095 5802 Α
2122 5744 2173 5798 in
2208 5753 2300 5800 tua
2326 5747 2525 5812 simpcr
2563 5743 2952 5801 essentiah'tatc.
