4210 6210
405 383 408 385 ἓ
499 298 634 356 ιοιτ

1397 292 1486 352 δε
1510 291 1865 358 ,ΒΙἚἹΞΙΟΝΕ
1903 291 2253 354 NATUliAE.
2295 323 2363 337 -—-
2400 295 2604 354 UBER
2643 297 2966 369 QUlNTUS.

3631 289 3775 364 una

493 409 671 466 factus
695 417 799 474 est,
831 418 885 464 et
913 421 1142 480 sponsus
1173 391 1348 474 venit,
1384 407 1651 464 incertum
1677 405 1864 462 nmndi
1894 406 2079 472 linem,
2111 415 2157 472 Α
2187 426 2306 465 sera
2319 412 2642 482 quandoque
2654 413 2981 484 poenitentia
2996 414 3324 486 compuncti,
3343 429 3447 480 non
3469 416 3776 487 intrabunt,
3847 407 3866 419 ’

496 510 874 571 maritumque
918 498 990 553 ab
1033 497 1183 554 omni
1230 495 1247 529 '
1292 497 1522 553 scientia
1560 495 1863 567 spiritualis
1901 497 2094 571 sponsi.

493 592 788 648 adventum
838 590 1098 654 insinuat,
1146 589 1288 646 sicut
1316 589 1446 661 ipse
1483 589 1661 645 dixit:
1691 587 1771 643 De
1795 589 1882 644 die
1909 597 2085 644 autem

492 682 590 741 illa
612 695 662 740 et
687 684 819 739 liora
871 682 966 737 illa
1011 697 1159 737 nemo
1202 683 1321 748 scit,
1363 696 1538 752 itaque
1589 679 1763 751 angeli
1812 678 1868 733 in
1912 678 2082 744 caelo,

494 791 658 848 neque
705 772 880 829 Filius
933 773 1181 838 hominis,
1230 773 1333 828 nisi
1371 771 1536 827 Pater
1574 770 1744 828 solus.
1795 771 1862 826 Et
1896 771 1950 824 in
1977 769 2085 826 line

493 865 798 937 praesentis
841 864 1174 935 parabolae:
1215 861 1438 936 Vigilate
1488 864 1685 934 itaque,
1708 863 1832 934 quia
1872 863 2082 917 nescitis

489 963 653 1026 diem,
685 964 847 1032 neque
867 959 1077 1014 hornus.
1096 955 1314 1013 Clamor
1337 956 1427 1019 ille
1448 955 1718 1026 signiﬁcat
1743 955 2082 1025 apertissima

492 1053 680 1124 signa,
737 1066 880 1122 quae
923 1050 1255 1123 praecedent
1285 1047 1706 1103 destructionem
1754 1047 1969 1110 umndi,
2029 1055 2088 1103 et

492 1145 783 1198 adventum
832 1139 1080 1204 Domini,
1131 1140 1204 1195 de
1249 1140 1446 1210 quibus
1499 1139 1614 1209 ipse
1671 1140 1870 1193 sedens
1919 1152 2084 1208 super

494 1244 733 1288 montem
775 1232 1045 1296 olivarum
1089 1231 1371 1300 discipulis
1401 1230 1764 1300 prophetarit.
1804 1228 2082 1283 Snrrectio

488 1326 734 1382 onmium
799 1325 1074 1396 virginum
1123 1323 1592 1395 regenerationem
1647 1322 1810 1376 totius
1859 1318 2081 1374 humani

488 1419 707 1489 generis
728 1416 1021 1489 praesagit.
1049 1414 1349 1471 Prudentes
1368 1413 1607 1484 virgines
1629 1411 1906 1485 lampadas
1931 1426 2080 1477 suas,

492 1506 846 1579 rationabiles
869 1506 1122 1560 videlicet
1153 1515 1358 1568 motus,
1396 1502 1830 1559 bouae'actiouis
1849 1500 2080 1571 pingue-

491 1599 656 1664 dine,
709 1611 990 1670 puraeque
1041 1593 1412 1653 conscientiae
1459 1591 1710 1648 claritate
1773 1595 2079 1656 exornant;

487 1690 686 1763 quibus
712 1689 942 1754 duobus,
972 1696 1093 1743 actu
1119 1688 1246 1742 dico
1266 1696 1322 1741 et
1347 1685 1598 1750 scientia,
1631 1683 1818 1742 fatuae
1843 1683 2078 1755 virgines

2187 501 2432 558 dicentes
2449 520 2464 557 :
2480 503 2723 570 Domine,
2737 504 2978 572 Domine,
2998 505 3147 577 aperi
3164 506 3330 561 nobis.
3347 505 3453 562 Ista
3475 517 3658 564 autem
3680 524 3774 580 ge—

2185 593 2416 652 minatio
2461 594 2726 652 Dominici
2772 595 3013 654 nominis
3050 607 3143 653 aut
3179 600 3456 656 assiduum
3500 600 3774 656 humanae

2185 695 2417 742 naturae
2465 687 2765 758 appetitum
2806 689 2880 744 ad
2905 689 3438 761 contemplationem
3468 691 3773 750 conditoris

2183 775 2304 840 sui,
2351 775 2495 831 trulla
2538 776 2878 848 ignorantiae
2917 775 3113 834 nebula
3160 766 3509 850 intorposita,
3553 781 3606 835 in
3655 782 3768 844 his.

2184 865 2276 936 qui
2304 866 2360 922 in
2388 867 2488 948 bac
2519 862 2627 923 vita
2659 867 2822 923 nullis
2851 869 3026 926 bonae
3063 870 3088 903 ³
3127 867 3557 927 conversationis
3583 873 3765 928 subsi-

2179 957 2292 1013 diis
2339 955 2544 1013 suﬂ'ulti
2587 957 2802 1025 vixere,
2846 959 2930 1015 vel
2972 969 3124 1017 certe
3162 961 3487 1034 simplicium
3527 963 3770 1020 ﬁdeliora

2181 1048 2362 1105 minus
2391 1048 2415 1082 ⁵
2437 1048 2738 1107 catholicae
2765 1048 2890 1106 lidei
2923 1049 3263 1106 altitudinem
3309 1051 3766 1107 considerantium

2183 1140 2453 1213 ignaviam
2480 1139 2785 1212 signiﬁcat,
2812 1149 3064 1212 putantes
3093 1143 3377 1198 Dominum
3408 1151 3653 1198 nostrum
3680 1141 3770 1198 .le‘o

2179 1245 2301 1286 eum
2330 1230 2610 1286 Christum
2653 1231 2863 1286 duabus
2883 1232 3202 1288 substantiis
3224 1248 3347 1288 esse
3375 1233 3769 1304 compositum,

2181 1322 2308 1376 dum
2337 1321 2413 1376 sit
2450 1339 2558 1376 una
2602 1321 2909 1378 substantia
2949 1322 3004 1377 in
3043 1323 3255 1379 duabus
3294 1324 3538 1389 naturis,
3578 1333 3636 1379 et
3672 1338 3778 1394 pe-

2183 1419 2336 1473 tunt,
2363 1425 2508 1483 quae
2533 1411 2636 1467 sibi
2665 1427 2771 1468 non
2813 1413 3160 1467 conveniunt.
3200 1413 3434 1484 ideoque
3471 1416 3765 1486 respondeo

2181 1508 2272 1555 tur
2297 1501 2320 1534 τ
2353 1501 2433 1556 eis
2461 1517 2476 1557 :
2507 1498 2696 1557 Petitis
2719 1511 2768 1555 rt
2795 1518 2902 1560 non
2929 1503 3200 1572 accipitis,
3231 1504 3354 1574 quia
3400 1504 3536 1556 male
3572 1502 3768 1574 petitis.

2178 1591 2376 1662 Quanti
2396 1600 2544 1658 sunt,
2567 1592 2660 1663 qui
2685 1592 2920 1648 divinam
2941 1593 3231 1648 essentiam
3256 1593 3310 1648 in
3332 1593 3505 1649 tribus
3524 1594 3772 1650 sanatam

2180 1683 2302 1749 tiis,
2330 1692 2384 1739 et
2417 1695 2527 1739 tres
2553 1683 2892 1739 substantias
2918 1684 2970 1738 in
3003 1700 3107 1740 una
3144 1685 3380 1740 essentia
3416 1694 3510 1740 aut
3549 1685 3767 1754 penitus

489 1788 697 1836 carent.
734 1778 888 1847 Quod
921 1788 1104 1834 autem
1145 1779 1441 1848 prudentes
1470 1776 1710 1848 virgines
1737 1775 1804 1829 de
1829 1774 1953 1832 oleo
1980 1789 2080 1832 suo
2105 1775 2155 1836 Β
2185 1775 2473 1846 ignorant,
2501 1783 2598 1830 aut
2628 1777 2846 1846 penitus
2873 1775 3172 1847 abnegaut,
3213 1785 3270 1832 et
3303 1792 3401 1847 per
3439 1793 3570 1832 suas
3604 1776 3771 1833 falsas

489 1873 653 1930 fatuis
697 1873 1000 1944 virginibus
1046 1870 1316 1941 impertiri
1339 1871 1636 1939 abnegauit,
1671 1867 1746 1923 uil
1766 1867 1912 1924 aliud
1939 1866 2079 1923 veri-

487 1966 742 2032 similius,
764 1973 821 2021 ut
847 1963 1063 2037 opinor,
1095 1962 1273 2032 typice
1293 1961 1624 2024 conformat,
1654 1975 1817 2029 quam
1843 1958 2079 2029 pruden-

487 2067 572 2114 tes
593 2055 1055 2127 animas,qnibus
1083 2055 1207 2109 Vilia
1233 2063 1291 2107 et
1315 2067 1421 2107 non
1450 2050 1768 2106 suilicientia
1795 2051 1847 2103 in
1877 2050 1968 2104 illa
1991 2049 2080 2105 die

488 2135 860 2210 intellectuaii,
890 2143 943 2200 in
970 2158 1078 2213 qua
1097 2140 1469 2214 unusquisque
1494 2141 1758 2212 profunda
1790 2138 2077 2196 conscien-

480 2235 600 2292 tiae
628 2249 759 2289 sitae
797 2232 1037 2302 rimabit,
1084 2230 1278 2289 merita
1320 2231 1684 2302 apparebunt,
1716 2237 2080 2300 aeternaeque

487 2326 734 2383 felicitati
778 2325 926 2382 nullo
970 2325 1131 2380 modo
1170 2323 1556 2394 comparanda,
1581 2322 1720 2378 sicut
1744 2322 1822 2380 ait
1846 2322 2079 2393 Aposto-

480 2419 609 2474 .ius:
646 2416 768 2473 Non
807 2425 941 2475 sittu-
967 2416 1268 2488 condignae
1301 2413 1570 2485 passiones
1615 2415 1777 2484 hujus
1829 2411 2076 2482 temporis

487 2512 557 2569 ad
588 2519 1016 2580 superventuram
1051 2508 1297 2580 gloriam,
1325 2522 1460 2578 quas
1485 2505 1798 2561 revelabitur
1823 2507 1877 2560 in
1907 2503 2074 2560 nobis.

478 2601 623 2660 Hinc
653 2601 912 2658 Dominus
953 2601 1070 2673 ipse
1097 2592 1294 2656 iliceti
1325 2615 1599 2672 pauperes,
1645 2598 1842 2669 inquit,
1865 2599 2073 2668 spiritu,

487 2680 593 2752 hoc
633 2701 740 2760 est,
788 2692 958 2758 beati,
1002 2691 1093 2763 qui
1142 2702 1198 2746 et
1237 2691 1449 2762 seipsos
1496 2701 1550 2746 σει
1590 2690 1783 2746 merita
1828 2705 1925 2745 sua
1976 2703 2076 2760 pro

481 2786 669 2842 nihilo
705 2785 933 2852 ducunt,
981 2795 1037 2840 et
1085 2783 1310 2840 omnino
1357 2797 1420 2840 se
1467 2782 1522 2838 in
1567 2783 1773 2841 divitiis
1814 2783 2075 2838 virtutum

487 2893 688 2953 egenos
708 2877 976 2947 indicant,
1001 2877 1250 2950 quoniam
1278 2877 1509 2948 ipsorum
1541 2887 1616 2930 est
1659 2889 1873 2946 regnum
1903 2873 2078 2929 caelo-

489 2982 626 3026 rum.
676 2970 912 3046 ideoque
956 2969 1206 3024 dicturae
1250 2976 1378 3022 sunt
1417 2966 1785 3038 petentibusa
1815 2980 1877 3020 sc
1919 2964 2077 3020 auxi-

405 3055 410 3060 ’
488 3061 644 3126 lium,
667 3065 734 3116 ne"
769 3059 904 3131 forte
941 3076 1045 3114 non
1072 3059 1302 3130 sufﬁciat
1345 3057 1493 3113 nobis
1519 3066 1568 3112 et
1597 3057 1759 3113 vobis.
1783 3056 1942 3124 Quod
1970 3055 2072 3110 du-

2176 1864 2538 1935 cogitationes
2597 1864 2956 1935 carnalesque
3015 1865 3298 1935 opiniones
3332 1866 3355 1898 '
3393 1866 3461 1920 ad
3527 1865 3773 1927 internas

2177 1956 2395 2012 divinae
2423 1971 2698 2027 puraeque
2725 1957 3194 2027 cmitemplationis
3238 1958 3455 2027 nuptias
3494 1958 3771 2028 postulant

2176 2045 2424 2103 intrare!
2471 2047 2670 2114 Quanti
2711 2056 2874 2111 sunt,
2912 2047 3009 2118 qui
3051 2046 3337 2102 Donninnm
3373 2047 3558 2104 Jesnm
3609 2049 3767 2104 Chri-

2175 2148 2320 2196 stum
2353 2138 2430 2194 ita
2459 2149 2772 2211 segregant,
2806 2147 2865 2192 nt
2893 2154 3072 2210 neque
3097 2139 3437 2196 divinitatem
3477 2140 3622 2195 illius
3663 2140 3767 2196 hu-

2177 2232 2461 2297 manitati,
2488 2246 2665 2302 neque
2696 2232 3086 2288 humanitatem
3116 2231 3388 2290 divinitati
3417 2233 3471 2288 in
3499 2234 3764 2289 unitatem

2175 2323 2535 2389 substantiae,
2549 2339 2646 2380 seu
2669 2333 2727 2379 nt
2748 2323 2926 2380 Latini
2945 2326 3485 2394 usitatiusdicunt,in
3502 2324 3763 2383 unitatem

2176 2431 2443 2490 personae
2468 2417 2760 2472 adnnatam
2801 2418 2885 2470 v‘cl
2912 2418 3158 2480 credant,
3176 2417 3262 2472 vel
3286 2418 3609 2488 intelligant,
3631 2435 3763 2474 cum

2176 2509 2347 2582 ipsius
2379 2509 2692 2564 humanitas
2719 2516 2772 2564 et
2795 2509 3049 2564 divinitas
3081 2525 3242 2564 unum
3272 2517 3327 2564 et
3351 2509 3378 2542 ⁹
3405 2509 3766 2581 inseparabile

2176 2617 2343 2659 unum
2371 2602 2504 2664 sint,
2523 2601 2672 2657 salva
2702 2598 3237 2672 utrinsque'naturae
3265 2603 3431 2674 ipsius
3460 2603 3669 2660 ratione
3693 2602 3762 2657 ⁸⁸.

2173 2691 2590 2758 Geniipantibus
2619 2692 2802 2762 itaque
2835 2693 3194 2749 substantiam
3235 2693 3439 2759 Christi
3476 2704 3534 2750 et
3570 2694 3758 2751 dicen-

2175 2788 2322 2846 tibus
2343 2785 2640 2853 :‘Domine,
2669 2787 2913 2850 Domine,
2944 2785 3092 2859 aperi
3126 2787 3293 2850 nobis,
3319 2787 3469 2854 justo
3496 2803 3759 2862 congrue-

2173 2878 2338 2955 que“
2364 2881 2722 2954 respondetur
2746 2889 2761 2933 ε
2784 2879 2953 2935 ’Δηιεη
2982 2879 3101 2934 dico
3130 2881 3293 2943 nobis,
3323 2881 3498 2935 nescio
3518 2865 3630 2947 eoi,
3659 2880 3765 2938 hoc

2167 2981 2294 3045 est,
2319 2968 2543 3026 intimas
2572 2978 2926 3040 secretasque
2956 2983 3107 3024 meae
3147 2969 3443 3025 divinitatis
3480 2980 3534 3045 et
3573 2971 3762 3025 buma-

2175 3059 2364 3116 nitatis
2389 3059 2632 3132 nuptias,
2649 3055 2788 3130 quas
2817 3058 2952 3114 meis
2981 3058 3271 3130 purissime
3305 3043 3763 3132 intellig'entibus,

486 3154 612 3227 pliei
643 3153 804 3210 modo
833 3152 1056 3224 intelligi
1102 3160 1319 3224 potest:
1347 3160 1440 3206 aut
1465 3152 1613 3206 enim
1639 3150 1890 3222 negative
1920 3149 2075 3220 poni-
2099 3139 2146 3201 C
2177 3151 2494 3223 priusquam
2533 3152 2690 3206 ﬁeret
2728 3152 2960 3206 mundus
2983 3191 2998 3216 ,
3039 3151 3392 3222 praeparari,
3427 3161 3486 3206 et
3524 3139 3593 3207 ad
3627 3167 3765 3226 quas

483 3254 579 3301 .tur
605 3261 690 3311 ne,
718 3255 772 3300 et
795 3243 1131 3315 producitur,
1175 3237 1270 3304 aut
1314 3241 1636 3298 haesitativc
1673 3249 1728 3296 ct
1755 3241 2069 3310 corripitur,
2170 3243 2282 3314 jam
2311 3242 2464 3300 linito
2490 3244 2694 3298 mundo
2724 3243 3029 3308 introduxi,
3062 3243 3276 3299 nescire
3303 3259 3400 3300 vos
3426 3247 3758 3315 permittam.

488 3337 629 3394 sicut
654 3340 707 3394 in
754 3333 892 3393 libro
921 3336 1196 3393 Geneseos
1225 3352 1240 3388 :
1269 3333 1531 3404 Ne-rforte
1569 3333 1814 3389 extendat
1856 3349 2072 3389 manuni
2174 3328 2293 3389 Non
2329 3335 2476 3391 enim
2502 3335 2630 3390 dum
2662 3322 2842 3392 adhuc
2873 3334 2926 3390 in
2954 3351 3124 3391 carne
3156 3337 3372 3392 vixistis
3391 3375 3407 3402 ,
3433 3337 3628 3408 dignos
3659 3351 3762 3392 vos

484 3442 730 3498 suam,¢t
753 3441 926 3504 sumat
957 3431 1022 3486 de
1044 3429 1185 3500 ligno
1215 3429 1368 3484 vitae.
1407 3428 1472 3483 Et
1499 3442 1567 3482 ne
1595 3426 1735 3483 forte
1759 3426 2074 3482 viderentur
2143 3411 2388 3486 'illarnrn
2429 3430 2643 3489 laetitia
2695 3431 3082 3504 praeparastis.
3123 3426 3273 3487 intra
3325 3439 3505 3487 tamen
3544 3440 3762 3486 natura-

479 3522 723 3593 qnadam
793 3502 995 3574 invidia
1051 3518 1368 3573 meritorum
1423 3530 1644 3572 suorum
1697 3523 2073 3587 paupertatem

486 3611 755 3684 impertiri
799 3611 963 3666 fatuis
1001 3610 1259 3674 noluisse,
1304 3610 1638 3680 abnegantes
1674 3607 1880 3674 oleum.
1938 3607 2076 3662 dant

481 3705 819 3770 consilium,
851 3705 1280 3774 respondentes:
1312 3701 1392 3756 Ite
1431 3702 1606 3773 potius
1655 3702 1725 3755 ad
1773 3700 2071 3765 uendentes,

475 3810 531 3850 ιι
563 3798 713 3851 emite
734 3798 896 3860 vobis,
933 3796 1036 3851 hoc
1065 3804 1167 3857 est,
1201 3795 1276 3849 itc
1327 3795 1394 3847 ad
1426 3808 1540 3859 eos,
1567 3793 1658 3865 qui
1686 3793 1995 3848 eximietate
2017 3800 2075 3847 et

489 3885 760 3942 aliinentia
809 3902 1028 3941 suorum
1085 3886 1400 3958 meritorum
1467 3901 1572 3940 non
1630 3884 1804 3940 solum
1853 3881 2074 3941 sibimet

483 3977 780 4049 antiit-iant,
803 3994 995 4035 verum
1023 3978 1187 4033 etiam
1215 3979 1319 4042 his,
1366 3977 1458 4048 qui
1496 3991 1594 4034 eos
1618 3977 1671 4032 in
1704 3979 1809 4033 hac
1837 3975 1946 4032 vita
1975 3976 2074 4033 ho-

482 4064 778 4129 noritiCare
831 4072 1120 4143 poterant,
1177 4081 1401 4142 possent
1456 4070 1717 4141 praebere
1771 4069 2068 4135 auxilium,

487 4162 809 4239 futuraeque
847 4165 1199 4221 beatitudinis
1245 4162 1521 4220 meritum.
1555 4161 1668 4217 Hac
1689 4171 1872 4218 autem
1903 4161 2072 4218 tardi-

481 4267 600 4312 tate
653 4265 709 4313 et
763 4254 1091 4328 negligentia
1143 4256 1458 4326 interposita
1514 4255 1662 4310 venit
1712 4269 1979 4326 sponsus,
2016 4265 2075 4312 et

488 4359 706 4420 paratas
727 4351 980 4422 virgines,
1014 4349 1176 4421 inque
1209 4365 1307 4406 suo
1343 4351 1573 4407 adventu
1599 4358 1822 4405 ornatas
1846 4363 2078 4421 praeoc-

487 4441 726 4510 cupavit,
767 4450 821 4495 et
863 4441 930 4495 ad
978 4456 1107 4496 suas
1149 4439 1718 4511 nuptiasintrodnsit,
1747 4440 1851 4495 hoc
1876 4450 1982 4504 est,
2013 4439 2068 4494 in

486 4548 641 4588 suam
705 4531 1145 4594 dcillcationem,
1205 4548 1310 4601 qna
1367 4528 1791 4600 perfectissimos
1855 4530 2072 4585 animos

489 4621 886 4690 supernaturali
907 4621 1378 4692 contemplationis
1399 4635 1529 4676 suae
1549 4621 1722 4689 gratia
1738 4619 1760 4652 ³
1781 4618 2071 4691 gloriﬁcat,

486 4715 688 4779 ceteris
717 4713 771 4778 in
799 4713 1121 4767 naturalium
1152 4713 1420 4768 bonorum
1469 4712 1802 4784 plenitudine
1847 4712 2072 4779 relictis,

485 4815 540 4858 et
587 4803 981 4875 eveelpitudine
1023 4801 1310 4860 iucl'fabilis
1355 4802 1738 4868 dedicationis,
1771 4818 1932 4873 quam
1975 4820 2068 4860 nec

487 4894 671 4960 oculus
717 4895 866 4959 uidit,
915 4910 1012 4948 nec
1063 4896 1210 4948 auris
1259 4893 1481 4956 audirit,
1521 4909 1612 4947 nec
1639 4895 1696 4949 in
1720 4910 1809 4948 cer
1837 4893 2067 4951 [taminia

2169 3520 2304 3578 lium
2334 3523 2636 3588 bonorum,
2669 3539 2812 3595 quae
2848 3523 2904 3579 in
2935 3521 3090 3579 vobis
3119 3522 3300 3595 creari
3323 3564 3338 3588 ,
3378 3523 3641 3579 terminos
3677 3537 3764 3578 re-

2174 3613 2355 3669 sidere
2391 3627 2490 3669 vos
2527 3615 2788 3670 concedo.
2817 3609 3088 3670 Sinriliier
3114 3615 3414 3685 promittit,
3445 3629 3506 3670 se
3534 3629 3760 3686 respon-

2173 3718 2361 3762 surum
2394 3703 2515 3769 bis,
2553 3705 2647 3778 qui
2676 3704 2730 3761 in
2755 3706 2846 3762 die
2872 3705 3063 3778 judicii
3100 3707 3413 3762 clamabunt
3443 3723 3457 3759 :
3499 3704 3756 3766 Domine.

2171 3795 2426 3862 Domine,
2468 3811 2641 3851 nonne
2673 3796 2730 3850 in
2766 3805 2857 3850 tuo
2895 3795 3109 3850 nomine
3148 3797 3361 3852 virtutes
3397 3794 3592 3864 multas
3629 3793 3760 3865 feri-

2139 3875 2146 3881 ’
2173 3890 2329 3946 mus?
2359 3890 2580 3946 Dicetur
2609 3889 2755 3946 enim
2785 3891 2867 3946 eis
2894 3907 2908 3943 :
2950 3885 3144 3945 Nescio
3176 3905 3283 3953 ros,
3320 3887 3542 3942 recedit:
3569 3904 3600 3941 (ι
3626 3902 3710 3942 me
3735 3905 3756 3952 ;

2170 3989 2230 4037 et
2259 3979 2432 4036 alibi:
2473 3977 2592 4035 Non
2630 3979 2834 4044 omnis,
2872 3979 2963 4050 qui
2995 3978 3122 4033 dicit
3159 3978 3321 4041 mihi,
3360 3975 3608 4042 Domine,
3645 3975 3759 4033 Do-
3793 4011 3828 4016 -ς

2170 4076 2347 4139 utine,
2373 4075 2592 4131 intrabit
2626 4077 2681 4128 in
2721 4090 2935 4145 regnant
2973 4071 3262 4130 caelorum.
3295 4068 3534 4127 Verbum
3575 4062 3760 4141 itaque

2169 4166 2468 4226 adunatnm
2495 4164 2645 4220 carni
2668 4203 2682 4229 ,
2708 4175 2766 4220 et
2790 4178 2919 4220 caro
2944 4161 3184 4219 adunata
3208 4161 3386 4218 Verbo
3414 4161 3466 4216 in
3497 4161 3760 4217 unitatem

2173 4256 2594 4329 inseparabilem
2657 4257 2817 4312 unius
2881 4254 3235 4326 ejusdemque
3289 4252 3626 4309 substantiae
3687 4268 3756 4307 ex

2172 4347 2382 4416 duabus
2428 4345 2672 4412 naturis,
2718 4346 2901 4402 divina
2951 4343 3202 4402 videlicet
3246 4351 3301 4398 et
3339 4342 3608 4406 humana,
3647 4357 3757 4397 non

2174 4439 2311 4496 alios
2350 4419 2577 4509 recipit,
2616 4437 2720 4492 nisi
2758 4454 2891 4501 eos,
2929 4436 3023 4507 qni
3058 4420 3288 4509 simplici
3328 4431 3599 4506 perfectae
3629 4448 3758 4489 con-

2179 4524 2544 4602 templationis
2567 4530 2724 4586 oculo
2748 4531 3009 4585 unitatem
3032 4525 3368 4586 substantiae
3393 4539 3523 4582 suae
3544 4521 3711 4580 intuei
3730 4553 3764 4572 ο

2182 4632 2294 4688 tur,
2322 4621 2394 4678 ita
2421 4630 2553 4676 utet
2578 4621 2739 4675 homo
2765 4619 2818 4675 in
2844 4616 3020 4674 Verbo
3044 4631 3169 4672 vere
3194 4613 3339 4672 ﬁlius
3364 4614 3494 4680 Dei,
3529 4623 3584 4670 et
3621 4613 3757 4670 Ver-

2177 4712 2304 4768 bum
2336 4711 2391 4766 in
2421 4709 2638 4767 homine
2667 4723 2790 4765 vere
2821 4708 2990 4764 Filius
3027 4700 3263 4764 hominis
3281 4707 3489 4776 absque
3513 4705 3620 4759 ulla
3659 4721 3756 4758 nu-

2176 4812 2421 4859 turarnm
2451 4802 2494 4834 “
2525 4799 2992 4861 transmutatione,
3023 4812 3163 4853 unus
3190 4796 3440 4868 idemque
3467 4789 3636 4849 Filius
3662 4791 3756 4847 Dei

2171 4903 2228 4949 et
2260 4890 2492 4949 hominis
2519 4890 2779 4946 Dominus
2815 4898 3000 4944 noster
3025 4885 3185 4942 Jesus
3210 4885 3463 4942 Christus
3490 4881 3756 4954 intelliga-

487 4988 742 5051 asccndit,
788 4986 1044 5044 exclusis.
1093 4982 1159 5040 Et
1206 4988 1308 5042 hoc
1351 4999 1436 5042 eat
1470 4989 1613 5057 quod
1637 4989 1714 5042 ait
1743 5005 1756 5043 :
1789 4987 1854 5042 Et
1882 4990 2066 5045 clausa
2167 4993 2276 5037 tur.
2302 4981 2546 5038 Celerem
2576 4979 2864 5050 parabolae
2890 4976 3374 5048 cxpositiunculam
3397 5015 3411 5038 ,
3435 4974 3587 5044 juxta
3615 4973 3757 5042 quoi

487 5094 562 5141 est
591 5083 790 5155 jamta,
829 5081 1084 5143 introitus
1124 5081 1378 5138 videlicet
1427 5080 1899 5153 contemplationis
1933 5081 2070 5138 divi—
2167 5072 2328 5130 1101)ῖὸ
2375 5072 2550 5126 Visum
2598 5080 2716 5134 εει.
2757 5069 3103 5125 verisimilem
3140 5066 3326 5124 habet
3379 5067 3521 5122 DISC-
3575 5065 3760 5123 “illum

489 5189 589 5229 nae
615 5171 637 5207 ³
660 5173 795 5231 facie
828 5175 894 5229 ad
936 5171 1153 5237 faciem,
1185 5174 1252 5227 ad
1290 5190 1454 5244 quam
1497 5173 1719 5230 incaute
1745 5175 1800 5228 in
1830 5174 1931 5230 hac
1961 5174 2069 5227 vita
2168 5180 2303 5220 sane
2336 5165 2396 5217 ⁸³.
2432 5163 2572 5218 Msa.
2597 5163 2736 5230 Quid
2771 5175 2901 5233 ergo
2943 5171 3141 5224 restat,
3175 5169 3236 5214 et
3273 5160 3435 5212 tinem
3470 5158 3617 5227 operi
3658 5157 3757 5211 im-

487 5243 2074 5333 viventes,oleumqucactionisetscientiaeinrationissuac
2172 5258 2320 5329 pedit
2371 5255 2697 5326 imponere?
2750 5253 2896 5308 Disc.
2958 5251 3099 5308 Nihil
3139 5243 3398 5313 video",
3439 5249 3540 5303 nisi
3582 5259 3638 5304 ut
3679 5262 3756 5300 tn-

485 5351 828 5423 rcccptacula
860 5365 967 5407 non
1015 5349 1380 5421 infundentes,
1406 5352 1619 5409 etiamsi
1653 5351 2076 5416 clamaverlnt‘,‘
2177 5350 2283 5404 tius
2332 5347 2514 5418 operis
2551 5345 2838 5411 materiae,
2887 5345 2990 5400 hoc
3022 5354 3127 5409 est,
3168 5343 3493 5411 universalis
3529 5335 3756 5396 naturae

1774 5463 2030 5521 V'ARIAE
2067 5462 2469 5520 LECTIONES.

562 5577 579 5609 ‘
613 5575 656 5632 F
681 5579 750 5632 ab
779 5579 1013 5650 omnium
1034 5575 1279 5650 scientia.
1341 5579 1363 5611 ‘
1388 5578 1432 5650 ᾼ
1459 5574 1646 5650 gloria.
1699 5576 1734 5650 _’
1755 5575 2019 5650 Adiuinne
2040 5575 2516 5650 contnnplntionis:
2561 5575 2590 5650 f
2623 5573 3063 5650 i'“rla_niorr_runt.
3124 5572 3162 5650 ,ἦ
3250 5570 3414 5632 bonis.
3478 5567 3551 5619 ιιι
3579 5567 3750 5618 nimis.

493 5643 1022 5720 ’Afespondrbit'ur.
1096 5642 1754 5720 °Acarnnlisopinionis.
1829 5649 1858 5720 ⁵7
1878 5663 2039 5720 unum
2079 5649 2139 5703 et
2189 5642 2297 5703 om.
2335 5647 2398 5699 Α.
2477 5645 2589 5698 “A
2644 5645 3045 5714 significatione.
3124 5643 3162 5674 ¹¹
3194 5642 3240 5696 Α
3291 5650 3751 5710 congruenterque.

565 5716 608 5749 ³³
635 5716 1089 5774 Aci-saturarum.
1167 5718 1212 5749 “
1239 5719 1283 5774 Α
1317 5716 1514 5788 pinus,
1567 5719 1610 5750 “
1645 5721 1688 5774 Α
1725 5729 1778 5772 at
1815 5718 1990 5772 video.
