4210 6234
340 373 345 378 ν
422 302 572 361 tota

1778 283 2067 346 JOANNIS
2105 283 2305 343 SCOTI

3558 270 3703 332 ωὶο

422 412 709 475 divisionis
784 374 1177 482 aliquantulam
1253 405 1695 481 ἀνακεφαλαίωσιν·
1734 385 2013 478 subjicias.
2044 408 2094 466 Α
2119 401 2268 479 nium
2295 401 2705 474 dispositionem
2725 397 3023 472 perturbet.
3063 395 3135 452 Et
3156 405 3280 466 post
3314 394 3705 467 quadrifariam

493 507 585 564 59.
613 505 754 564 Μω.
780 500 1215 574 Quadrit‘ormem
1243 497 1567 554 universalis
1593 506 1848 563 naturae,
1874 508 2016 568 quae

425 599 481 657 in
510 599 622 655 Deo
650 606 708 654 et
740 603 994 653 creatura
1020 589 1357 663 intelligitur,
1396 589 1631 649 fecimus
1664 589 2012 646 divisionem.

426 694 597 765 Cujus
621 691 797 762 prima
834 687 1048 757 species
1079 693 1200 752 est,
1235 698 1377 755 quae
1412 690 1664 741 naturam
1695 680 2019 740 creatrieem

426 793 484 840 ct
506 798 615 844 non
637 775 1172 845 creatam,secunda.
1197 788 1337 846 quae
1357 783 1604 830 naturam
1623 782 1679 829 et
1704 782 1945 829 creatam
1966 780 2022 828 et

426 874 781 939 creatricem,
810 868 968 927 tertia
986 906 1005 934 ,
1032 882 1177 948 quae
1205 873 1447 923 creatam
1471 873 1661 922 etnon
1708 871 2021 929 creautem,

426 952 657 1039 quam,
686 977 829 1036 quae
856 976 1035 1034 neque
1061 967 1306 1033 creatam
1332 972 1512 1028 neque
1535 954 1860 1033 creatricem
1885 966 2021 1010 eon-

428 1056 632 1114 siderat
659 1062 821 1125 atque
847 1048 1127 1107 discernit.
1164 1046 1445 1119 Etprima
1482 1045 1704 1117 quidem
1742 1052 1801 1100 et
1823 1051 2022 1114 quarta

430 1145 607 1202 forma
658 1143 727 1200 de
782 1142 898 1199 Deo
948 1139 1286 1197 solummodo
1321 1137 1694 1209 praedicatur,
1733 1152 1842 1193 non
1879 1134 2023 1207 quod

431 1237 603 1308 ipsius
647 1246 881 1299 natura,
929 1246 1072 1305 quae
1114 1230 1345 1302 simplex
1383 1239 1439 1285 et
1467 1228 1756 1300 plusquam
1791 1226 2025 1298 simplex

428 1342 545 1392 est,
577 1329 796 1384 dividua
825 1326 897 1385 sit
916 1366 932 1390 ,
962 1323 1058 1381 sed
1086 1322 1235 1394 quod
1260 1320 1494 1392 duplicis
1523 1318 1768 1377 tbeoriae
1799 1318 2023 1375 modum

435 1420 647 1490 recipit.
682 1418 822 1473 Dum
849 1417 996 1473 enim
1027 1415 1201 1486 ipsam
1231 1426 1355 1469 esse
1382 1424 1566 1467 rerum
1594 1408 1837 1465 omnium
1868 1405 2045 1483 prin-3

353 1508 359 1515 ’
432 1514 634 1584 cipium
662 1520 718 1568 et
744 1523 965 1566 causam
997 1506 1237 1571 intueor,
1261 1503 1507 1581 occurrit
1535 1500 1670 1558 mihi
1698 1514 1830 1556 vera
1860 1498 2023 1564 ratio,

435 1624 578 1683 quae
617 1606 941 1663 ﬁducialiter
975 1600 1256 1674 suggerit,
1296 1598 1540 1656 divinam
1570 1595 1863 1653 essentiam
1888 1631 1907 1660 ,
1941 1588 2031 1648 vel

435 1700 800 1759 substantiam
821 1735 838 1761 ,
868 1694 1206 1770 bonitatem,
1233 1690 1526 1754 virtutem,
1553 1683 1874 1757 sapientiam
1892 1723 1910 1751 ,
1933 1695 2027 1739 ce-

2117 494 2444 551 universalis
2480 501 2706 551 naturae
2730 490 2995 550 theoriam
3036 491 3091 547 in
3130 488 3429 562 praedictis
3443 495 3708 561 quattuor

2102 585 2423 655 speciebus,
2463 597 2695 655 quarum
2743 582 2883 639 duas
2927 580 3147 652 quidem
3182 579 3238 637 in
3281 578 3465 636 divina
3509 564 3711 635 natura

2115 682 2341 744 propter
2370 674 2636 730 rationem
2678 670 2925 747 principii
2969 678 3026 727 et
3058 669 3202 736 linis,
3232 670 3372 725 duas
3416 668 3475 725 in
3516 676 3710 725 natura

2119 764 2353 827 condita,
2408 765 2617 820 ratione
2662 762 2913 819 videlicet
2959 775 3249 817 causarum
3295 768 3350 817 et
3396 756 3709 829 effectuum,
3750 790 3755 795 ~

2118 854 2467 926 contemplati
2492 868 2704 918 sumus,
2732 852 2908 908 visum
2929 859 3017 907 est
3048 849 3229 926 nobis,
3263 848 3525 920 quaedam
3550 846 3709 905 tlteo-

2119 941 2232 997 rias
2259 942 2326 998 de
2338 922 2530 1000 reditu
2553 941 2845 999 elfectuum
2874 941 2931 998 in
2958 922 3172 1007 cautas,
3199 941 3305 998 hoc
3330 938 3520 1007 eat,in
3545 938 3710 997 ratio-

2123 1047 2243 1098 nes,
2270 1033 2329 1088 in
2352 1032 2548 1105 quibus
2571 1030 2904 1096 subsistunt,
2929 1029 3277 1102 subiungere.
3315 1026 3483 1101 Carius
3510 1028 3710 1088 iterum
3778 1077 3785 1081 .

2121 1127 2330 1197 reditus
2372 1123 2571 1198 triplex
2608 1123 2935 1181 occurrebat
2974 1121 3187 1179 modus.
3217 1120 3459 1190 Quorum
3505 1119 3715 1191 primus

2123 1217 2343 1289 quidem
2370 1216 2699 1289 generaliter
2720 1215 2777 1273 in
2806 1213 3257 1275 transmutatione
3283 1212 3454 1270 totius
3474 1210 3713 1277 sensibiv

2124 1308 2194 1366 lis
2220 1318 2530 1375 creaturae,
2562 1321 2703 1380 quae
2728 1307 2870 1363 intra
2899 1297 3061 1376 huius
3081 1305 3266 1363 mundi
3291 1304 3561 1371 ambitum,
3579 1318 3715 1361 conv

2126 1400 2351 1469 tinetur,
2383 1400 2489 1458 hoc
2532 1410 2639 1468 eat,
2685 1400 2928 1456 ominum
2966 1398 3292 1470 corporum,
3323 1412 3421 1456 seu
3464 1395 3717 1453 sensibus

2126 1496 2403 1569 corporeis
2444 1493 2935 1561 succumbentlum,
2981 1510 3079 1551 seu
3105 1508 3208 1551 eos
3242 1507 3375 1564 prae
3421 1490 3591 1549 nimia
3626 1488 3716 1548 sui

2126 1587 2426 1649 subtilitate
2470 1587 2815 1662 fugientium,
2842 1585 3220 1644 consideratur
3238 1586 3284 1653 τ,
3309 1584 3387 1642 ita
3414 1591 3483 1641 ut
3504 1570 3724 1645 nullum

2126 1693 2328 1752 corpus
2348 1680 2421 1736 sit
2446 1679 2591 1754 intra
2621 1686 2829 1735 textum
2853 1691 3150 1757 corporeae
3176 1684 3407 1733 naturae
3428 1714 3446 1740 ,
3490 1675 3605 1733 sive
3628 1674 3712 1730 vi:-

441 1802 700 1863 teraque,
730 1802 871 1861 quae
895 1787 963 1843 de
989 1786 1103 1841 Deo
1126 1765 1534 1857 praedicantur,
1564 1793 1597 1834 a
1635 1776 1782 1832 nullo
1809 1775 2023 1841 creari,
2052 1780 2103 1842 Β
2131 1770 2225 1827 tali
2256 1777 2405 1826 motu
2432 1765 2791 1831 solummodo,
2816 1782 2913 1824 seu
2947 1766 3179 1834 occulte,
3208 1780 3304 1822 seu
3332 1771 3521 1836 aperte
3547 1776 3715 1836 ηιμ..

437 1883 568 1954 quia
619 1880 861 1936 divinam
912 1884 1166 1931 naturam
1217 1871 1353 1928 nihil
1402 1868 1656 1940 superius
1708 1863 2027 1954 praecedit;

439 1972 625 2030 omnia
653 1980 835 2025 autem
859 2008 873 2033 ,
904 1980 1044 2037 quae
1068 1972 1197 2021 sunt
1221 1970 1277 2016 et
1307 1974 1450 2031 tntae
1483 1972 1592 2014 non
1629 1963 1786 2020 sunt,
1822 1953 1893 2010 ab
1928 1967 1991 2008 ea
2012 1992 2027 2017 ,

441 2073 498 2119 et
522 2045 620 2135 per
648 2076 772 2116 eam
793 2101 809 2125 ,
836 2068 890 2114 et
921 2058 979 2112 in
1007 2071 1103 2118 ea,
1136 2063 1192 2109 et
1225 2052 1295 2107 ad
1324 2065 1447 2109 eam
1486 2045 1689 2106 creari.
1731 2045 1870 2099 Dum
1905 2057 2034 2100 vero

442 2134 674 2210 eandem
719 2165 841 2207 esse
883 2149 1051 2204 finem
1080 2144 1339 2202 Omnium
1384 2134 2035 2210 intransgressibilemque

444 2244 772 2304 terminum,
806 2254 967 2312 quem
1005 2235 1193 2300 omnia
1238 2240 1533 2303 appetunt,
1560 2236 1616 2284 ct
1649 2227 1704 2284 in
1746 2240 1855 2297 quo
1894 2225 2036 2281 litui-

444 2345 556 2393 tem
604 2342 783 2393 metus
833 2331 916 2386 sui
970 2324 1234 2382 naturalis
1286 2320 1662 2384 constituunt,
1719 2315 2033 2386 conspicor,

446 2421 697 2486 invenio,
723 2435 845 2475 eam
867 2430 1043 2486 neque
1066 2421 1310 2470 creatam
1337 2425 1492 2475 esse,
1525 2421 1701 2487 neque
1730 2414 2035 2462 crcantem.

445 2516 491 2573 Δ
521 2512 669 2568 nullo
694 2509 962 2582 siquidem
987 2504 1165 2561 creari
1187 2509 1367 2575 petest
1396 2507 1614 2563 natura,
1644 2509 1781 2565 quae
1803 2508 1834 2548 a
1862 2492 2039 2563 seipsa

449 2614 556 2662 cst.
588 2601 773 2672 Neque
806 2596 1009 2668 aliquid
1035 2603 1213 2650 creat.-
1235 2591 1371 2647 Cum
1399 2590 1549 2644 enim
1572 2586 1778 2647 omnia,
1804 2599 1946 2656 quae
1970 2584 2040 2639 ab

450 2698 567 2770 ipsa
600 2711 698 2766 per
725 2690 1134 2765 generationem
1167 2681 1559 2755 intelligibilem
1589 2694 1685 2735 seu
1722 2676 2040 2734 sensibilcm

450 2766 836 2860 processerunt
858 2781 896 2845 ³,
915 2774 1150 2834 mirabili
1200 2775 1435 2845 quadam
1457 2779 1513 2825 et
1534 2766 1791 2823 ineli‘abili
1818 2780 2044 2838 regene-

453 2880 665 2937 ratione
689 2887 975 2932 reversura
995 2869 1106 2926 sint
1134 2868 1200 2923 ad
1224 2881 1380 2930 eam,
1408 2873 1465 2920 et
1489 2863 1544 2919 in
1574 2876 1638 2916 ea
1666 2862 1851 2918 omnia
1880 2866 2044 2915 erunt

452 2975 669 3044 quieta,
699 2946 958 3040 quoniam
988 2964 1216 3020 ulterius
1243 2960 1378 3015 nihil
1408 2960 1477 3015 ab
1505 2973 1570 3014 ea
1599 2972 1698 3029 per
1731 2956 2044 3036 generatio-

456 3078 581 3119 nem
636 3057 923 3133 prolluet',
966 3054 1105 3111 nihil
1140 3054 1337 3123 dicitur
1391 3064 1596 3106 creare.
1638 3048 1777 3115 Quid
1847 3046 1991 3102 enim
2020 3044 2042 3077 ³

2130 1868 2326 1926 tatem,
2363 1873 2460 1916 seu
2508 1859 2866 1916 irrationabili
2917 1860 3100 1915 anima
3143 1872 3515 1928 corporeoque
3553 1872 3715 1929 sensu

2126 1952 2357 2028 pollens,
2388 1954 2531 2025 quod
2559 1967 2668 2009 non
2707 1953 2761 2009 in
2781 1967 2910 2010 suas
2931 1952 3173 2010 occultas
3209 1967 3411 2011 causas
3432 1956 3454 1985 '
3482 1960 3717 2009 reverta-

2131 2052 2223 2102 tur
2241 2059 2337 2117 per
2371 2045 2517 2100 vitae
2558 2059 2690 2101 suae
2732 2045 3080 2100 medietatem
3104 2045 3163 2112 ἰ
3195 2044 3265 2099 ad
3307 2043 3542 2100 nihilum
3569 2042 3715 2099 enim

2131 2134 2271 2191 nihil
2302 2135 2346 2212 ἐξ
2376 2135 2650 2208 redigetur
2677 2137 2732 2191 in
2758 2135 2866 2201 his,
2886 2148 3026 2206 quae
3050 2132 3475 2191 substantialiter
3503 2148 3535 2188 a
3557 2139 3717 2193 causa

2131 2211 2377 2285 omnium
2402 2229 2694 2287 substitute
2728 2236 2877 2284 sunt.
2908 2227 3191 2287 Secondus
3215 2241 3347 2284 vero
3365 2211 3560 2297 modus
3593 2237 3722 2283 suae

2136 2320 2526 2395 speculationis
2550 2321 2757 2377 obtinet
2784 2321 2969 2378 sedem
2994 2320 3050 2376 in
3076 2319 3251 2376 reditu
3282 2318 3528 2394 generali
3559 2314 3724 2374 totius

2138 2410 2408 2469 humanae
2432 2421 2664 2467 naturae
2707 2412 2769 2467 in
2807 2410 3031 2469 Christo
3067 2409 3309 2466 salvatus
3353 2408 3407 2465 in
3437 2408 3723 2479 pristinum
3825 2448 3832 2453 .

2138 2515 2275 2558 suae
2294 2500 2627 2559 conditionis
2647 2506 2870 2565 statum.
2901 2514 2966 2559 ac
2994 2499 3161 2557 veluti
3185 2500 3243 2555 lu
3263 2499 3536 2571 quendam
3563 2510 3723 2567 para-

2140 2591 2321 2649 disum
2351 2593 2405 2651 in
2428 2592 2649 2650 divinae
2673 2593 2927 2667 imaginis
2950 2591 3288 2666 dignitatem,
3321 2589 3518 2648 merito
3544 2589 3723 2652 unius,

2139 2680 2298 2751 cuius
2318 2683 2538 2755 sanguis
2567 2683 2928 2740 communiter
2953 2697 3057 2754 pro
3080 2681 3256 2739 salute
3281 2680 3449 2739 totius
3471 2681 3725 2736 humani-

2140 2773 2274 2830 tatis
2313 2771 2470 2829 fusus
2512 2781 2595 2828 est
2619 2807 2635 2840 ,
2685 2772 2851 2829 itaut
2884 2787 3046 2831 nemo
3072 2772 3370 2851 hominum
3393 2770 3729 2829 naturalibus

2126 2865 2317 2927 "bonis,
2351 2864 2406 2921 in
2451 2864 2653 2937 quibus
2693 2866 2942 2924 conditus
2983 2873 3094 2927 est,
3124 2864 3399 2936 privetur,
3448 2865 3566 2922 sive
3591 2863 3731 2922 bene

2142 2955 2258 3018 sive
2282 2955 2422 3011 male
2447 2956 2503 3017 in
2532 2956 2638 3011 hac
2664 2955 2780 3011 vita
2804 2954 3023 3011 vixerit.
3052 2954 3131 3011 Ac
3157 2954 3239 3013 sic
3272 2952 3488 3011 divinae
3515 2953 3733 3011 bonita-

2145 3047 2217 3105 tis
2242 3055 2300 3102 et
2316 3045 2585 3120 largitatis
2611 3045 2898 3105 ineffabilia
2932 3054 2991 3102 et
3026 3044 3592 3118 incomprehensibilis
3625 3042 3730 3100 dil-

455 3126 702 3217 creabi-t,
741 3151 870 3207 dum
910 3148 1029 3218 ipsa
1063 3145 1246 3201 (illiilla
1283 3144 1334 3198 in
1372 3141 1627 3198 ontnibus
1661 3138 1854 3203 fuerit,
1894 3146 1952 3194 et
1988 3137 2042 3192 in
2066 3131 2118 3200 Ο
2145 3135 2287 3193 fusio
2312 3137 2368 3193 in
2394 3151 2615 3195 omnem
2657 3126 2950 3195 humanam
2978 3146 3231 3212 naturam
3272 3135 3577 3209 apparebit,
3602 3135 3729 3191 du‘in

458 3236 609 3307 nullo
645 3243 751 3300 nisi
779 3249 895 3314 ipsa
920 3235 1251 3312 apparebit?
1280 3235 1357 3292 De
1386 3232 1597 3289 duabus
1633 3240 1820 3293 autem
1849 3229 2045 3287 mediis

458 3337 655 3397 formis
683 3337 740 3391 in
758 3330 1150 3432 superioribus
1176 3324 1311 3382 satis
1335 3332 1660 3389 estactum,
1689 3330 2047 3393 prompteque

458 3446 556 3491 eas
592 3414 983 3501 quaerentibus
1022 3420 1185 3478 claro
1211 3417 1417 3475 lumine
1450 3414 1819 3494 circumfusae
1856 3428 2047 3470 occur-

460 3533 606 3582 runt.
638 3520 753 3580 Una
777 3519 924 3579 enim
954 3517 1011 3572 in
1035 3513 1214 3573 causis
1241 3512 1568 3587 perspicitur
1587 3507 2044 3581 pritnordialibus,

460 3617 632 3675 altera
669 3613 724 3670 in
761 3624 1050 3669 causarum
1084 3604 1389 3667 effectibus.
1427 3601 1496 3658 Et
1526 3615 1590 3656 ea
1622 3601 1840 3673 quidem
1861 3640 1878 3665 ,
1908 3611 2050 3670 quae

461 3711 519 3769 in
548 3705 729 3766 causis
755 3699 1131 3762 constituitur,
1156 3697 1213 3754 in
1239 3694 1518 3769 unigenito
1545 3692 1639 3749 Dei
1663 3690 1804 3749 Filio
1821 3729 1837 3757 ,
1864 3689 1919 3748 in
1942 3703 2050 3761 quo

460 3809 520 3857 et
544 3813 645 3871 per
670 3780 829 3868 quem
854 3790 1038 3848 omnia
1076 3788 1220 3845 faeta
1254 3793 1417 3848 sunt,
1460 3790 1697 3847 creatur,
1735 3789 1794 3837 et
1825 3781 2047 3849 omnia,

464 3869 605 3963 quae
621 3876 701 3943 "ab
728 3900 793 3941 ea
818 3878 1092 3954 proﬂuunt
1109 3917 1137 3943 ,μ
1153 3878 1257 3932 hoc
1279 3880 1367 3930 est
1384 3913 1400 3938 ,
1426 3869 1871 3943 omnesel'fectus
1898 3886 2050 3937 suos,

465 3961 582 4037 sive
618 3968 988 4045 intelligibilcs
1021 3968 1137 4023 sive
1175 3962 1463 4024 sensibiles
1493 4001 1510 4027 ,
1544 3969 1718 4018 creat.
1759 3961 1841 4018 Ea
1873 3975 2006 4017 vero
2030 4001 2048 4027 ,

470 4068 707 4157 (piae
744 4062 1033 4121 effectibus
1069 4068 1361 4117 causarum
1394 4052 1693 4112 substituta
1749 4062 1838 4112 est
1874 4050 1923 4120 ⁸,
1953 4060 2061 4111 so-.-‘

467 4144 747 4219 lumfnrodo
776 4171 808 4212 a
833 4152 1016 4212 causis
1044 4149 1160 4207 suis
1185 4154 1425 4212 creatur,
1464 4144 1601 4203 nihil
1640 4151 1824 4202 autem
1861 4152 2048 4209 creat,

468 4254 597 4328 quia
627 4249 842 4307 nihilin
872 4256 1070 4301 natura
1093 4256 1275 4297 rerum
1293 4236 1520 4294 inferius
1535 4245 1620 4293 est
1642 4235 1797 4321 ipsa;
1823 4235 2055 4306 ideoque

469 4324 709 4403 maxime
738 4340 793 4395 in
823 4337 987 4392 rebus
1010 4328 1362 4389 sensibilibus
1394 4327 1644 4383 ordinata
1669 4335 1772 4382 est.
1813 4324 1926 4381 Nec
1956 4325 2056 4382 ob-

469 4441 610 4499 stat,
636 4428 782 4503 quod
808 4423 994 4497 angeli
1015 4420 1101 4479 vel
1126 4417 1406 4483 homines,
1440 4414 1556 4473 sive
1580 4408 1707 4471 boni
1758 4413 1866 4470 sint
1896 4413 1917 4446 '
1940 4412 2056 4469 sive
2096 4452 2099 4457 ς

2146 3226 2205 3285 in
2230 3226 2380 3285 nullo
2408 3228 2652 3299 punitur,
2682 3227 2825 3298 quod
2869 3241 2900 3282 a
2937 3240 3151 3285 summo
3177 3226 3324 3284 bono
3365 3235 3567 3284 manat.
3599 3226 3736 3283 Ter-

2149 3315 2259 3375 tius
2287 3316 2355 3374 de
2380 3315 2575 3399 reditu
2610 3316 2854 3376 theoriae
2894 3316 3087 3375 modus
3124 3325 3376 3373 versatur
3402 3314 3459 3373 in
3486 3316 3593 3382 his,
3624 3317 3732 3397 qui

2146 3423 2259 3467 non
2283 3394 2459 3464 solum
2487 3408 2543 3467 in
2566 3407 2952 3467 sublimitatem
2972 3416 3202 3465 naturae
3226 3407 3281 3464 in
3306 3407 3390 3465 eis
3408 3394 3733 3467 substitutae

2148 3498 2454 3567 escensuri,
2497 3513 2689 3555 verum
2733 3496 2896 3554 etiam
2942 3511 3042 3569 per
3084 3497 3472 3555 abundantiam
3516 3496 3735 3555 divinae

2149 3589 2378 3664 gratiae,
2404 3603 2543 3660 quae
2567 3602 2665 3661 per
2692 3587 2965 3645 Christum
2993 3596 3052 3645 et
3080 3586 3136 3644 in
3161 3586 3382 3647 Christo
3405 3584 3592 3643 electis
3617 3585 3733 3657 suis

2154 3684 2425 3750 tradetur,
2460 3696 2626 3755 supra
2670 3695 2861 3739 omnes
2904 3688 3131 3737 naturae
3175 3676 3324 3752 leges
3362 3692 3429 3735 ac
3473 3677 3737 3734 terminos

2151 3775 2682 3847 superessentialiter
2724 3772 2784 3832 in
2829 3772 3007 3847 ipsum
3051 3771 3223 3830 Deum
3261 3769 3539 3832 transituri
3560 3779 3735 3839 sunt,

2146 3879 2432 3938 unumque
2456 3865 2517 3924 in
2537 3866 2656 3939 ipso
2687 3872 2744 3920 et
2769 3880 2895 3921 cum
2916 3865 3035 3936 ipso
3051 3860 3244 3920 futuri.
3269 3861 3512 3931 Quorum
3542 3874 3736 3920 recur-

2154 3958 2241 4016 sio
2262 3955 2429 4015 veluti
2455 3969 2554 4031 per
2576 3956 2619 3989 “
2641 3955 2905 4027 quosdam
2926 3954 3128 4030 gradus
3154 3961 3369 4025 septem
3383 3953 3734 4018 discernitur.

2154 4047 2236 4104 Ac
2260 4048 2469 4120 primus
2509 4046 2617 4105 erit
2645 4045 2878 4105 mutatio
2902 4045 3103 4103 terreni
3137 4045 3384 4119 corporis
3428 4043 3484 4101 in
3529 4052 3736 4102 motum

2156 4139 2406 4205 vitalem;
2436 4135 2707 4198 secundus
2735 4135 2914 4193 vitalis
2958 4142 3135 4191 motus
3161 4135 3217 4190 in
3250 4149 3505 4200 sensum;
3541 4133 3738 4190 tertius

2156 4244 2349 4288 sensus
2378 4229 2431 4284 in
2458 4228 2758 4296 rationem;
2788 4227 2987 4284 dehinc
3021 4226 3251 4283 rationis
3274 4226 3330 4282 in
3365 4225 3604 4290 animum
3630 4264 3648 4291 ,
3680 4225 3737 4283 in

2156 4337 2266 4394 quo
2286 4320 2407 4376 ﬁnis
2427 4321 2593 4377 totius
2614 4317 2896 4379 rationalis
2913 4327 3198 4375 creaturae
3215 4317 3586 4382 consumitur.
3606 4315 3741 4375 Post

2160 4414 2300 4472 hanc
2322 4412 2632 4484 quinariam
2652 4412 2697 4451 υ
2728 4411 2896 4469 veluti
2921 4411 2966 4443 ¹⁸
2988 4410 3225 4483 partium
3250 4418 3468 4468 nostrae
3510 4420 3757 4469 naturae

470 4525 632 4589 mali,
653 4499 878 4591 aliquod
904 4527 1103 4570 novum
1126 4506 1486 4578 humanisque
1512 4505 1700 4563 usibus
1723 4503 2055 4578 incognitum
2078 4501 2135 4563 D
2158 4504 2539 4565 adunationem
2563 4542 2580 4569 ,
2621 4503 2869 4573 corporis
2907 4501 3188 4569 videlicet,
3228 4510 3289 4558 et
3328 4499 3510 4558 vitalis
3536 4510 3735 4564 motus.

471 4621 528 4678 in
565 4620 671 4675 hoc
713 4610 921 4671 mundo
961 4618 1127 4677 saepe
1170 4608 1435 4675 putantur
1483 4611 1706 4662 creare,
1750 4598 1887 4660 dum
1920 4593 2061 4652 nihil

471 4714 697 4770 creant,
751 4701 852 4759 sed
903 4698 974 4757 de
1027 4702 1280 4753 creatura
1336 4686 1640 4751 materiali,
1685 4702 1723 4743 a
1766 4686 1878 4743 Deo
1911 4681 2059 4743 facta

475 4802 532 4857 in
569 4792 853 4852 effectibus
903 4804 1004 4860 per
1037 4798 1234 4842 causas
1258 4781 1306 4847 ⁵,
1340 4779 1545 4852 aliquid
1580 4776 1824 4835 alliciunt
1860 4776 2059 4833 divinis

476 4892 685 4963 legibus
735 4882 1058 4941 obedientes
1107 4886 1166 4933 et
1216 4870 1588 4947 iussionibus,
1632 4870 1682 4928 si
1718 4871 1849 4927 ιιοιιῖ
1888 4880 2057 4934 sum;

477 4982 761 5041 fallacibus
808 4990 936 5031 vero
997 4968 1299 5029 diabolicae
1354 4964 1594 5027 astutiae
1653 4964 2059 5027 machinamen.

480 5078 552 5136 tis
606 5068 863 5129 commoti
915 5072 1079 5135 atque
1132 5059 1342 5131 decep-ti
1366 5097 1383 5126 ,
1434 5056 1482 5114 si
1538 5055 1670 5114 mali
1722 5066 1869 5112 sunt.
1929 5053 2061 5112 Om-

478 5168 568 5224 nia
608 5173 789 5219 tamen
817 5157 1003 5215 divina
1032 5151 1373 5229 providentia
1396 5149 1739 5211 ordinantur,
1768 5156 1829 5202 ut
1854 5145 2058 5210 nullum

480 5255 681 5313 rnalum
729 5252 781 5305 in
812 5260 1006 5305 natura
1054 5260 1233 5301 rerum
1270 5240 1697 5301 substantialiter
1726 5238 2057 5316 inveniatur,

482 5361 581 5403 nec
596 5342 797 5415 aliquid
832 5340 973 5417 quod
1000 5335 1383 5408 rempublicam
1396 5333 1653 5411 civilemq
1685 5345 1720 5387 e
1742 5344 1921 5387 rerum
1941 5344 2072 5388 ont—~

2158 4610 2475 4666 sensusque,
2488 4596 2840 4666 rationisque,
2858 4594 3282 4664 intellectustme,
3297 4592 3372 4648 ita
3384 4600 3445 4647 ut
3456 4607 3561 4649 non
3575 4589 3737 4664 quin-

2156 4701 2287 4761 que,
2315 4687 2412 4743 sed
2443 4702 2611 4743 unum
2638 4686 2769 4754 sint,
2803 4686 3153 4744 inferioribus
3177 4698 3391 4759 semper
3416 4699 3450 4741 a
3488 4682 3736 4755 superioo.

2160 4779 2312 4839 ribus
2336 4777 2759 4842 consummatis,
2804 4787 2999 4835 nonut
3038 4792 3147 4837 non
3175 4776 3306 4841 sint.
3329 4777 3425 4832 sed
3470 4781 3531 4847 ut
3570 4773 3737 4830 unum

2157 4874 2290 4941 sint,
2313 4880 2608 4945 sequemur
2636 4868 2729 4931 alii
2758 4877 2870 4927 tres
2897 4866 3233 4925 ascensionis
3255 4866 3478 4939 gradus,
3504 4876 3736 4935 quorum

2161 4983 2306 5027 unus
2330 4967 2593 5025 transitus
2635 4964 2802 5020 animi
2845 4963 2897 5018 in
2941 4961 3226 5026 scientiam
3272 4954 3547 5023 Omnium,
3596 4971 3741 5029 quae

2162 5066 2289 5132 post
2315 5057 2487 5113 Deum
2526 5064 2677 5119 sunt,
2710 5056 2978 5111 secundus
3002 5046 3269 5110 scientiae
3313 5052 3368 5108 in
3396 5049 3738 5124 sapientiam,

2166 5149 2271 5211 hoc
2293 5155 2397 5213 est,
2426 5145 2932 5217 contemplationem
2978 5144 3227 5201 intimam
3262 5142 3531 5208 veritatis,
3570 5154 3742 5217 quan-

2170 5242 2279 5296 tum
2307 5247 2589 5295 creamrac
2633 5235 2966 5301 conceditur,
3018 5235 3229 5300 tertius,
3256 5235 3352 5306 qui
3386 5242 3444 5289 et
3476 5242 3738 5296 stimulus.

2166 5326 2670 5399 purgatissimarum
2697 5326 3004 5385 animorum
3042 5324 3099 5381 in
3128 5325 3312 5397 ipsum
3349 5324 3518 5382 Deum
3554 5337 3744 5397 super-

1729 5444 1995 5504 ’νΑΒιΑε
2032 5439 2436 5504 ΙιΕΩἸΊΟΝΕΒ.

559 5581 569 5606 ³
608 5579 652 5629 Λ
689 5578 1064 5641 ρτυςιεέςδειευιζ.Δ
1127 5568 1148 5599 ⁸
1187 5566 1233 5622 Α
1259 5564 1494 5641 profluit.
1568 5562 1590 5593 ³
1618 5561 1757 5616 enim
1783 5542 1893 5641 om.
1922 5560 1989 5615 Δ.
2050 5558 2087 5641 ,⁵
2113 5566 2189 5615 est
2212 5569 2325 5639 oin.
2356 5551 2422 5608 It.
2502 5551 2524 5582 ⁸
2551 5548 2898 5641 εἰιιιΔᾳῐξι.¹Α.
2972 5548 2996 5581 ⁸
3024 5548 3079 5602 in
3115 5544 3741 5641 ’e/I'ecl‘ibusg'erﬁiansfs

483 5613 1696 5705 om.'Itf"i'X'EéiiiiitemiquI"Visam;
1723 5613 1972 5705 occultus.
2050 5631 2073 5664 ν
2102 5613 2353 5699 perlutae
2394 5638 2524 5677 suae
2581 5621 2908 5676 medietatem
2949 5633 3060 5674 om.
3106 5613 3174 5671 AC
3235 5615 3297 5648 "°
3330 5613 3465 5671 nihil
3508 5628 3620 5671 om.
3670 5617 3737 5673 Α.

561 5727 603 5759 ³⁸
631 5724 678 5779 Α
715 5732 847 5780 vast.
924 5722 967 5753 “
992 5717 1147 5786 (Ioui.
1176 5719 1223 5772 Α
1258 5717 1503 5785 quinque,
1537 5712 1578 5768 F
1606 5699 1791 5782 quin-it.
1872 5709 1916 5741 ¹³
1941 5711 1983 5765 A
2023 5708 2184 5764 veluti
2211 5707 2458 5782 quinque.
