4210 6260
336 351 490 440 tesi

949 381 958 392 -
1019 369 1264 438 VEBSIO
1303 361 1588 426 OPEitL'M
1624 363 1682 421 s.
1727 352 2044 421 DtONYSfI.
2077 389 2148 401 .-
2167 356 2552 416 caucasus
2578 309 2973 416 matricum.

3485 334 3625 414 «οδε

349 510 496 560 eam,
533 491 819 548 occultius.
876 487 1286 559 Principatuum
1324 471 1505 542 autem
1549 493 1608 538 et
1634 482 1946 548 Arcltangc-
1977 485 2022 538 Α
2055 490 2176 530 sum
2203 475 2498 531 secundum
2539 475 2774 530 visiones
2801 473 3274 532 distribututnest.
3297 477 3350 524 et
3375 473 3624 542 gentibus

339 587 524 642 “lorum
551 596 608 640 et
651 581 979 654 Angelnrum
1027 577 1483 636 manifestativam
1529 574 1936 647 dispositionem

353 675 620 734 humanis‘
659 673 1086 742 lerarchiis-per
1121 669 1561 740 consequentiam
1601 667 1938 740 praecipere,

353 751 416 823 ut
441 768 511 822 sit
532 781 629 838 per
670 765 916 822 ordinem
957 763 1024 820 ad
1053 765 1224 822 Deum
1255 761 1520 826 reductio,
1549 769 1606 816 et
1628 761 1936 822 conversio,

350 869 408 915 et
430 857 867 921 communicatio,
899 865 957 913 et
985 856 1185 921 unitas,
1217 864 1455 911 attamen
1483 861 1538 908 et
1566 857 1597 908 a
1630 853 1740 909 Deo
1758 851 1905 908 onmi
1922 881 1937 892 -

349 949 458 1012 bus
521 948 812 1004 Icrarchiis
878 949 1082 1018 optime
1129 947 1322 1024 indita,
1384 943 1440 1002 et
1487 945 1940 1002 communicative

352 1039 764 1110 superveniens,
795 1047 850 1094 et
876 1053 1000 1094 cum
1024 1048 1220 1094 ornatu
1247 1035 1615 1094 sacratissimo
1641 1035 1938 1106 processio.

351 1129 484 1184 Inde
512 1123 779 1201 theologia
800 1137 1041 1184 nostram
1062 1127 1393 1184 lerarchiam
1419 1122 1627 1198 angelis
1640 1126 1938 1190 distribuit,

349 1219 650 1291 principem
703 1214 1032 1276 Judaeorum
1080 1218 1262 1291 populi
1307 1217 1538 1275 Michael
1575 1217 1863 1274 nominans
1891 1227 1940 1282 ει,

347 1321 404 1367 et
429 1311 566 1367 alios
593 1310 836 1382 gentium
877 1311 1102 1367 amicos.
1143 1309 1348 1380 Statuit
1369 1307 1515 1364 enim
1545 1307 1945 1367 e‘xcelsus‘ter-

351 1403 528 1458 mitms
551 1403 794 1474 gentium
808 1402 1104 1458 secundum
1127 1416 1412 1464 numerum
1435 1401 1750 1473 angelorum
1778 1400 1871 1456 Dei
1889 1399 1940 1454 δ.

352 1491 410 1546 Si
441 1500 624 1548 autem
649 1492 776 1564 quis
803 1492 1026 1558 dixerit,
1053 1502 1110 1548 et
1141 1493 1415 1564 quomodo
1444 1491 1815 1548 Hebranrutn
1844 1507 1944 1563 po-

350 1583 511 1656 pulus
540 1582 797 1640 reductus
832 1593 921 1641 est
949 1585 1096 1640 solus
1125 1584 1180 1640 iu
1213 1583 1556 1641 thearchicas
1583 1583 1942 1663 illuminatio-

348 1680 481 1744 'nes,
534 1675 995 1749 respondendum,
1053 1677 1181 1749 quia
1237 1692 1346 1734 non
1395 1675 1714 1748 angelorum
1767 1687 1946 1734 ret-tas

347 1767 608 1826 scientias
650 1767 900 1824 accusari
951 1777 1169 1840 oportet
1197 1769 1428 1825 aliarum
1463 1769 1706 1841 gentium
1735 1769 1802 1824 ius
1835 1785 1942 1824 non

2043 567 2150 623 illis
2171 567 2283 624 veri
2327 567 2424 624 Dei
2447 564 2690 629 ministri
2717 567 2885 623 duces
2929 564 3117 620 statuti
3155 573 3304 629 sunt,
3348 564 3604 621 formatio

2040 673 2169 712 num
2196 657 2266 714 ab
2306 656 2517 728 angelis
2557 648 2789 712 visionis
2823 653 3270 722 manifestatione
3289 655 3625 726 angelorum,

2040 747 2300 805 continuo
2319 748 2492 804 sacris
2513 745 2646 824 viris
2666 739 2856 802 Daniel
2874 752 2930 801 et
2955 739 3154 814 lose'ph
3177 757 3244 798 ex
3273 742 3388 800 Deo
3408 757 3507 816 per
3535 761 3632 800 an-

2038 841 2190 914 gelos
2211 839 2450 898 revelata
2475 837 2522 897 ‘.
2547 839 2728 900 Unum
2753 831 2899 894 enim
2919 847 3006 895 est
3028 837 3272 893 omnium
3303 830 3628 910 principium

2040 943 2096 991 et
2115 933 2474 1006 providentia.
2503 932 2571 988 Et
2589 927 2742 990 nullo
2764 929 2928 990 nuntio
2946 921 3370 996 aestimandum,
3397 927 3633 986 Iudaeos

2041 1026 2258 1097 quidem
2279 1023 2522 1100 pleniter
2554 1021 2776 1081 duxisse
2797 1019 3156 1088 divinitatem,
3181 1019 3420 1094 Angelos
3448 1018 3635 1079 autem

2028 1114 2371 1190 specialiter,
2402 1123 2497 1173 aut
2517 1129 2692 1187 aeque
2721 1111 3138 1182 honorabiliter,
3163 1121 3262 1169 aut
3295 1112 3564 1186 oppositis
3587 1113 3632 1176 ⁸,

2041 1214 2136 1262 aut
2159 1206 2301 1264 Deos
2327 1207 2592 1278 quosdam
2631 1205 2838 1263 alteros
2875 1203 3148 1278 imperare
3189 1202 3313 1260 aliis
3340 1204 3633 1278 gentibus:

2043 1297 2140 1352 sed
2168 1303 2225 1351 et
2249 1288 2528 1366 eloquium
2560 1295 2714 1364 illud,
2745 1297 3048 1362 secundum
3089 1295 3264 1369 ipsam
3311 1297 3527 1353 sacram
3557 1297 3638 1352 in-

2045 1386 2399 1460 telligentiam
2415 1387 2818 1459 accipiendum,
2841 1402 2947 1444 non
2971 1395 3029 1442 ut
3044 1387 3316 1458 partiente
3330 1387 3351 1420 ³
3376 1387 3489 1444 Deo
3511 1402 3637 1444 cum

2043 1477 2233 1536 alteris
2256 1478 2363 1535 diis
2400 1489 2494 1534 aut
2537 1475 2746 1550 angelis
2775 1485 3022 1536 nostrum
3061 1478 3351 1543 ducatum,
3385 1486 3441 1533 et
3470 1477 3641 1539 Israel

2045 1569 2102 1625 in
2129 1567 2312 1642 gentis
2355 1567 2722 1642 principatum
2768 1577 2826 1625 ct
2857 1569 3042 1643 gentis
3066 1570 3324 1627 ducatum
3355 1581 3636 1632 contentu,

2044 1661 2140 1717 sed
2167 1667 2230 1716 ιιι
2259 1657 2376 1732 ipsa
2405 1661 2626 1731 quidem
2666 1677 2777 1718 una
2799 1660 2964 1717 simul
2979 1661 3226 1718 omnium
3263 1661 3478 1718 excelsa
3505 1677 3637 1734 pro-

2045 1753 2312 1817 videntia,
2367 1767 2562 1809 onlnes
2615 1753 2867 1809 homines
2921 1753 3237 1811 salutariter
3290 1753 3638 1826 propriorum

347 1858 652 1916 existentes
704 1859 847 1917 Deos
886 1873 1098 1926 errore,
1123 1860 1222 1916 sed
1271 1859 1392 1917 illos
1420 1831 1570 1933 ipsos
1595 1860 1836 1935 propriis
1862 1860 1944 1916 in-

2046 1845 2361 1920 angelorum
2440 1847 2794 1904 restitutoriis
2855 1848 3374 1905 nianuductionibus
3443 1847 3639 1909 'tlisU‘i-
3740 1856 3743 1859 '

349 1949 677 2008 flexionihus
713 1951 779 2008 ex
811 1966 897 2016 ea,
931 1966 1076 2036 quae
1104 1959 1190 2009 est
1217 1950 1272 2007 iu
1297 1951 1567 2020 divinum,
1597 1961 1749 2011 recta
1777 1955 1942 2010 redu-

351 2043 531 2100 ctiona
575 2042 896 2110 recidentes,
956 2057 1144 2099 amore
1191 2043 1435 2116 proprio,
1465 2053 1522 2100 et
1556 2045 1834 2116 superbia,
1891 2053 1946 2101 et

351 2137 485 2213 ipsis
505 2136 824 2208 opinionum
847 2137 1110 2193 divinitus
1125 2146 1179 2193 et
1209 2137 1750 2195 '.corrationa|iiliter
1773 2126 1946 2193 cultu.

353 2223 466 2288 lloc
488 2229 810 2302 perhibetur
833 2237 891 2286 et
919 2228 1036 2300 ipse
1069 2227 1442 2286 Hebraeorum
1471 2228 1701 2301 populus
1719 2244 1944 2301 perpes-

347 2333 446 2374 sus
480 2333 622 2375 esse.
683 2317 1045 2390 Cognitionem
1091 2319 1231 2374 enim
1288 2319 1409 2386 Dei,
1457 2319 1552 2386 ait,
1610 2319 1868 2392 repulisti,
1896 2329 1946 2377 et

351 2419 466 2470 vast
490 2427 583 2466 cor
606 2419 754 2466 (num
779 2409 935 2466 existi
959 2420 1008 2466 ο.
1027 2409 1220 2482 .Ncque
1239 2410 1382 2468 enim
1415 2421 1661 2468 coactam
1684 2413 1946 2469 habemus

351 2502 542 2570 ‘vitam,
606 2516 786 2574 neque
831 2517 930 2574 per
977 2505 1320 2576 provisorum
1376 2505 1653 2577 propriam
1701 2514 1944 2577 potesta.

352 2598 462 2650 tem
508 2594 690 2650 divina
719 2593 926 2650 lumina
967 2584 1230 2666 providae
1283 2587 1702 2652 illuminationis
1745 2595 1947 2654 obcae-

355 2694 554 2741 cantur
585 2687 719 2741 :scd
743 2685 1191 2742 intellectualinm
1233 2687 1500 2746 visionum
1538 2687 1944 2759 dissimilitudo,

350 2775 676 2850 superplena
727 2787 956 2848 paterna
999 2779 1262 2846 bonitate.
1289 2779 1429 2838 lucis
1451 2781 1799 2838 donationem
1851 2788 1948 2837 aut

351 2869 580 2926 omnino
635 2885 743 2926 non
778 2871 1131 2943 paticipatam
1159 2873 1398 2940 facit,et'
1423 2873 1492 2931 ad
1537 2889 1727 2931 earum
1766 2873 1946 2933 refor-

355 2963 649 3018 mationem
689 2979 794 3019 non
817 2965 1185 3032 distributum,
1219 2972 1314 3021 aut
1342 2966 1792 3037 participatioues
1816 2965 1945 3024 facit

353 3049 688 3118 diil‘crentes,
723 3069 924 3125 parvas
950 3065 1045 3110 attt
1071 3070 1317 3130 magnas,
1343 3057 1606 3115 obscuras
1625 3067 1720 3114 aut
1743 3057 1943 3126 claras,

353 3142 516 3199 unius
546 3152 604 3200 et
630 3144 893 3216 simplicis
919 3153 975 3201 et
1007 3160 1224 3218 semper
1250 3146 1442 3203 eodem
1473 3149 1634 3204 modo
1681 3161 1741 3205 se
1764 3148 1805 3180 ¹⁹
1843 3131 1942 3204 ha?

355 3231 536 3290 bentis
559 3243 616 3289 et
649 3215 1040 3308 superexpansi
1093 3215 1318 3294 fontalis
1370 3238 1529 3294 radii.
1575 3239 1776 3298 Deinde
1815 3241 1942 3312 quia
1974 3215 2020 3279 δ

356 3330 414 3377 et
458 3321 582 3378 aliis
617 3324 884 3396 gentibus,
919 3340 986 3382 ex
1037 3328 1236 3408 quibus
1263 3338 1319 3384 et
1375 3343 1475 3385 nos
1509 3331 1844 3404 respeximus
1890 3333 1945 3390 in

356 3413 490 3469 illud
510 3415 766 3474 omnibus
819 3428 1072 3488 paratum
1121 3421 1176 3475 in
1217 3421 1568 3478 traditionem
1597 3433 1654 3479 et
1694 3431 1945 3496 apertum

359 3503 530 3562 divini
555 3503 780 3562 luminis
815 3515 874 3562 et
893 3522 1148 3582 maguum
1176 3517 1233 3566 et
1260 3509 1540 3583 copiosum
1563 3511 1807 3584 pelagus,
1833 3529 1946 3571 non
1979 3559 1984 3562 .

356 3593 694 3668 alienigenae
740 3595 962 3666 quidam
1019 3598 1362 3670 imperabant
1407 3599 1504 3667 dii,
1549 3617 1716 3658 unum
1763 3610 1951 3670 autem

353 3685 598 3742 amnium
657 3685 1008 3759 principium,
1047 3696 1104 3744 et
1147 3689 1218 3746 ad
1270 3688 1448 3760 ipsum
1491 3691 1826 3748 reduxerunt
1852 3704 1944 3750 se-

355 3786 606 3850 quentes,
653 3781 951 3836 sccundum
1007 3794 1446 3853 unamquamque
1487 3794 1707 3855 gentem
1741 3774 1947 3854 princi-

359 3877 553 3940 pantes
583 3869 782 3942 angeli.
814 3869 1210 3929 Melchisedech
1237 3873 1644 3948 intelligendum
1673 3889 1946 3931 summum

357 3962 722 4030 sacerdotem,
753 3961 1079 4023 existentem
1120 3963 1220 4024 Dei
1267 3949 1660 4022 amicissimum
1707 3968 1948 4029 existen-

360 4051 526 4118 tibus,
569 4069 676 4109 non
706 4053 1055 4110 existentium
1075 4095 1091 4119 ,
1131 4055 1228 4112 sed
1259 4055 1429 4128 ipsius
1453 4057 1478 4088 ¹
1501 4071 1626 4112 rere
1659 4058 1949 4115 existentis

356 4142 556 4200 excelsi
617 4143 736 4200 Dei.
785 4144 1000 4201 Etenim
1045 4144 1126 4202 sic
1177 4142 1500 4218 simpliciter
1549 4147 1948 4206 Melchisedech

361 4235 462 4304 ipsi
489 4232 512 4268 ⁸
541 4235 822 4308 theosophi
877 4236 1267 4294 non.amicnm
1302 4236 1398 4294 Dei
1453 4248 1686 4306 tantum,
1739 4241 1838 4297 sed
1893 4249 1950 4296 et

360 4328 698 4384 sacerdotem
734 4328 1144 4394 vocaverunt}.
1167 4331 1250 4386 An
1284 4339 1343 4385 ut
1381 4331 1719 4402 sapientibus
1762 4341 1952 4404 aperte

359 4417 752 4490 signiﬁcarent,
777 4419 908 4492 quia
943 4435 1051 4476 non
1097 4421 1272 4477 solum
1314 4422 1367 4477 in
1400 4421 1575 4494 ipsum
1617 4421 1662 4488 ⁸,
1696 4423 1788 4494 qui
1823 4439 1952 4481 vere

2045 1939 2274 2006 huente,
2296 1939 2413 1998 solo
2439 1939 2554 1997 l‘cre
2581 1936 2722 1996 ultra
2773 1955 2966 1996 omnes
2985 1941 3155 1996 Israel
3194 1942 3249 1997 in
3285 1941 3398 1998 veri
3425 1941 3636 1998 Domini

2047 2031 2500 2088 illuminatiouem
2579 2040 2636 2088 et
2685 2032 3053 2104 cognitionem
3122 2049 3410 2090 converso.
3484 2033 3641 2091 Unde

2047 2126 2316 2200 theologia
2369 2126 2590 2198 quidem
2619 2127 2858 2198 seipsum
2904 2127 3209 2197 possedisse
3232 2127 3400 2182 Israel
3432 2129 3486 2183 in
3510 2141 3641 2184 vere

2049 2217 2145 2276 Dei
2177 2218 2498 2276 famulatum
2528 2213 2864 2291 signiﬁcans,
2905 2217 3150 2290 factn’cst
3185 2219 3358 2290 portio
3405 2217 3638 2276 Domini.

2047 2313 2126 2391 ait
2155 2315 2203 2370 ε.
2231 2312 2540 2372 Ostendens
2575 2321 2780 2379 autem,
2808 2321 2866 2370 et
2889 2328 3014 2371 eum
3045 2312 3251 2371 viritim
3279 2315 3482 2372 ceteris
3505 2331 3641 2387 gen—

2048 2405 2194 2464 tibus
2210 2404 2554 2464 distribuisse
2581 2405 2797 2464 cuidam
2841 2414 3154 2463 sanctorum
3207 2406 3548 2483 angelorum,
3582 2409 3636 2462 in

2045 2500 2484 2574 cognoscendum
2535 2515 2632 2571 per
2653 2515 2780 2556 eum
2804 2515 2972 2555 unum
2996 2501 3239 2556 oxnnium
3286 2500 3637 2574 principium.

2047 2591 2276 2650 Michael
2308 2591 2447 2649 dixit
2474 2589 2759 2648 Iudaicum
2805 2592 3027 2650 duxisse
3063 2592 3320 2665 populum
3353 2593 3381 2636 Ιι
3401 2633 3418 2658 ,
3450 2603 3639 2665 aperte

2049 2701 2150 2744 nos
2171 2686 2430 2751 edocens,
2479 2701 2643 2742 unam
2670 2700 2792 2740 esse
2816 2686 3082 2742 omnium.
3109 2687 3532 2757 providentiam,
3559 2689 3637 2744 si-

2047 2777 2164 2837 mul
2203 2777 2459 2834 omnibus
2505 2775 2872 2833 inrisihilihus
2909 2785 2969 2834 et
2991 2777 3298 2836 \‘isibilihus
3348 2779 3640 2836 virtutibus

2045 2867 2578 2946 superessentialiter
2596 2870 3098 2942 supereollocatam,
3120 2887 3312 2930 omnes
3333 2881 3514 2928 autem
3539 2889 3640 2946 per

2045 2959 2287 3036 singulas
2334 2970 2526 3035 gentes
2569 2961 2905 3033 imperantes
2957 2964 3201 3036 angelos,
3249 2962 3303 3020 In
3347 2952 3523 3036 ipsum
3582 2977 3642 3018 ιιι

2043 3055 2325 3132 proprium
2354 3055 2682 3128 principium
2721 3043 3030 3128 sequentes,
3059 3057 3338 3126 voluntate
3361 3059 3639 3116 essentiaii

2050 3163 2299 3223 quasque
2322 3149 2557 3205 virtutes
2579 3148 2906 3204 extendere.

2583 3281 2981 3341 CAPITULUJi
3029 3281 3117 3338 X.’

2138 3386 2397 3472 Repetitio
2417 3407 2465 3454 et
2488 3397 2818 3472 congregatio
2839 3405 2862 3438 τ
2883 3396 3152 3470 angelicae
3173 3401 3544 3474 ordinationis.

2116 3512 2372 3570 Cotinexa
2393 3521 2478 3569 est
2497 3512 2680 3587 itaque
2699 3511 2780 3574 sic
2800 3513 2914 3586 ipsa
2926 3513 3145 3586 quidem
3159 3513 3634 3573 bonorabilissima

2045 3602 2196 3660 circa
2216 3602 2385 3658 Deum
2407 3601 2712 3660 animorum
2747 3602 3049 3678 dispositio,
3081 3617 3150 3660 ex
3179 3603 3530 3663 teletarchica
3567 3608 3636 3662 it—

2048 3691 2400 3748 luminatione
2419 3691 2758 3748 sanctificata
2783 3691 2830 3758 ³,
2853 3689 2910 3748 in
2943 3706 3068 3748 eam
3102 3691 3414 3749 immediate
3443 3709 3642 3752 ascen-

2047 3781 2245 3847 dendo,
2277 3781 2542 3838 occultior
2565 3791 2622 3838 et
2647 3781 2985 3839 manifestior
3019 3783 3322 3840 divinitatis
3363 3784 3641 3840 illumina—

2049 3875 2196 3931 tione
2213 3881 2480 3946 purgatur
2497 3882 2554 3929 et
2579 3871 2919 3930 illuminatnr
2939 3883 2996 3930 et
3013 3875 3348 3948 perﬁcitur’.
3363 3876 3642 3934 OCCtIIlim'

2047 3969 2286 4042 quidem,
2317 3977 2576 4041 tanquam
2618 3967 2956 4033 iuvisihilior,
2981 3976 3040 4024 et
3075 3969 3250 4040 magis
3299 3969 3640 4042 simpliticata

2047 4071 2104 4118 et
2127 4061 2425 4118 uniiieata:
2461 4057 2803 4117 manifestior
2827 4073 2976 4126 vero,
2999 4067 3201 4118 mante
3223 4059 3372 4128 data,
3391 4063 3641 4134 etprimo

2048 4157 2239 4221 lucens
2261 4157 2325 4222 ”,
2349 4166 2405 4214 et
2424 4157 2810 4222 uniremilior,
2836 4164 2894 4212 et
2935 4155 3108 4228 magis
3145 4157 3202 4214 in
3226 4169 3370 4223 eam,
3393 4165 3458 4213 ut
3483 4170 3644 4228 opere

2051 4236 2148 4315 tet,
2167 4247 2339 4304 forma
2360 4245 2650 4304 ell‘nsa.Ah
2672 4247 2786 4318 ipsa
2803 4255 2986 4307 autem
3007 4245 3202 4304 iterum
3223 4246 3643 4320 proper-tienali-

2051 4349 2136 4396 ter
2151 4339 2410 4406 secunda,
2423 4347 2482 4396 et
2497 4353 2530 4394 a
2549 4336 2785 4396 secunda
2807 4337 2988 4404 tertia,
3001 4345 3059 4394 et
3075 4350 3144 4394 ex
3161 4338 3319 4394 tertia
3341 4340 3643 4397 sectnntnm

2052 4449 2156 4491 nos
2169 4432 2462 4499 lerarchia,
2488 4430 2788 4488 secundum
2813 4431 2982 4502 ipsam
3006 4429 3144 4490 bene
3170 4435 3422 4490 ornantis
3439 4433 3646 4490 taxiar-

361 4517 468 4576 est,
496 4510 988 4628 Deum‘convfrtit,
1035 4512 1214 4569 adhuc
1259 4522 1438 4570 autem
1465 4521 1522 4570 et
1547 4514 1688 4582 aliis,
1717 4526 1776 4570 ut
1799 4529 1950 4572 sum-
1979 4564 2029 4628 ο
2052 4526 2420 4599 chiaelegem,
2444 4524 2496 4581 in
2517 4525 2800 4583 harmonia
2813 4524 2995 4582 divina
3023 4534 3078 4581 et
3100 4513 3462 4598 analogia,ad'
3479 4526 3640 4582 simul

363 4615 487 4657 unus
503 4603 780 4668 sacerdos,
800 4603 988 4660 eduxit
1005 4618 1248 4676 ea,qnae
1271 4615 1360 4661 est
1387 4607 1456 4662 ad
1481 4621 1666 4663 veram
1695 4617 1750 4664 et
1775 4609 1945 4666 solam

2057 4618 2236 4689 omnis
2268 4616 2396 4674 boni
2439 4625 2668 4673 ornatus
2714 4615 3182 4688 super-principale
3221 4617 3548 4688 principium
3587 4627 3646 4675 et

361 4689 725 4757 divinitatem,
761 4692 1095 4748 reductione.
1125 4693 1194 4750 Et
1213 4690 1316 4750 hoc
1340 4697 1524 4758 autem
1559 4707 1706 4754 tuam
1736 4715 1952 4758 summe
2057 4707 2577 4766 consummationem
2608 4707 2910 4764 ierarchice
2940 4707 3240 4764 reducitur.
3273 4707 3646 4766 Mauifestatoo

362 4781 753 4839 sacerdotalem
796 4781 1207 4856 intelligentiam
1257 4785 1695 4856 admonebimns,
1727 4793 1855 4862 quia
1885 4803 1954 4848 .et
2059 4813 2150 4855 res
2193 4807 2375 4855 autem
2422 4812 2613 4854 omnes
2655 4805 2713 4854 et
2733 4797 2909 4869 angeli
2956 4811 3169 4864 eorum,
3211 4801 3304 4868 qui
3343 4795 3644 4872 ante-ipsos

362 4872 630 4934 Pharaoni
649 4877 792 4949 apud
816 4877 962 4950 ipsos
981 4877 1277 4966 Aegyptios
1298 4879 1600 4952 imperante
1619 4884 1815 4956 angelo
1836 4899 1882 4952 ι,
1899 4895 1955 4944 et
2061 4898 2220 4956 sunt;
2281 4889 2384 4963 ipsi
2437 4889 2656 4961 quidem
2701 4889 3164 4947 honorabilissimi
3214 4891 3310 4947 Dei
3355 4892 3648 4956 moventis,

363 4967 786 5042 Babyloniorqu
841 4968 1074 5042 principi
1134 4971 1388 5040 praeside
1439 4973 1662 5045 proprio
1711 4977 1955 5034 omnium
2055 4980 2538 5052 propertionaliter
2595 4990 2778 5036 autem
2827 4980 2996 5038 ceteri
3050 4995 3117 5038 ex
3172 4981 3284 5039 Deo
3338 4993 3643 5040 motorum.

360 5057 736 5134 providentiae
757 5068 815 5117 et
839 5058 1228 5117 dominationis
1275 5063 1561 5132 providum
1589 5073 1954 5138 etpotesteti-
2030 5075 2292 5131 .Tantum
2342 5073 2490 5128 enim
2549 5073 2789 5129 omnium
2845 5074 3315 5144 superessentialis
3364 5078 3650 5152 harmonia

1694 5192 1950 5271 manu
1985 5213 2386 5297 caenosus.

375 5373 382 5376 _
425 5293 446 5330 ⁸
471 5305 522 5368 α
547 5326 660 5370 om.
689 5312 754 5368 Ε.
780 5315 823 5344 ¹⁹
843 5329 900 5368 se
922 5329 1033 5368 om.
1057 5313 1166 5370 BE.
1240 5318 1259 5348 ²
1297 5318 1461 5388 ἱρεῖαι
1489 5334 1600 5374 om.
1633 5320 1696 5376 Α.
1776 5323 1800 5356 ⁸
1826 5325 1927 5396 ipsi

367 5377 388 5416 ⁷
422 5378 470 5438 Ε
491 5398 771 5438 sanatione.
849 5383 872 5416 ⁸
898 5384 944 5436 Α
966 5385 1230 5438 ordinum.
1324 5390 1344 5422 ²
1364 5399 1413 5438 et
1443 5389 1780 5438 illuntinutur
1806 5407 1856 5438 ρι
1885 5411 1946 5438 ηρ

2045 5344 2075 5408 ιτ
2103 5328 2173 5384 Α.
2247 5328 2271 5361 δ
2298 5293 2390 5384 Bll
2411 5329 2465 5384 in
2486 5329 2652 5399 pium.
2728 5337 2751 5371 ι
2771 5328 2861 5385 BII
2889 5330 3172 5401 oppositos.
3247 5332 3268 5363 ⁸
3297 5331 3387 5400 BiI
3410 5346 3649 5403 parante.

2050 5408 2158 5438 ιιιιρ
2184 5414 2273 5438 ηπ.
2323 5398 2410 5438 nn
2510 5399 2554 5438 ιο
2590 5398 2673 5438 ur.
2704 5399 2863 5438 1...»,

491 5398 771 5456 synagogc.
849 5384 872 5416 ⁸
898 5384 944 5436 Δ
966 5385 1230 5463 ordinata.
1315 5384 1344 5422 “’
1364 5399 1413 5443 et
1443 5389 1780 5447 illuminatur
1806 5384 1857 5451 εἰ
1885 5395 2158 5466 perﬁcitur
2184 5414 2294 5455 om.
2322 5398 2434 5454 Bll.
2486 5384 2554 5439 ’⁸ο
2582 5398 2673 5454 ΑΕ.
2703 5384 2871 5456 lucet.
2899 5384 2934 5400 θ’
2957 5384 2993 5486 ὐ

1905 5485 2160 5551 NOTAE.

438 5579 468 5610 ι
502 5567 639 5626 Dan.
671 5569 740 5626 Χ.

2151 5590 2176 5620 ε
2203 5579 2339 5636 Gen.
2382 5581 2520 5638 XLI.-

442 5638 472 5680 ¹³
494 5639 650 5696 Deut.
674 5639 870 5699 XXXII
2156 5650 2175 5689 ί
2214 5652 2349 5706 Dan.
2383 5653 2446 5706 Il.
3003 5649 3015 5662 ⁸

441 5719 464 5791 ἦ
489 5711 626 5791 Qsee
651 5711 963 5791 [riderent
987 5717 992 5725 ‘
1017 5710 1085 5770 ll.
2153 5721 2180 5791 ἔ
2206 5719 2351 5791 Psal.
2378 5721 2639 5778 CXXXIV
2665 5767 2679 5790 ,
2706 5719 2860 5778 Deut.
2892 5720 3130 5791 XXXII;
3159 5723 3263 5780 ιω.
3299 5723 3414 5780 XIX

441 5785 465 5821 J
491 5781 607 5836 Gell
663 5781 775 5839 XIV

2149 5790 2178 5832 ἰ
2207 5789 2340 5846 Dan.
2377 5791 2425 5848 Χ

690 5885 964 5939 ΡΑτιιοι..
1008 5880 1250 5945 CXXII.

3087 5888 3168 5946 3!.
