4210 6236
452 271 588 335 [059
1166 310 1171 315 ι
1230 306 1231 309 η
1250 308 1253 315 ε
1834 278 2123 339 JOANNIS
2161 276 2371 356 δίζοη
2670 302 2675 305 ‘
3164 328 3167 335 ι
3605 287 3742 349 1060

448 393 739 465 unicuique
788 393 1139 449 rationalium
1176 402 1231 449 et
1279 384 1729 453 irttellecttialiuttt
1774 411 1933 455 sacro
1956 412 2048 452 or-
2076 407 2122 464 Α
2156 406 2347 454 tarum
2388 405 2704 456 sanctarum
2751 399 3036 466 virtutum,
3082 410 3139 457 et
3179 402 3493 459 minoribus
3521 395 3740 464 omnino

449 500 581 545 natu
608 496 663 545 et
689 487 941 543 ordinata
995 486 1250 543 ductione
1294 486 1584 558 praevidit,
1628 498 1892 558 quantum
1933 489 2047 560 ipse
2147 499 2447 551 aunecterc
2490 490 2763 559 essentlis,
2804 494 2858 547 in
2888 492 3246 550 conversione
3289 492 3605 552 inconfusac
3640 512 3741 559 an-

446 580 845 652 lerarcltiarum
891 579 1265 649 unusquisque
1319 580 1454 634 ordo
1505 592 1663 636 sacro
1698 589 1756 635 et
1793 582 2050 637 decenter
2146 580 2447 654 gelioorum
2478 592 2775 639 ornatuutn
2815 584 3170 640 taxiarchiac.
3200 584 3364 641 Juxta
3392 586 3537 644 enim
3568 602 3737 658 saepe

451 672 662 743 positus
700 680 803 735 est,
837 679 891 724 ct
932 684 1149 727 omnem
1189 671 1517 738 lerare‘biam
1563 670 1807 727 videmus
1837 671 1891 726 in
1933 672 2069 743 pri-“

449 778 587 828 mas,
634 770 690 818 et
730 761 963 825 medias,
995 771 1053 816 et
1072 760 1294 818 ultimas
1323 762 1555 819 virtutes
1579 763 1829 818 divisam.
1859 762 1964 820 Sed
1992 772 2049 819 et

448 854 621 921 ipsam
646 866 745 922 per
769 850 1033 927 singulas,
1066 850 1378 922 specialiter
1403 852 1712 918 dicendum,
1739 852 2047 923 ύίςρομίιίο-

447 959 573 998 nem
605 943 737 1014 ipsis
767 942 969 997 divinis
990 941 1288 999 harmoniis
1317 943 1578 999 discrevit
1610 944 1878 1013 {propter
1902 944 2046 1015 quod

448 1043 503 1086 ct
550 1032 698 1102 ipsos
719 1032 1091 1087 divinissimos
1142 1032 1429 1103 Seraphim
1481 1033 1583 1103 ipsi
1626 1032 1861 1105 theologi
1896 1033 2049 1101 aiunt

451 1122 684 1179 Flterum
715 1123 781 1181 ad
812 1122 1043 1178 alterum
1097 1122 1335 1181 clamare
1361 1137 1412 1190 ι,
1457 1134 1648 1196 aperte
1694 1128 1757 1181 ia
1807 1126 1934 1192 huc,
1986 1133 2047 1181 ut

448 1212 702 1279 aestimo,
726 1213 1087 1279 declarantcs,
1117 1215 1371 1285 quoniam
1420 1217 1752 1288 tlteologicas
1781 1217 2044 1273 scientias

440 1305 548 1377 ipsi
567 1304 725 1376 primi
739 1305 996 1362 secundis
1010 1305 1246 1360 tradunt.
1264 1306 1576 1362 Addideritn
1599 1317 1778 1363 autem
1794 1307 2047 1364 fortassis

447 1398 631 1453 ethoc
675 1411 786 1451 non
833 1396 1151 1469 incongrue,
1194 1398 1320 1468 quia
1366 1406 1424 1454 et
1465 1399 1763 1455 secundum
1805 1398 2045 1470 seipsmn

451 1492 825 1561 unusquisque
877 1497 931 1545 et
968 1488 1221 1546 caelestis
1261 1500 1317 1546 et
1356 1490 1629 1548 humanus
1668 1490 1882 1547 animus
1931 1503 2048 1563 spc-

448 1579 618 1637 clales
644 1578 807 1636 habet
834 1577 1125 1650 etsprimas
1155 1588 1208 1635 et
1252 1579 1461 1636 medias
1488 1590 1543 1636 et
1578 1581 1796 1637 ultimas
1823 1581 2043 1638 ordina-

422 1668 425 1669 ⁷
454 1671 635 1732 tiones
652 1682 709 1729 et
733 1672 991 1739 virtutes,
1004 1672 1255 1729 addictus
1276 1689 1372 1744 per
1400 1676 1821 1747 unumquodque
1842 1674 2047 1731 ‘ierar-

2152 689 2183 727 a
2211 671 2371 728 nobis
2418 680 2568 728 recte
2615 673 2882 729 redditam
2930 672 3198 730 rationem
3230 674 3381 746 ipsae
3407 676 3625 746 quidem
3650 689 3746 731 su-

2138 765 2500 835 per-ﬁrmatae
2562 766 2949 838 dispositiones
3013 766 3356 823 abundanter
3408 767 3615 823 habent
3680 776 3742 822 et

2150 852 2419 913 minorum
2449 873 2636 913 sacras
2658 859 3041 930 proprietates,
3069 859 3294 915 ultimae
3317 874 3447 915 vero
3475 859 3741 934 majorum

2148 949 2521 1019 superpositas
2546 933 2939 1006 universitatos'
2957 965 3063 1006 non
3096 951 3317 1018 habent,
3341 933 3746 1021 particulatim

2149 1038 2207 1093 in
2254 1052 2349 1094 eas
2392 1039 2569 1108 primo
2620 1039 3007 1110 apparentibus
3064 1040 3595 1110 illutniuatiouihus,
3644 1060 3744 1116 per

2142 1128 2357 1198 primas
2384 1128 2403 1161 ⁵
2429 1129 3008 1200 proportionalilereis
3033 1130 3360 1196 distributis.

2668 1258 3070 1345 ωδυυωω
3102 1259 3220 1323 xu.

2086 1375 2092 1380 ’
2150 1332 2329 1441 Quare
2351 1374 2636 1430 secundum
2658 1332 2893 1430 Ws
2915 1373 3197 1439 lerat-citae
3225 1376 3399 1446 angeli
3426 1388 3673 1433 vocemur
3698 1377 3737 1432 '.

2222 1487 2515 1556 Quaeritur
2540 1497 2721 1545 autem
2748 1498 2805 1544 et
2830 1490 2932 1546 hoc
2959 1486 3373 1561 iutelligibilium
3401 1491 3742 1561 eloquiorutn

2151 1580 2395 1636 studiose
2436 1579 2802 1635 intuentibus:
2822 1578 3039 1635 si-euitn
3068 1576 3448 1652 partieipantia
3472 1582 3741 1645 excelsio-

2142 1686 2272 1726 rum
2302 1670 2719 1728 universitatum
2748 1686 2857 1727 non
2889 1680 3017 1726 sunt
3045 1671 3233 1726 ultima
3254 1712 3269 1737 ,
3307 1673 3378 1728 ob
3414 1689 3577 1743 quam
3614 1690 3745 1730 cau-

448 1765 736 1822 clticarmu
783 1764 1243 1823 illuminationum
1292 1769 1547 1837 proprias
1596 1783 1869 1841 anagogas
1913 1782 2043 1839 pro-
2064 1783 2121 1847 -Β
2147 1780 2264 1822 aaut
2288 1765 2587 1823 secundum
2628 1779 2732 1822 nos
2780 1781 3024 1822 summus
3063 1766 3319 1822 sacerdos
3369 1768 3594 1840 angelus
3639 1770 3747 1839 Do;-

456 1855 834 1928 portionaliter
856 1854 1230 1912 ntauifestatas
1247 1856 1311 1922 “,
1337 1874 1432 1927 per
1458 1873 1595 1928 quas
1626 1860 2048 1930 unumquodque

456 1951 510 2005 in
540 1947 960 2019 participatione
981 1948 1062 2012 tit,
1093 1949 1235 2003 sicut
1267 1949 1499 2019 idipsum
1526 1958 1579 2003 et
1618 1948 1701 2004 l‘as
1732 1958 1898 2006 estet
1926 1964 2047 2019 pos-

457 2042 648 2107 sibile,
704 2040 1332 2111 snpet'iucogttitissimae
1369 2042 1704 2114 purgationis
1750 2041 2050 2113 plenissimi

457 2134 676 2188 luminis
697 2130 1099 2202 autepct‘l'ectae
1117 2133 1487 2204 perfectionis.
1507 2134 1601 2191 Est
1619 2133 1764 2189 enim
1791 2132 1924 2190 nihil
1952 2146 2051 2204 per

453 2240 513 2281 se
544 2224 873 2295 perfectum,
909 2223 1156 2294 indigens
1181 2223 1503 2280 universalis
1535 2205 1906 2296 pellectionls,
1945 2224 2052 2283 nisi

458 2332 583 2374 rere
613 2314 1067 2389 perfectissimum
1094 2325 1151 2372 et
1179 2326 1304 2373 ante
1323 2316 1653 2387 perlectum.
1726 2322 1730 2326 '

988 2450 1187 2513 CAPIT
1197 2449 1387 2509 [ELUH
1427 2449 1516 2508 XI.

461 2560 641 2627 Quare
669 2575 847 2615 omnes
872 2559 1116 2615 caelestes
1138 2564 1393 2615 essentiae
1414 2561 1760 2615 communiter
1786 2558 2013 2619 Virtutes
2030 2558 2052 2591 ⁸

969 2629 1214 2686 caelestes
1244 2642 1488 2686 vocentur
1511 2632 1553 2686 ³.

537 2770 633 2824 llis
658 2777 843 2823 autem
872 2765 1135 2828 deﬁnitis,
1177 2764 1308 2819 illud
1356 2763 1579 2836 dignum
1631 2762 1954 2834 intelligere,
1984 2763 2056 2819 ob

462 2878 627 2933 quam
670 2876 893 2916 causam
944 2872 1137 2913 omnes
1182 2855 1433 2911 similiter
1477 2855 1748 2926 angelicas
1788 2855 2054 2911 essentias

465 2954 695 3011 virtutes
723 2948 991 3006 caelestes
1028 2961 1224 3003 vocare
1276 2948 1677 3003 consuevimus.
1734 2944 1853 3002 Non
1906 2946 2052 3005 enim

462 3053 549 3100 est
588 3041 897 3106 dicendum,
947 3045 1007 3093 ut
1033 3026 1087 3093 in
1126 3036 1352 3108 angelis,
1402 3036 1657 3113 quoniam
1681 3037 1926 3093 omnium
1956 3052 2053 3113 no-

2154 1859 2288 1917 mini
2340 1859 2724 1929 omnipoteutis
2777 1858 2849 1914 ab
2896 1858 3126 1928 eloquiis
3164 1858 3484 1914 nominatur
3537 1858 3603 1913 b?
3651 1860 3748 1917 Est

2154 1958 2331 2005 autem
2362 1963 2470 2006 non
2500 1948 2777 2005 contraria
2802 1949 2974 2014 ratio,
3022 1957 3081 2002 ut
3128 1948 3392 2017 aestimo,
3432 1958 3581 2009 ante.
3613 1952 3748 2005 deli-

2146 2042 2302 2099 uitis.
2337 2041 2578 2098 Dicimus
2624 2043 2803 2110 enim,
2846 2041 2975 2111 quia
3007 2040 3299 2099 universali
3329 2052 3385 2096 et
3410 2042 3750 2113 superposita

2152 2133 2420 2204 majorum
2492 2140 2784 2188 ornatuum
2848 2131 3050 2185 virtute
3118 2130 3500 2199 relinquuntur
3554 2116 3748 2187 ultimi.

2151 2212 2327 2282 Media
2391 2225 2539 2282 enim
2593 2234 2668 2296 _et
2738 2223 3127 2296 proportionali
3195 2223 3527 2294 participant
3594 2222 3752 2291 juxta

2152 2334 2319 2374 unam
2347 2317 2512 2374 simul
2541 2324 2864 2373 cunctorum
2889 2324 2949 2371 et
2970 2312 3368 2385 conjunctivam
3396 2315 3753 2371 societatem:

2154 2414 2314 2486 quale
2378 2422 2492 2477 est,
2558 2421 2870 2481 sanctorum
2933 2400 3228 2467 Cherubim
3276 2411 3411 2465 ordo
3456 2409 3752 2480 participat

2153 2505 2420 2580 sapientia
2447 2511 2503 2556 et
2524 2502 2755 2559 scientia
2783 2500 2997 2568 attiori;
3030 2501 3132 2556 sub
3171 2500 3315 2572 ipsos
3349 2487 3750 2554 aute‘m‘esseu-

2156 2598 2355 2655 tiarum
2414 2594 2801 2668 dispositiones
2860 2593 3191 2665 participant
3236 2592 3454 2668 quidem
3494 2599 3555 2646 et
3601 2588 3785 2662 ipsae

2156 2607 2355 2655 uarum
2414 2607 2801 2668 dtsposmones
2860 2607 3191 2665 parttctpant
3236 2607 3454 2737 meum
3494 2607 3555 2646 et
3601 2607 3754 2662 Ipsae

2155 2688 2428 2761 sapientia
2463 2697 2519 2744 et
2553 2688 2784 2743 scientia
2807 2726 2824 2753 ,
2860 2684 3176 2757 particulari
3218 2692 3272 2738 ta
3332 2698 3399 2738 en
3427 2683 3501 2738 ad
3539 2684 3663 2741 illos
3695 2692 3765 2739 et

2157 2779 2418 2850 subjecta.
2466 2777 2537 2834 Et
2576 2776 2797 2849 quidem
2838 2776 3062 2832 omnino
3105 2776 3159 2830 itt
3204 2774 3621 2845 participatione
3654 2790 3753 2829 sa-

2156 2868 2392 2940 pieutiae
2424 2882 2548 2925 esse
2582 2867 2626 2933 ',
2664 2875 2722 2922 et
2755 2866 3038 2931 scientiae,
3070 2881 3356 2922 commune
3390 2873 3475 2919 est
3499 2865 3753 2921 erunibus

2156 2961 2512 3019 deifortnibus
2535 2960 2995 3017 intellectualibus
3016 2950 3037 2991 ί
3064 2977 3079 3013 :
3103 2966 3310 3014 attente
3335 2967 3539 3023 autem,
3556 2968 3610 3011 et
3633 2958 3749 3029 pri—

2156 3072 2275 3125 mo,
2307 3065 2401 3114 aut
2428 3056 2690 3122 secundo,
2728 3063 2822 3111 aut
2856 3051 3022 3120 intra,
3061 3066 3402 3124 nequaquam
3437 3063 3749 3117 commune,

466 3136 691 3191 "355mm
742 3140 825 3188 εει
873 3129 1156 3202 disposui”
1214 3129 1331 3201 ipsa
1386 3136 1699 3184 “meum”
1734 3125 2049 3193 Ύίνωίυων
2081 3146 2126 3206 C
2157 3150 2254 3206 sed
2283 3148 2427 3205 sicut
2464 3148 2758 3218 unicuique
2796 3142 2923 3201 ante
2947 3150 3169 3217 propria
3197 3144 3454 3200 delinitur
3480 3143 3747 3215 analogia.

464 3239 519 3282 et
558 3226 777 3297 quidem
823 3222 1239 3279 novissimarum
1292 3230 1480 3307 sancta
1504 3228 1561 3274 et
1612 3220 1809 3277 decora
1858 3219 2052 3274 illumi-

2156 3241 2270 3298 lloc
2299 3249 2481 3297 autem
2510 3249 2568 3295 et
2591 3238 2659 3293 de
2686 3240 2941 3294 omnibus
2967 3238 3166 3294 divinis
3194 3235 3470 3293 mentibus
3498 3248 3605 3290 non
3638 3234 3751 3298 for-

466 3320 710 3383 ιιίιῑίοηεν
745 3317 1209 3390 6l’l’el‘l'losui‘""13
1256 3313 1619 3412 εδεοξδιίέξωηι
1669 3312 2058 3412 δίξὲοθίιίοῑξθει
2156 3333 2317 3390 lassis
2345 3331 2470 3405 quis
2492 3345 2685 3388 errans
2704 3329 2946 3388 delluiet.
2971 3330 3185 3386 Etenim
3215 3328 3357 3385 sicut
3385 3328 3545 3399 primi
3578 3328 3750 3388 abun-

466 3417 827 3492 partieipaut;
870 3412 1100 3469 ultimae
1144 3425 1277 3467 vero
1322 3406 1622 3482 primarum
1667 3406 1816 3465 nullo
1862 3406 2052 3463 modo:

2154 3425 2347 3482 danter
2388 3424 2588 3481 habent
2620 3415 2909 3479 minorum
2957 3431 3175 3477 sanctas
3217 3420 3581 3493 pulchraeque
3616 3435 3745 3492 pro-

465 3518 519 3564 et
535 3508 692 3578 cujus
710 3505 883 3579 gratia
900 3503 1164 3560 caelestes
1181 3499 1403 3573 quidem
1422 3499 1651 3556 virtutes
1672 3513 1866 3554 omnes
1886 3497 2052 3554 divini

2152 3519 2440 3589 prietates,
2467 3517 2549 3572 sic
2578 3512 2781 3569 habent
2806 3513 2985 3570 ultimi
3014 3526 3110 3570 eas
3136 3514 3400 3584 priorum,
3432 3527 3539 3566 non
3565 3520 3749 3566 tamen

469 3602 777 3659 intellectus
797 3596 1168 3663 nominantur,
1191 3593 1478 3666 Seraphim
1500 3602 1681 3649 autem
1701 3603 1759 3647 et
1778 3590 1978 3647 Throni
2001 3590 2059 3645 et

469 3691 879 3751 nominationes
934 3687 1081 3743 nullo
1128 3688 1314 3743 modo.
1347 3685 1713 3755 Participatae
1757 3683 1903 3739 enim
1952 3696 2053 3736 ex-

370 3776 371 3779 “
471 3796 681 3840 tretuae
708 3779 1095 3839 excelsissimis
1118 3787 1248 3834 sunt
1286 3776 1683 3832 univeisalibus
1710 3773 2059 3845 proprietati-

465 3879 593 3934 bus.
634 3877 738 3947 lpsi
763 3887 995 3945 namque
1018 3869 1230 3945 Angeli,
1261 3878 1318 3926 et
1356 3877 1483 3925 ante
1524 3863 1762 3940 Angelos
1813 3866 2059 3923 Archan-

467 3974 570 4042 geli
584 3969 1041 4040 ,ctPrincipatus,
1054 3976 1111 4022 et
1124 3966 1449 4035 Potestates,
1466 3972 1587 4034 post
1605 3954 1841 4019 Virtutes
1862 3960 2059 4029 aliipsa

471 4061 745 4134 theologia
767 4059 1023 4124 ordinati,
1058 4057 1424 4115 communiter
1464 4067 1628 4124 saepe
1666 4071 1697 4107 a
1728 4051 1887 4112 nobis
1907 4051 2061 4107 simi-

471 4157 597 4212 liter
623 4155 744 4214 aliis
773 4152 981 4210 sanctis
1014 4152 1271 4209 essentiis
1308 4149 1576 4206 caelestes
1598 4148 1828 4203 virtutes
1853 4161 2056 4202 vocan-

470 4260 578 4306 tur.
633 4246 876 4301 Dieitnus
920 4253 1123 4311 autem,
1151 4244 1277 4313 quia
1304 4242 1671 4299 communiter
1716 4240 1776 4296 in
1807 4240 2059 4296 omnibus

466 4346 688 4399 utentes
728 4334 1048 4393 caelestium
1083 4334 1455 4391 nominatione
1476 4332 1759 4397 virtutum,
1792 4346 1900 4386 non
1928 4346 2059 4387 oon-

2155 3610 2428 3677 similiter,
2452 3609 2549 3665 sed
2580 3607 2745 3664 intra.
2778 3605 2924 3664 Nihil
2954 3620 3116 3676 ergo,
3144 3614 3205 3661 ut
3241 3604 3506 3671 aestimo,
3544 3603 3737 3659 inordi-

2157 3714 2379 3770 natum,
2424 3704 2472 3757 si
2519 3712 2572 3757 et
2620 3702 2920 3757 secundum
2966 3713 3065 3755 uos
3102 3713 3373 3761 summum
3411 3697 3748 3768 sacerdotem

2157 3795 2409 3868 angelum
2440 3782 2712 3865 theologia
2757 3800 2914 3857 vocat
2936 3831 2952 3859 ,
2981 3789 3137 3861 juxta
3174 3789 3432 3844 virtutem
3471 3787 3746 3858 propriam

2156 3886 2574 3959 participautetn
2615 3883 2934 3957 angelorum
2959 3880 3265 3955 hypol'et‘ica
3304 3880 3661 3959 proprietate,
3690 3890 3747 3935 ct

2157 3956 2230 4033 ad
2263 3956 2721 4043 manifestativam
2756 3989 2945 4029 eorum
2990 3972 3433 4037 similitudinem,
3483 3956 3746 4040 quantum

2157 4067 2419 4138 possibile
2477 4065 2818 4129 hominibus,
2871 4072 3174 4119 extentum.
3237 4062 3485 4117 Invenies
3529 4066 3746 4127 autem,

2159 4158 2287 4230 quia
2314 4166 2370 4213 et
2397 4157 2527 4213 deos
2554 4155 2819 4225 theologia
2850 4162 3009 4209 vocat
3033 4162 3090 4209 et
3115 4152 3377 4209 caelestes
3401 4162 3455 4206 et
3482 4166 3748 4223 supernas

2158 4248 2427 4325 essentias
2446 4287 2462 4315 ,
2492 4256 2547 4302 et
2575 4246 2718 4317 apud
2742 4261 2841 4301 nos
2876 4244 3236 4300 amicissimos
3267 4243 3361 4299 Dei
3382 4250 3445 4321 et
3471 4244 3748 4305 mirabiles
3778 4236 3783 4241 ’

2157 4341 2327 4406 viros,
2367 4351 2422 4395 et
2460 4340 2681 4412 quidem
2721 4339 2903 4393 divina
2938 4338 3273 4393 obscuritate
3322 4335 3750 4406 superessentia-

467 4430 739 4487 l'usionetu
762 4427 1038 4500 qnandattt
1064 4424 1494 4495 uniuscuiusque
1527 4421 1903 4495 disposilionis
1927 4435 2055 4493 Ρνοο
2086 4493 2127 4500 _
2158 4431 2285 4487 liter
2310 4432 2471 4486 simul
2499 4430 2752 4486 omnibus
2778 4439 2834 4485 et
2865 4439 3070 4484 remota
3110 4439 3165 4484 et
3200 4428 3626 4498 supercollocata
3649 4468 3663 4492 ,
3689 4436 3748 4483 et

406 4542 409 4545 ·
466 4522 760 4594 prietatum
812 4516 1203 4592 introducimus
1231 4517 1365 4572 :sed
1404 4517 1663 4587 quonian
1696 4516 1750 4569 in
1782 4516 1884 4570 tria
1917 4514 2055 4570 divi-
2086 4493 2306 4580 Dauno
2361 4522 2429 4579 ab
2486 4537 2549 4577 ea
2588 4537 2814 4585 eorum,
2851 4536 2994 4591 quae
3058 4530 3219 4585 sunt,
3266 4493 3431 4576 'simili
3478 4520 3744 4583 notninari

468 4612 672 4668 duntur
697 4612 995 4668 secundum
1033 4623 1094 4664 se
1134 4608 1567 4680 supefmundana
1624 4608 1834 4662 νίιιίοιιϐ
1868 4619 2057 4662 omnes
2157 4616 2374 4688 praprie
2398 4623 2455 4670 et
2476 4614 2700 4670 omnino
2727 4613 2957 4668 valente.
2992 4612 3360 4671 Veruntamen
3389 4627 3748 4683 quaecunque

473 4705 638 4760 divini
672 4703 999 4771 intellectus,
1024 4701 1077 4760 in
1107 4701 1396 4759 essentiam
1421 4709 1480 4756 et
1506 4701 1759 4755 virtutem
1784 4708 1839 4755 et
1859 4713 2055 4768 opera-‘-

473 4798 697 4863 tionem,
743 4811 866 4853 cum
900 4796 1059 4854 simul
1101 4810 1293 4850 omnes
1323 4802 1417 4849 aut
1448 4807 1637 4849 eorum
1671 4792 1935 4862 quosdam
1975 4790 2060 4847 in-

468 4891 758 4948 observate
805 4891 1068 4946 caelestes
1113 4886 1401 4953 essentias,
1455 4895 1552 4943 aut
1595 4885 1864 4942 caelestes
1894 4898 2055 4943 voca-

473 4996 598 5037 mus
640 4982 889 5046 virtutes,
937 4996 1032 5038 eos
1075 4976 1524 5050 periphrasticds,
1555 4975 1620 5031 de
1647 4973 2058 5045 quibussermo

2158 4715 2213 4761 et
2249 4705 2691 4762 intellectualium
2724 4714 2776 4759 et
2820 4704 3162 4758 rationalium
3201 4705 3268 4757 ad
3315 4703 3576 4758 unitatem
3629 4702 3775 4771 ejus

2157 4797 2551 4868 qualiscunque
2576 4796 2749 4851 virtus
2781 4795 3160 4851 universaliter
3190 4796 3551 4859 convertitur,
3589 4802 3639 4847 et
3677 4794 3746 4845 ad

2157 4887 2371 4944 divinas
2406 4885 2575 4957 ipsius
2630 4886 3081 4949 illuminatioues,
3138 4891 3401 4955 quantum
3456 4881 3743 4952 possibile,

2162 4976 2560 5035 incessabiliter
2591 4976 2614 5009 ⁸
2646 4977 2976 5041 extenditur,
3034 4976 3330 5032 secundum
3372 4974 3659 5037 virtutem,
3697 4972 3744 5031 si

476 5086 581 5138 est,
611 5074 920 5147 signiﬁcare
963 5088 1065 5129 nos
1107 5069 1504 5127 aestimandum
1546 5085 1612 5125 ex
1659 5084 1746 5135 ea,
1791 5082 1932 5140 quae
1958 5084 2056 5139 per
2153 5068 2359 5139 justum
2398 5068 2613 5133 dicere,
2653 5067 2835 5123 divina
2872 5067 3203 5133 imitatione,
3242 5076 3298 5121 et
3334 5065 3514 5121 divina
3552 5062 3744 5125 univo-

374 5196 381 5203 ο
469 5165 710 5239 singulos
737 5182 925 5222 eorum
951 5175 1053 5231 est,
1082 5164 1318 5220 essentia
1340 5160 1428 5219 vel
1450 5163 1673 5218 virtute.
1700 5161 1886 5232 Neque
1904 5161 2051 5217 enim
2160 5164 2373 5220 cationc
2403 5164 2565 5234 digna
2594 5160 2741 5218 facta
2770 5170 2874 5217 est.

466 5259 861 5329 superpositam
897 5258 1281 5328 proprietatem
1301 5256 1416 5328 jam
1442 5256 1581 5315 bene
1606 5255 1823 5327 a‘nohis
1843 5254 2051 5311 discre-
2528 5243 2534 5248 ’

1741 5362 1998 5420 vanus
2055 5362 2456 5423 LECTIONES.
2486 5342 2493 5349 “

540 5491 560 5523 ι
586 5480 630 5536 Ε
664 5497 819 5536 unum
846 5482 1206 5554 quodcunque.
1274 5475 1323 5512 ν
1356 5480 1397 5535 Ε
1420 5479 1752 5554 Manifestus.
1827 5486 1849 5516 ⁸
1873 5476 1919 5532 Ε
1958 5478 2133 5550 angeli
2154 5478 2403 5533 virtutes.
2478 5476 2498 5507 ³
2534 5476 2576 5532 Ε
2606 5484 2875 5533 vocantur.
2939 5475 2961 5506 ⁵
2980 5473 3070 5530 BH
3095 5476 3285 5545 prima.
3360 5475 3382 5506 ⁸
3402 5475 3447 5530 Ε
3475 5484 3746 5533 uocantur.

468 5559 493 5591 ο
522 5568 633 5608 esse
662 5566 771 5610 om.
797 5550 866 5609 AI
936 5552 955 5585 '
994 5554 1037 5607 Α
1066 5550 1427 5608 intellectibus.
1501 5551 1524 5585 ³
1564 5550 1603 5606 Ε
1637 5550 1973 5605 incessanter.

1998 5658 2249 5719 NOTAE.

538 5770 566 5801 ι
600 5748 689 5805 l‘ai.
759 5758 821 5814 νι
2215 5756 2243 5797 ι»
2275 5754 2503 5810 Malaeh.
2540 5752 2599 5817 ll,
2624 5750 2655 5804 7
2681 5765 2695 5804 ;
2726 5748 2893 5819 Apoc.
2940 5748 3000 5804 Il.
