4210 6240
1847 238 2129 364 insuavis
2170 278 2365 337 scen

3586 256 3733 335 Ἠ)δῆ

454 430 737 500 ,ιιροιοευε
758 466 771 487 ,
804 422 928 493 quia
959 419 1112 490 juxta
1143 426 1362 469 onmem
1402 401 1914 480 superessentialem
1954 415 2044 455 su-
2073 401 2119 460 Α
2149 386 2269 466 plo.
2302 393 2444 471 sicut
2466 387 2765 445 secundum
2795 395 2894 440 nos
2915 393 3166 449 summus
3187 375 3443 434 sacerdos
3462 389 3561 446 per
3606 386 3739 430 suos

1827 499 1833 500 ,
2027 494 2038 500 -
2212 484 2224 497 .
2271 482 2391 500 ηιμ
2412 498 2423 500 _
2481 495 2525 500 μ
2553 488 2566 500 .
2619 476 2927 500 ---λα-ᾹΑΑΑΑ
2977 485 3212 500 ..η-...μη-
3251 478 3340 500 ...ιι
3388 466 3702 500 {Hunni-unm

450 492 907 599 ιεοιοιιῑιιῖηθηιίειιιι
932 500 1435 576 incomparabiliter
1449 492 1937 568 supercollocatum
1962 494 2046 543 est

453 618 693 678 divinum
750 606 911 667 simul
943 594 1322 660 omni'vis'tbili
1377 588 1744 659 invisibilique
1801 583 2043 643 virtute;

455 710 627 779 atqui,
662 703 789 776 quia
822 697 1066 759 onmium
1088 699 1171 747 est
1203 683 1714 745 remotissimorum,
1744 684 1805 732 ut
1833 674 2048 730 univer-

455 804 601 864 saie.
654 810 831 866 neque
879 789 1071 863 primis
1119 796 1340 846 eorum,
1392 789 1531 847 quae
1583 780 1743 835 sunt,
1797 764 2082 823 essentiis'

457 895 653 952 simile.
690 863 880 945 Adhuc
911 890 965 936 et
994 877 1235 936 omnium
1276 872 1448 942 ipsum
1478 863 1815 940 principium
1833 867 1889 913 et
1917 870 2049 912 cau-

460 1001 584 1041 sam
614 973 1049 1036 substantilicam
1079 981 1230 1029 esse,
1260 973 1317 1018 et
1344 971 1532 1015 eorum
1551 995 1568 1022 ,
1597 967 1739 1024 quae
1778 958 1931 1012 sunt,
1965 960 2055 1000 se-

456 1084 609 1133 ‘creta
639 1065 1017 1141 singularitate
1039 1050 1377 1113 immutabile
1398 1044 1836 1106 fundamentum,
1852 1054 1917 1092 ex
1945 1049 2054 1106 quo

462 1179 518 1224 et
548 1177 671 1221 esse
697 1202 710 1227 ,
739 1171 792 1215 et
824 1159 959 1213 bene
988 1164 1142 1213 esse,
1183 1145 1347 1203 etiam
1382 1140 1514 1213 ipsis
1539 1150 1753 1193 summe
1782 1128 2007 1213 munitis
2035 1127 2050 1159 ί

460 1273 543 1320 est
576 1256 886 1336 virtutibus.
916 1246 1120 1319 Deinde
1143 1240 1363 1299 easdem
1389 1230 1858 1293 sanctissimorum
1890 1223 2055 1278 Sera-

1117 1335 1120 1336 ⁷
1366 1330 1378 1336 ⁸
1487 1335 1491 1336 ⁷
1859 1317 1923 1336 πλε
1949 1316 2050 1336 1-..-

468 1356 618 1428 phim
649 1332 875 1405 eductus
901 1350 986 1398 est
1015 1316 1305 1396 deiformes
1328 1330 1562 1385 virtutes
1580 1366 1595 1391 ,
1640 1336 1797 1379 sacra
1836 1316 2054 1390 quidem

469 1450 709 1521 ipsorum
739 1430 1211 1510 cognominatione
1231 1467 1247 1493 ,
1276 1422 1421 1496 quod
1444 1412 1818 1490 est‘ignitum,
1852 1410 1918 1465 de
1947 1420 2055 1477 quo

1642 1509 1655 1521 .
1680 1507 1693 1520 .
1845 1497 2018 1521 dm-

469 1497 630 1612 pratulo
656 1543 776 1606 post
806 1497 915 1585 nos
946 1525 1221 1586 dicemus,
1265 1522 1527 1588 quantum
1569 1507 1727 1565 nobis
1763 1497 2055 1577 possibile,

465 1626 918 1689 subintrodncerc
940 1618 995 1673 in
1021 1612 1282 1671 deiforme
1306 1605 1508 1679 ignitae
1526 1599 1744 1656 virtutis
1764 1604 2052 1665 anagogas.

469 1728 696 1781 Alarnm
726 1730 852 1773 vero
882 1721 1122 1782 expansa
1145 1716 1301 1760 sacra
1332 1695 1657 1755 formatione
1682 1690 1737 1745 in
1779 1684 2019 1743 divinum
2038 1722 2055 1749 ,

473 1821 525 1872 in
573 1811 763 1886 primis
783 1846 798 1875 ,

371 1947 374 1951 ι
472 1910 705 1965 solutam
744 1912 797 1957 et
836 1894 1159 1961 altissimam
1197 1881 1597 1942 extensionem.
1639 1873 1749 1930 Sed
1781 1879 1839 1927 ct
1872 1858 2064 1925 eorum

474 1999 794 2058 multilicnm
823 1998 878 2046 et
908 1979 1244 2043 multiforme
1268 1975 1459 2031 videns
1497 1962 1881 2026 intellectualis
1918 1960 2066 2015 them

474 2099 656 2166 legas,
700 2095 753 2143 ct
795 2083 895 2139 alis
939 2072 1200 2146 distingui
1228 2082 1350 2126 eam
1389 2065 1582 2123 subtus
1620 2059 1820 2131 pedes,
1865 2060 1923 2108 et
1945 2064 2064 2107 eam

473 2145 664 2243 subtus
693 2179 854 2235 facies
882 2145 1144 2227 visionem
1165 2205 1180 2230 ,
1207 2171 1263 2218 et
1297 2172 1423 2215 eum
1451 2153 1507 2211 in
1548 2149 1742 2209 mediis
1782 2145 1884 2200 alis
1925 2156 2068 2199 sem-

475 2294 573 2349 per
605 2281 807 2329 motum
827 2307 840 2329 ,
869 2260 935 2318 ad
967 2254 1293 2316 invisibilem
1332 2259 1556 2310 eorum,
1595 2254 1733 2313 quae
1774 2237 1889 2291 visa
1916 2239 2066 2295 sunt,

1210 2344 1221 2349 -
1329 2339 1340 2349 -
1604 2330 1873 2349 ,-ep--.-.-.
1899 2322 1946 2349 ,ξ
1989 2320 2038 2349 ..ι

478 2320 550 2424 ab
582 2366 699 2435 ipsa
732 2358 986 2414 reductas
1024 2354 1110 2405 est
1148 2339 1468 2402 scientiam,
1510 2330 1873 2389 manifestata
1898 2322 1949 2379 ei
1989 2320 2070 2376 al-

484 2413 548 2424 -..
584 2413 699 2435 .,---
737 2413 745 2414 ,

484 2459 816 2516 tissimorum
847 2442 1220 2503 intcllectuum
1249 2428 1494 2487 multivia
1541 2432 1598 2479 et
1634 2417 1914 2476 multivida
1954 2413 2066 2469 vir-

483 2563 636 2607 tute:
670 2552 723 2600 et
749 2552 938 2597 eorum
975 2544 1129 2589 sacra
1170 2522 1494 2585 formidine,
1538 2508 1702 2586 quam
1745 2509 1947 2577 habent
1986 2520 2073 2560 su—

482 2636 854 2717 permundane
882 2631 937 2686 in
967 2625 1219 2681 altiorum
1248 2624 1300 2673 et
1340 2610 1649 2687 graviorum
1688 2599 1978 2673 superbam
2017 2602 2073 2650 et

2150 468 2434 539 ministros
2476 488 2572 535 aut
2615 476 2930 534 sacerdotes
2976 485 3216 543 purgans
3250 478 3344 523 ant
3388 466 3739 533 ilhnninans.

2151 581 2266 651 ipse
2292 578 2492 648 dicitur
2519 587 2754 646 purgare
2777 580 2832 627 et
2858 560 3200 630 illuminare,
3251 568 3348 633 per
3390 562 3566 631 ipsum
3608 574 3739 629 pur-

2150 649 2292 746 gatis
2316 666 2633 731 ordinibus,
2664 677 2763 734 per
2800 674 2862 717 se
2905 659 2957 714 in
2987 657 3160 729 ipsum
3208 649 3593 723 reponentibus
3616 660 3770 717 pro--

2149 766 2302 836 prius
2329 774 2517 816 sacras
2543 753 2932 828 operationes:
2976 748 3057 804 sic
3092 754 3149 802 et
3189 743 3467 817 propriam
3504 737 3748 810 purgati-

2152 873 2275 911 vam
2298 852 2585 911 scientiam
2623 856 2681 905 et
2724 843 2984 902 virtutem
3036 842 3153 912 ipse
3182 836 3560 911 purgationem
3591 833 3749 887 theo-

2152 948 2261 1020 logi
2318 945 2611 1019 perliciens
2659 940 2916 1012 angelus,
2977 937 3033 991 in
3084 934 3255 990 Deum
3308 930 3529 1001 quidem
3579 924 3747 979 veluti

2156 1041 2467 1104 causalem,
2524 1035 2720 1093 deinde
2767 1033 2823 1088 in
2877 1030 3053 1100 ipsum
3107 1023 3453 1094 Serapbim,.
3488 1029 3749 1089 tanquam

2155 1134 2333 1205 primo
2358 1137 2606 1208 agentem
2636 1135 2909 1182 summum
2941 1119 3311 1180 sacerdotem,
3340 1110 3590 1185 reponit;
3637 1107 3749 1163 vel-

2156 1227 2234 1284 uti
2259 1222 2509 1281 fortassis
2552 1210 2677 1292 quis
2721 1214 2946 1280 dixerit,
2990 1226 3114 1270 cum
3157 1207 3403 1281 angelica
3444 1202 3749 1261 reverentia

2155 1326 2450 1393 purgatum
2483 1314 2765 1374 edocens,
2793 1309 2920 1379 quia
2953 1305 3008 1360 in
3040 1314 3091 1358 te
3122 1309 3250 1358 ante
3278 1314 3366 1355 me
3392 1296 3753 1369 perﬁciendae

2156 1406 2505 1486 purgationis
2552 1401 2884 1475 principium
2931 1396 3151 1470 quidem
3197 1401 3282 1450 est
3331 1389 3640 1455 excelsum,
3697 1397 3753 1440 et

2158 1501 2427 1591 essentia,
2455 1505 2513 1553 et
2539 1495 2793 1560 Greater,
2824 1500 2881 1548 et
2914 1486 3179 1553 causalis,
3218 1486 3533 1557 primasque
3572 1494 3756 1535 essen-

2158 1598 2265 1653 tias
2290 1579 2366 1650 ad
2387 1606 2508 1649 esse
2534 1590 2837 1654 adducens,
2863 1596 2920 1642 et
2942 1586 3089 1642 circa
3117 1596 3179 1638 se
3196 1576 3553 1636 collocatione
3580 1574 3763 1628 conti-‘

2168 1704 2324 1755 nens,
2347 1698 2402 1743 et
2416 1674 3217 1742 observans.inconversibiles
3243 1681 3295 1727 et
3322 1684 3452 1726 casu
3486 1673 3756 1726 carentes,
3824 1698 3827 1700 -

883 1755 1122 1782 ,κγ-ηπ
1145 1755 1204 1760 __
1221 1755 1286 1757 c_,

852 1807 905 1860 in
949 1799 1172 1863 mediis,
1215 1795 1273 1850 in
1312 1788 1519 1846 ultimis
1558 1779 1920 1855 intellectiL-us
1964 1773 2061 1863 ab-
2091 1758 2225 1839 Βει
2272 1781 2783 1852 δείιδευηιριηοτθηε
2828 1772 2884 1827 in
2925 1768 3134 1841 primas
3178 1760 3520 1837 propriam“.
3570 1755 3757 1828 pro“-

2166 1849 2371 1929 derum
2394 1865 2776 1941 operationum
2804 1859 3267 1934 participationes.
3295 1852 3412 1908 Hoc
3438 1849 3586 1907 enim
3626 1849 3758 1903 haec

2167 1980 2256 2021 me
2279 1964 2484 2020 docens
2520 1959 2598 2015 ait
2636 1952 3122 2029 ipsius-Seraphim
3150 1945 3507 2004 manifestare
3535 1939 3750 1997 missio-

2166 2071 2293 2113 nem
2318 2054 2360 2110 ’.
2395 2051 2655 2112 Summus
2686 2055 2871 2117 autem
2896 2041 3155 2100 sacerdos
3192 2049 3249 2095 et
3277 2046 3400 2108 post
3428 2034 3599 2091 Detnn
3624 2030 3762 2090 dttx.

2170 2143 2716 2223 ipsepraestantium
2744 2137 3110 2197 essentiarnm
3140 2134 3405 2194 ornatus,
3446 2142 3478 2182 a
3518 2139 3628 2196 quo
3663 2137 3760 2193 egi.

2169 2251 2407 2314 purgare
2446 2219 2792 2292 deiformiter
2815 2226 3064 2284 eruditus
3112 2236 3257 2285 sum,
3298 2219 3415 2290 ipse
3462 2215 3627 2286 igitur
3672 2222 3759 2266 est

2171 2305 2408 2408 perime
2449 2337 2505 2385 te
2538 2337 2824 2399 purgans,
2867 2330 2965 2392 per
3008 2331 3170 2388 quem
3215 2310 3468 2385 proprias
3511 2305 3763 2378 provilas

2172 2425 2418 2480 actiones
2442 2435 2510 2476 ex
2555 2395 2769 2475 occulto
2796 2419 2851 2467 et
2893 2410 2947 2465 in
2989 2423 3090 2463 nos
3128 2403 3382 2478 produxit
3428 2400 3548 2471 ipsa
3597 2395 3765 2451 tutius

2173 2531 2337 2573 causa
2365 2521 2423 2568 et
2448 2509 2627 2583 opifex
2655 2491 3191 2579 purgationis.'llaec
3218 2495 3438 2567 quidem
3468 2491 3558 2547 ille
3580 2488 3769 2544 docuit

2171 2622 2295 2673 me,
2324 2603 2422 2660 tibi
2452 2610 2637 2665 autem
2663 2576 2781 2670 ego
2798 2591 2975 2649 trado.
3019 2589 3134 2645 Tua
3176 2594 3357 2641 autem
3402 2576 3766 2638 concesserim

516 2674 568 2698 CI
582 2674 854 2697 lllllllunuv
883 2674 937 2686 υ-
967 2674 1115 2681 —-----
1136 2674 1177 2677 ν,
1340 2674 1372 2687 ν

483 2674 745 2790 :udacem
771 2733 828 2779 et
854 2711 1243 2789 impossibilem
1271 2701 1703 2763 scrutationem:
1734 2703 1793 2749 et
1832 2691 1886 2746 in
1925 2702 2075 2743 com-

2178 2692 2526 2754 intellectuali
2555 2699 2613 2747 et
2641 2685 2931 2745 diseretiva
2957 2680 3185 2738 scientia
3211 2718 3227 2744 ,
3258 2684 3353 2731 aut
3379 2674 3606 2729 alteram
3638 2685 3764 2741 par-

484 2766 745 2790 ιιιιυαιιυιιι
772 2766 828 2779 ν-
856 2766 1127 2789 ..νῖν---ην
1166 2766 1175 2768 c

484 2836 671 2879 mensn
681 2816 890 2872 ratione
914 2810 1084 2865 Deum
1105 2798 1434 2860 imitantium
1453 2790 1729 2848 actionum
1754 2776 2076 2839 iueessahile

2178 2799 2288 2845 tem
2316 2788 2584 2843 dictarqu
2612 2792 2900 2837 causarum
2928 2770 3135 2829 absolvi
3165 2766 3526 2825 dubitatione.
3559 2770 3614 2816 et
3638 2774 3769 2815 ean-

483 2924 538 2968 et
569 2905 844 2966 altivohnn
871 2889 1385 2969 semper’motionis.
1414 2881 1521 2940 Sed
1550 2889 1607 2937 et
1642 2877 1793 2933 illam
1836 2870 2073 2969 divinam
2176 2881 2301 2938 dem
2350 2877 2625 2933 honorare
2672 2879 2800 2927 ante
2857 2867 3103 2929 alteram,
3132 2870 3390 2932 tanquam
3429 2865 3774 2925 consequens

414 3028 419 3031 ν
484 3018 539 3061 et
569 3001 794 3060 multum
837 2959 1139 3067 preciosam
1166 2976 1515 3056 hymnodiam
1543 2969 1789 3033 eruditus
1814 2972 1931 3056 est,
1966 2959 2077 3017 for-

490 3105 672 3154 mante
739 3089 1003 3146 visionem
1058 3075 1248 3150 angelo
1301 3067 1603 3129 secundum
1627 3069 1633 3075 '
1657 3050 1914 3118 virtutem
1971 3053 2073 3126 ipsi

490 3186 739 3256 theologo
760 3178 783 3248 ,'
819 3188 875 3236 et
917 3149 1167 3233 tradente
1200 3163 1489 3242 propriam
1518 3169 1733 3214 sacram
1764 3149 2068 3208 scientiam.

490 3248 702 3338 Docuif
709 3288 839 3346 ergo
868 3283 991 3325 cum
1021 3274 1078 3322 et
1104 3264 1230 3327 hoc,
1254 3256 1381 3329 quia
1413 3248 1663 3326 purgatio
1678 3253 1763 3304 est
1791 3250 2079 3314 quantum-

494 3383 706 3439 cunque
737 3332 979 3437 purgatis
1014 3357 1131 3428 ipsa
1177 3349 1394 3409 divinae
1437 3338 1706 3399 claritatis
1732 3332 2077 3407 incognitae,

491 3431 756 3534 qnnnnun
811 3431 1106 3526 possibile,
1159 3436 1526 3520 participatio.
1581 3431 1727 3489 Haec
1776 3434 1957 3483 autem
2008 3437 2076 3478 ex

494 3556 665 3627 ipsius
695 3544 994 3605 divinitatis
1022 3534 1248 3599 remotis
1276 3528 1490 3594 causis,
1522 3537 1629 3597 qua
1667 3533 1858 3577 omnes
1898 3526 2085 3571 sacros

493 3605 801 3704 interiectus
830 3623 1355 3704 superessentialiter
1375 3614 1736 3674 occultatione
1763 3605 2083 3681 perliciens,

495 3732 774 3791 altissimis
800 3726 948 3783 circa
980 3737 1039 3777 se
1070 3713 1362 3771 virtutibus
1413 3703 1753 3762 manifestior
1813 3693 2086 3768 quomodo

451 3840 455 3844 '
497 3838 610 3892 est,
643 3834 697 3878 ct
727 3816 899 3888 magis
947 3808 1295 3877 semetipsum
1338 3796 1650 3855 manifestat
1691 3800 1748 3847 et
1789 3784 2084 3844 distribuit.

501 3915 705 3978 Deinde
728 3928 795 3968 ex
824 3904 1077 3965 secundis
1116 3908 1211 3954 aut
1253 3889 1593 3953 novissimis,
1635 3893 1731 3940 aut
1766 3881 1970 3939 nostris
2008 3876 2091 3933 in-

505 4006 899 4068 teilectnalibus
926 3986 1248 4057 virtutibus,
1282 3994 1545 4059 quantum
1575 3980 1645 4036 ab
1676 3979 1792 4049 ipsa
1820 3984 2091 4043 unaquae-

501 4120 610 4178 que
649 4096 946 4158 secundum
1008 4087 1271 4145 deiforme
1327 4077 1538 4140 extitit,
1595 4073 1676 4130 sic
1745 4064 2091 4124 manifestam

1290 4173 1302 4178 -
1379 4170 1410 4178 ,ν
1517 4166 1529 4178 .
1690 4161 1820 4178 λη
1867 4154 2068 4178 “Au,”

503 4154 655 4252 suam
687 4181 1137 4246 illuminationem
1166 4170 1418 4232 conducit
1464 4166 1533 4221 ad
1572 4161 1825 4236 propriae
1861 4154 2095 4213 occulta-

505 4286 672 4343 tionis
699 4276 1027 4348 laudandum
1060 4270 1327 4340 ignotum.
1354 4261 1525 4317 Lucet
1550 4263 1731 4313 autem
1755 4266 1854 4323 per
1881 4245 2094 4321 singula

506 4378 756 4437 secundis
781 4386 877 4446 per
899 4371 1093 4443 prima,
1114 4362 1237 4421 etsi
1263 4366 1480 4432 oportet
1495 4353 1736 4411 breviter
1757 4349 1964 4412 dicere,
1986 4342 2096 4416 pri-

489 4492 598 4528 ἰιῖο
617 4486 687 4528 ex.
702 4466 919 4525 occulto
940 4461 1008 4518 ad
1030 4454 1379 4516 manifestum
1403 4449 1617 4507 ducitur
1643 4460 1742 4518 per
1762 4443 1968 4521 primas
1988 4436 2096 4494 vir-

454 4612 457 4619 .
511 4579 669 4625 tutes.
721 4561 834 4618 Hoc
869 4572 1003 4629 ergo
1046 4540 1326 4624 theologus
1353 4544 1542 4601 didicit
1568 4556 1637 4597 ex
1668 4538 1842 4593 lucem
1864 4534 2097 4589 ducente

508 4674 633 4715 eam
664 4652 885 4725 angelo,
910 4650 1016 4705 hoc
1042 4653 1158 4710 est,
1186 4636 1561 4713 purgationem
1588 4641 1644 4687 et
1668 4641 1860 4686 omnes
1885 4624 2098 4679 divinas

511 4748 971 4822 oper-stionesper
992 4740 1197 4811 primas
1219 4731 1485 4790 esscntias
1505 4726 1808 4783 relucentes
1830 4721 1885 4775 in
1908 4730 2100 4775 omnes

516 4810 754 4913 reliquas
802 4810 1047 4893 distribui
1089 4825 1389 4886 secundum
1418 4817 1843 4888 uniuscujusque
1871 4813 1937 4868 ad
1980 4810 2098 4867 dei-

518 4899 649 4989 licus
699 4921 1146 4999 participationes
1192 4912 1518 4985 analogiam.
1572 4908 1800 4976 Propter
1853 4899 1999 4974 quod
2046 4908 2105 4955 et

522 4994 1057 5097 ignite-putgativam
1084 5006 1471 5081 proprietatem
1494 4999 1629 5070 ipsis
1654 4994 1940 5065 Seraphim
1969 5007 2101 5049 con-

466 5148 471 5152 -
520 5083 811 5187 εἱσιυθιιῖει·
826 5083 959 5177 post
984 5104 1153 5158 Deum
1183 5093 1443 5168 reposuit.
1474 5089 1617 5145 Nihil
1661 5102 1792 5157 ergo
1835 5083 2109 5140 inordina-

483 5223 487 5226 ·
522 5176 669 5269 tum,
698 5202 745 5260 si
768 5211 1002 5275 purgare
1067 5192 1266 5248 dicitur
1308 5186 1616 5259 theologum
1664 5179 1970 5251 Scrapbim.
2015 5176 2109 5233 Sic

527 5299 668 5357 enim
694 5267 1062 5362 Debspurgat
1088 5296 1299 5348 omnes,
1324 5293 1557 5351 quorum
1586 5274 1750 5331 totius
1773 5267 2112 5343 purgationis
2193 5293 2196 5296 η

534 5400 609 5449 est
629 5400 819 5445 causa.
843 5380 1013 5453 Magis
1031 5385 1234 5441 autem,
1254 5369 1499 5445 proxime
1521 5366 1664 5422 enim
1689 5373 1903 5420 utemur
1923 5374 2109 5417 exem-

2177 2981 2232 3029 et
2278 2965 2605 3027 rationabile
2652 2971 2709 3018 et
2761 2973 2935 3030 aeque
2981 2968 3174 3012 verum
3214 2950 3559 3013 habentem;
3605 2950 3701 2998 aut
3740 2956 3773 2994 a

2178 3077 2232 3122 te
2260 3065 2412 3135 ipso,
2442 3057 2588 3131 quod
2622 3069 2750 3111 vere
2782 3051 2905 3109 veri
2938 3046 3208 3111 vicinius,
3257 3040 3523 3105 invenire,
3591 3033 3809 3092 aut-ab'

2182 3159 2355 3216 altero
2396 3154 2641 3214 discere,
2674 3147 2789 3203 Deo
2838 3128 3317 3201 videliectdante,
3363 3143 3420 3189 et
3447 3132 3600 3204 prius
3641 3127 3781 3183 reci-

2180 3237 2460 3324 pientibus
2480 3240 2708 3313 angelis,
2731 3246 2788 3293 et
2808 3232 3122 3306 angelorum
3143 3226 3336 3285 amicis
3362 3221 3519 3281 nobis
3540 3216 3782 3299 revelare

2183 3296 2281 3414 per
2303 3337 2421 3408 eius
2448 3333 2621 3406 magis
2653 3326 2943 3385 amabilem
2969 3317 3510 3390 contemplationem.
3654 3296 3657 3299 λ

2700 3411 3102 3476 CAPITULUM
3135 3409 3279 3467 XIV.

2297 3521 2438 3591 Quid
2470 3514 2726 3590 signiﬁcet
2754 3511 2792 3561 ν³
2831 3506 3058 3564 traditus
3094 3500 3363 3573 angelicas
3390 3496 3672 3591 'nu‘merua.

2260 3615 2325 3670 Et
2366 3615 2471 3668 hoc
2516 3572 2699 3664 autem
2749 3603 2993 3675 dignum,
3048 3605 3110 3652 ut
3137 3572 3388 3656 aestimo,
3433 3572 3786 3643 intellectuali
3864 3612 3869 3617 ι

2189 3707 2521 3781 cognitione,
2538 3701 2664 3773 quia
2685 3697 3022 3772 eloquiorum
3041 3691 3106 3745 de
3126 3684 3332 3757 angelis
3369 3679 3588 3736 traditio
3610 3674 3787 3732 milies

2190 3802 2336 3860 milia
2365 3813 2487 3857 esse
2529 3797 2606 3852 ait
2634 3805 2692 3860 O,’
2726 3801 2781 3849 et
2807 3791 2996 3845 decem
3018 3786 3038 3816 ⁸
3065 3782 3211 3839 milia
3239 3779 3420 3835 decies
3456 3773 3652 3836 milies,
3687 3784 3775 3825 se-

2191 3893 2426 3952 cundum
2472 3902 2572 3945 nos
2619 3879 3418 3942 sublimissimosnumerorum
3467 3865 3520 3920 in
3552 3863 3788 3932 seipsam

2194 3950 2478 4042 revolvens
2517 3985 2574 4035 et
2610 3969 2992 4047 multiplicans,
3027 3973 3085 4025 et
3113 3974 3226 4035 ‘per
3250 3959 3353 4016 hos
3377 3966 3563 4028 aperte
3583 3950 3790 4023 signiti-

2193 4095 2326 4140 cans
2368 4068 2788 4134 innumerabiles
2819 4061 3135 4123 caelestium
3176 4045 3539 4114 essentiarnm
3568 4048 3789 4105 ordina—

2197 4178 2392 4233 tiones.
2426 4166 2623 4225 llnltae
2645 4162 2789 4221 enim
2832 4164 2960 4216 sunt
2992 4146 3188 4211 beatae
3217 4145 3439 4203 militiae
3467 4153 3790 4210 supermun-

2195 4266 2399 4324 dalinm
2421 4257 2810 4321 intellectuum.
2830 4248 3111 4305 inﬁrmam
3136 4249 3193 4298 et
3212 4245 3510 4296 eoat-tatam
3526 4244 3794 4301 superan-

2199 4369 2282 4417 tes
2308 4350 2668 4417 materialium
2695 4338 2995 4403 secundum
3017 4331 3117 4392 nos
3145 4342 3495 4390 numerorum
3515 4336 3795 4390 commen-

2198 4448 2554 4509 surationem,
2588 4450 2646 4497 et
2685 4452 2719 4492 a
2755 4432 2871 4490 sola
2914 4428 3158 4502 gnostica
3189 4420 3467 4482 definitae.
3496 4414 3794 4490 semiudum

2198 4545 2374 4616 ipsam
2398 4529 2871 4608 supermundanae
2908 4530 2968 4583 et
3009 4518 3263 4577 caelestis
3311 4507 3698 4580 intelligentiae
3742 4513 3797 4559 et

2202 4594 2757 4691 srcientiae‘ditissime
2799 4616 2881 4673 eis
2925 4608 3270 4689 donationem
3329 4601 3566 4661 sanitate
3616 4594 3799 4652 divina

2204 4723 2405 4782 multae
2441 4714 2704 4774 scientiae
2750 4687 3142 4778 sapientillcae,
3167 4695 3409 4751 onmium
3448 4687 3607 4746 simul
3659 4699 3802 4757 quae

2206 4825 2333 4875 sunt
2369 4802 2895 4882 superessentialiter
2924 4792 3208 4852 existentis
3227 4785 3498 4860 principii,
3524 4786 3580 4838 et
3600 4791 3801 4837 causae

2207 4869 2634 4964 substaniiticac,
2666 4903 2724 4950 et
2761 4880 3090 4949 continentis
3131 4878 3367 4943 virtutis,
3411 4884 3469 4932 et
3512 4869 3802 4950 ambientis

2208 4990 2714 5058 consummationis.

2726 5063 2918 5124 CAP“
2935 5057 3131 5119 ULUM
3169 5054 3288 5131 XV.

2212 5178 2361 5246 Quae
2386 5174 2487 5229 sint
2533 5162 2843 5240 [omnativa'e
2864 5154 3223 5226 angelicam»:
3247 5148 3493 5203 virtutum
3523 5140 3798 5210 imagines.

3104 5244 3107 5246 -
3527 5230 3540 5243 .
3568 5226 3778 5246 ηυμη,

2282 5267 2388 5323 Fer
2414 5226 2560 5334 quod
2604 5259 2791 5317 restat,
2829 5244 3168 5305 remittentes
3198 5246 3464 5299 nostrum,
3495 5230 3542 5286 si
3566 5226 3801 5292 videtur,

2212 5315 2634 5417 intellectualem
2662 5315 2879 5401 oculum
2921 5336 3069 5395 circa
3099 5329 3361 5389 sublimes
3397 5315 3802 5391 contemplatio-

1750 5494 1751 5497 ‘
1777 5479 1863 5536 VA
1874 5476 2035 5533 RIAE
2068 5462 2471 5532 LECTIONES.

618 5591 863 5649 tumentis
889 5603 998 5645 om.
1025 5585 1139 5643 EH.
1215 5585 1235 5614 ’
1262 5583 1306 5636 Α
1326 5580 1620 5653 jussionem
1638 5612 1653 5629 .
1695 5575 1726 5607 "
1744 5573 1786 5629 Ε
1817 5569 2100 5644 signiﬁcat.
2132 5565 2155 5597 ‘
2182 5565 2274 5620 Sic
2300 5560 2422 5618 AE:
2460 5556 2550 5614 BH
2576 5564 2634 5611 et
2658 5560 2893 5629 casteria.

2049 5653 2302 5715 NOTAE.

604 5786 628 5815 ⁸
659 5773 771 5833 Dan
822 5769 933 5835 Vil,
972 5767 1055 5823 l0.
