4210 6250
479 363 617 424 4065

1139 365 1388 425 vsns'to
1425 365 1715 426 Ol’ERUM
1751 366 1808 425 s.
1849 365 2168 424 otouvsn.
2197 395 2252 404 -
2292 357 2668 420 assensus
2705 321 3098 416 temecum.

3621 343 3765 404 1066

485 498 581 542 nes
623 479 864 552 angelico
912 481 1116 552 vigore,
1148 483 1216 539 ad
1251 481 1524 539 dividuum
1569 493 1625 540 et
1659 482 2066 554 multipartitam
2094 483 2143 543 Α
2171 477 2444 549 propriam
2487 473 2794 530 manifestet
2815 473 2837 508 ⁸
2878 471 3168 528 actionem.
3201 451 3760 532 lmmellsurabilisque

479 569 820 626 latitudinem
841 573 1190 630 multiformis
1212 575 1580 646 angeliearum
1605 576 2070 646 spccitieationum

465 666 782 735 .verietatis,
796 667 1390 740 descendentesiterum
1406 671 1461 726 in
1475 669 1605 742 ipsis
1619 682 1874 742 tanquam
1890 670 2076 724 incon-

479 755 834 824 Seqncutilms
865 759 918 812 in
961 759 1362 840 simplicitatem
1409 763 2072 831 caelestium,animorutn

481 845 750 918 analytice
774 847 1004 904 reﬂexis.
1032 849 1207 906 Unum
1228 863 1410 909 autent
1431 855 1500 909 sit
1528 854 1620 910 tibi
1644 854 2074 925 praecognitnm,

479 936 751 1005 quorumlo
776 955 967 996 sacrae
1012 942 1368 999 fortnatarum
1395 943 1689 1017 imaginum
1723 946 2078 1002 resolutiones

479 1028 696 1127 easdem
743 1030 1033 1101 aliquando
1073 1034 1387 1091 caelestium
1437 1037 1800 1094 essentiarum
1844 1029 2075 1107 djsposi-l

484 1121 660 1174 tiones
687 1121 1086 1178 sattctitieantes
1112 1124 1443 1196 signiﬁcant,
1472 1137 1527 1182 et
1552 1128 1747 1184 itermn
1773 1127 2086 1184 sanctiﬁca-

487 1217 588 1273 tas,
617 1287 624 1294 Δ
649 1220 704 1264 et
748 1212 1074 1272 nOvissimas
1116 1218 1554 1286 sanetiticantes,
1605 1220 2119 1291 sanctificatasque.

485 1300 788 1370 printas,ret
812 1306 1054 1370 easdem,
1084 1319 1142 1364 ut
1169 1309 1372 1366 dictum
1401 1321 1507 1376 est,
1541 1312 1746 1382 primas
1773 1322 1829 1368 et
1875 1311 2083 1369 medias

484 1397 781 1454 eoultimas
807 1399 1068 1458 habentes
1096 1401 1341 1468 virtutes,
1373 1403 1519 1460 nulla
1537 1403 1845 1460 inordinata
1877 1404 2085 1462 ratione

487 1485 822 1556 introducta,
854 1491 1154 1548 sectmdmn
1187 1493 1495 1564 huiusmodi
1543 1498 1939 1554 reserationum
1967 1513 2084 1554 mo-

486 1583 634 1636 dum.
665 1582 719 1636 Si
749 1586 968 1655 quidem
1009 1589 1153 1642 enim
1187 1589 1514 1646 sanetiticari
1541 1591 1803 1661 quasdam
1837 1609 1867 1647 a
1895 1593 2085 1662 prioris

489 1675 590 1732 bus
644 1675 952 1736 diceremus
983 1698 1012 1744 ,ο
1065 1679 1260 1758 deinde
1327 1683 1622 1740 earundem
1681 1685 2089 1753 sanctitit-antes

487 1767 714 1834 priores,
746 1767 941 1826 iterum
968 1772 1372 1832 sanctificantes
1413 1776 1726 1832 ultimarum
1753 1777 2086 1834 sanctiﬁeari

2175 580 2232 626 et
2283 568 2568 626 invisibilis
2614 582 2709 637 per
2761 565 3022 637 seipsum,
3067 569 3258 632 potens
3293 554 3458 626 simul
3496 553 3762 626 omnium.

2177 676 2231 720 et
2260 678 2616 735 quaecunque
2642 662 2694 716 in
2731 659 2812 716 eis
2848 667 2976 717 sunt
3009 659 3052 719 ⁸,
3079 655 3214 708 tiunt
3237 649 3310 710 adi
3343 647 3618 706 actionem
3641 659 3764 714 pro-

2177 759 2376 828 priam,
2415 755 2652 817 mobilis,
2707 752 2926 807 tradens
2966 741 3490 828 seipsunromnibus
3521 749 3777 810 quoquee.

2178 851 2341 906 modo
2357 845 2812 921 proximantibus.
2849 837 3214 898 lienovativus
3235 823 3462 890 naturae
3496 824 3767 888 custodia,

2179 939 2574 996 illuminativus
2611 931 3016 993 circumdatis
3038 926 3436 1000 splendoribus,
3466 923 3770 989 incompre-

2179 1032 2484 1095 hensibilis,
2499 1029 2700 1094 clarus,
2724 1029 3009 1087 discretus,
3033 1022 3304 1086 resiliens,
3325 1032 3542 1074 sursum
3563 1013 3771 1076 l‘erens,

2179 1133 2340 1182 acute
2352 1125 2557 1196 mean’s,
2572 1120 2842 1185 excelsus,
2861 1133 2966 1174 non
2985 1124 3234 1186 receptus
3249 1105 3578 1188 contumelia
3599 1103 3775 1161 mino-
3851 1171 3864 1179 υ

2183 1219 2432 1284 rationis,
2453 1230 2676 1287 semper
2695 1223 2894 1274 motus.
2931 1226 3030 1285 per
3056 1208 3292 1278 seipsutn
3329 1212 3526 1265 motus,
3553 1209 3776 1253 movens

2183 1311 2434 1373 alterum,
2459 1286 2944 1378 comprehendeus,
2970 1298 3605 1370 incomprehensus,non
3629 1286 3776 1378 indis

2183 1417 2318 1474 gens
2350 1374 2602 1463 alterius,
2629 1397 2801 1452 latens
2829 1409 2978 1459 vere,
3007 1405 3260 1450 crescens
3307 1403 3336 1442 a
3385 1385 3584 1454 seipse,
3611 1386 3670 1434 et
3710 1374 3781 1430 ad.

2185 1501 2472 1562 susceptas
2508 1489 2767 1546 materias
2808 1485 3167 1543 manifestans
3213 1481 3412 1538 suimet
3447 1469 3778 1545 inagnitndi-

2186 1601 2330 1652 nem,
2356 1584 2588 1644 activus,
2613 1577 3012 1652 potens,.simul
3035 1575 3288 1632 domibus
3309 1583 3567 1640 praesens
3597 1562 3782 1619 invisis

2183 1678 2386 1742 biliter,
2407 1673 2684 1746 neglectus
2706 1687 2815 1728 non
2839 1685 2962 1728 esse
2974 1677 3218 1740 putatur,
3235 1663 3656 1720 attrituantcm,
3675 1656 3786 1710 sic-

2188 1773 2265 1827 uti
2290 1769 2524 1842 quadam
2553 1766 2790 1822 vindicta
2818 1761 3245 1822 conantur-aliter
3277 1767 3332 1814 et
3356 1753 3576 1828 proprie
3601 1747 3788 1806 subito

488 1857 558 1912 ab
581 1857 712 1928 ipsis
751 1860 858 1916 illis
899 1865 1277 1931 sanctificatis,
1322 1881 1451 1923 vere
1481 1868 1881 1926 inordinatione
1910 1885 1998 1925 res
2030 1878 2086 1924 et
2117 1860 2164 1920 Β
2195 1841 2466 1926 relucens,
2494 1867 2545 1915 et
2571 1859 2766 1915 iterum
2799 1849 3424 1927 incomprehensibiliter
3459 1841 3782 1917 impalpabi-

490 1947 808 2006 confusione
857 1953 1020 2009 multa
1075 1954 1416 2026 interposita.
1474 1957 1532 2014 Si
1591 1974 1722 2016 vero
1765 1960 1985 2020 easdem
2033 1968 2093 2017 et

491 2041 832 2097 sancttlicare
855 2051 910 2099 et
954 2047 1284 2104 sanetiflcari
1321 2048 1574 2118 dicimus,
1604 2067 1880 2125 nunquam
1909 2061 2090 2110 autem

489 2129 786 2185 eorundem
820 2143 914 2186 aut
965 2134 1034 2190 ab
1077 2137 1308 2206 eisdem,
1347 2141 1444 2196 sed
1473 2155 1572 2196 eas
1618 2141 1859 2212 singulas
1887 2141 2092 2199 sancti-

493 2218 646 2274 ticari
683 2222 902 2292 quidem
957 2241 988 2278 a
1041 2227 1334 2296 prioribus,
1373 2232 1718 2287 sanetilirarc
1761 2241 1948 2287 autem
1996 2249 2092 2289 no-

493 2308 776 2367 vissimus:
808 2329 916 2368 non
949 2317 1403 2389 inconsequeuter
1429 2319 1682 2378 fortassis
1715 2323 1840 2394 quis
1869 2323 2090 2390 dixerit,

496 2401 548 2454 in
577 2401 806 2474 eloquiis
830 2419 986 2462 sacre
1031 2406 1203 2465 factas
1231 2407 1458 2482 formas,
1497 2423 1592 2469 eas
1617 2413 1908 2485 aliquando
1933 2396 2096 2485 posse

411 2539 415 2544 .
493 2501 550 2546 et
577 2494 771 2563 primis
811 2507 867 2552 ct
894 2498 1100 2564 ultimis
1143 2510 1198 2556 et
1236 2501 1429 2559 mediis
1458 2504 1750 2562 virtutibus
1787 2507 2013 2576 pulchre
2037 2517 2095 2564 et

496 2595 626 2636 vere
656 2584 1119 2645 circumdare.‘Et
1145 2606 1362 2648 sursum
1392 2593 1560 2665 igitur
1597 2578 2040 2654 conversibiliter
2075 2600 2088 2631 '

496 2672 737 2778 extendi,
777 2684 841 2738 et,
871 2691 1001 2747 erga
1040 2681 1358 2752 semetipsas
1401 2683 1631 2742 firmiter
1671 2687 1940 2756 eonvolvi,
1973 2704 2096 2762 pro-

497 2768 737 2872 priarum
783 2768 1083 2827 existentes
1131 2775 1486 2831 custoditivas
1519 2777 1800 2846 virtutum,
1853 2789 1910 2837 et
1964 2797 2095 2855 erga

503 2861 773 2962 venientia
802 2861 1050 2918 soeiabili
1082 2867 1453 2936 proccssione,
1481 2870 1733 2941 providos
1751 2887 1848 2929 eas
1883 2873 1936 2928 in
1965 2889 2096 2944 par-

502 2953 813 3018 ticipatione
839 2953 1054 3010 virtutis
1095 2972 1240 3023 esse,
1291 2960 1544 3016 omnibus
1593 2976 1698 3018 non
1746 2963 1883 3020 falso
1930 2963 2094 3022 coad~

502 3040 694 3129 enabit
763 3043 784 3074 ⁸
847 3045 1174 3119 caelestibus
1228 3050 1503 3119 essentiis,
1567 3054 1670 3109 etsi
1711 3054 1832 3110 aliis
1877 3055 2094 3126 quidem

398 3169 403 3173 .
499 3134 836 3202 superposite
874 3145 927 3190 et
985 3139 1385 3207 universaliter,
1435 3150 1494 3198 ut
1531 3159 1693 3216 saepe
1733 3146 1937 3203 dictum
1987 3155 2096 3215 est,

500 3223 623 3280 aliis
673 3241 802 3282 vero
851 3232 1251 3300 pat't'ieulariter
1295 3244 1352 3291 et
1409 3235 1670 3306 subjecto.
1729 3237 2094 3298 inchoandum
2123 3235 2170 3298 C

501 3325 683 3375 autem
729 3322 956 3389 ratione,
983 3335 1043 3382 et
1087 3329 1458 3397 quaerendum
1502 3331 1556 3385 in
1595 3322 2100 3409 prima-formarum

501 3411 854 3478 resolutione,
904 3416 975 3471 ob
1021 3433 1184 3486 quam
1221 3414 1442 3478 causam
1487 3423 1757 3497 theologia
1809 3425 1920 3482 fere
1958 3422 2124 3482 ultra

499 3517 690 3559 omnes
711 3504 984 3563 invenitur
1007 3511 1280 3568 bonorans
1306 3513 1530 3586 ignitum
1551 3519 2100 3591 sacrantdescriptio—

503 3611 646 3691 nent.
697 3599 945 3658 Invenies
990 3621 1118 3676 ergo
1159 3621 1278 3662 eam
1333 3626 1436 3664 non
1499 3611 1676 3668 solum
1718 3623 1866 3668 rotas
1912 3599 2101 3684 igneas

502 3688 958 3760 etiztl‘ormantetn,
987 3700 1079 3754 sed
1108 3709 1161 3753 et
1185 3699 1439 3755 animalia
1475 3701 1662 3772 ignita,
1690 3710 1746 3758 et
1773 3703 1918 3760 viros
1943 3703 2102 3776 (ιιιαεὶ

503 3779 646 3850 ignis
691 3783 1024 3856 fulgurantes
1061 3800 1099 3855 ³,
1135 3801 1191 3848 et
1227 3791 1372 3849 circa
1411 3809 1506 3851 cas
1550 3796 1813 3858 caelestes
1836 3797 2100 3856 essentias

501 3873 750 3976 cumulus
769 3877 1064 3935 carbonum
1091 3883 1236 3954 ignis
1257 3884 1779 3956 circumponentem,
1811 3874 1864 3944 et
1878 3889 2099 3946 ilmnina

505 3970 930 4024 immensurabili
963 3974 1161 4040 sonitu
1245 3975 1367 4050 igne
1443 3977 1726 4050 flagrantia
1777 3993 1828 4036 ι.
1879 3979 1994 4038 Sed
2043 3991 2100 4039 et

505 4053 757 4112 Thronos
815 4061 895 4116 ait
943 4077 1129 4134 igneos
1172 4080 1330 4134 esse,
1377 4077 1432 4124 et
1487 4069 1634 4140 ipsos
1701 4071 2102 4131 excelsissimos

505 4145 792 4220 Serapbim
833 4153 1366 4227 caelitusardentes
1393 4173 1465 4216 ex
1509 4162 1982 4234 cognominatiOnc
2027 4165 2103 4220 si-

448 4267 466 4274 ι
503 4239 764 4312 gnificare
790 4247 1063 4318 :‘ct'ignis
1084 4265 1184 4320 pro
1222 4249 1471 4310 rietatem
1497 4263 1552 4310 et
1572 4256 1943 4326 operationem
1967 4256 2102 4328 ipsis

503 4331 803 4400 distribuit,
849 4346 904 4390 ct
947 4339 1170 4396 omnino
1219 4355 1436 4398 sursum
1481 4344 1845 4416 deorsumque
1875 4347 2099 4420 ignitam

502 4424 734 4480 honorat
760 4427 1002 4484 seleclitn
1046 4431 1342 4490 formarum
1373 4437 1659 4493 facturam.
1692 4439 1835 4511 Ergo
1880 4417 2100 4510 igneum

441 4561 455 4574 .
503 4513 813 4586 signiﬁcare
842 4526 1388 4583 censeo‘melestium
1419 4531 1724 4589 animorum
1740 4533 2123 4592 deiformissi-

2191 1957 2279 2022 lis,
2311 1970 2420 2012 non
2445 1953 2686 2009 minutus
2712 1951 2764 2006 in
2794 1950 3050 2008 omnibus
3079 1943 3366 2004 ditissimis
3390 1941 3590 1998 suimet
3610 1934 3784 1990 tradi-

2194 2049 2452 2107 tionibus.
2481 2046 2548 2101 Et
2577 2045 2778 2102 multas
2807 2043 3054 2100 fortassis
3083 2039 3206 2113 quis
3230 2035 3468 2094 inveniet
3489 2030 3632 2104 ignis
3651 2042 3789 2099 pro-

2191 2143 2454 2214 prictates
2478 2137 2844 2212 pulehras,.ut
2871 2136 2924 2190 in
2959 2130 3306 2188 scnsihilibus
3349 2121 3678 2196 imaginibus
3698 2117 3784 2214 di-

2190 2209 2352 2288 vinae
2409 2209 2766 2302 operationis.
2829 2227 2953 2284 Hoc
2987 2242 3119 2295 ergo
3179 2221 3417 2278 scientes
3477 2209 3786 2283 theosophi,

2191 2324 2458 2383 caelestes
2486 2320 2758 2379 essentias
2783 2335 2851 2376 ex
2873 2319 2997 2392 igne
3022 2315 3390 2379 conformant,
3412 2307 3790 2379 signiﬁcantes

2191 2431 2380 2472 earum
2405 2413 2672 2470 deiforme
2689 2419 3048 2482 et,quantum
3092 2401 3484 2478 possibile,Dei
3503 2396 3784 2456 imitabile.

2193 2505 2302 2564 Sed
2332 2516 2388 2561 et
2411 2500 3004 2573 humauiformcsipsas
3028 2497 3365 2560 describunt,
3395 2499 3616 2566 propter
3632 2487 3789 2544 intel-

2163 2596 2444 2662 lectuale,
2467 2605 2526 2652 et
2561 2611 2782 2651 sursum
2829 2592 3080 2651 habendo
3132 2589 3414 2646 intuitivas
3440 2585 3692 2647 virtutes,
3735 2589 3793 2636 et

2193 2690 2399 2763 ﬁgurae
2417 2689 2664 2758 "rectum
2687 2695 2741 2742 et
2763 2685 3184 2748 luculentmu,et
3214 2677 3513 2738 secundum
3535 2683 3788 2732 naturam

2193 2781 2495 2855 principale
2521 2789 2578 2837 et
2604 2781 2806 2853 regale,
2831 2787 2888 2834 et
2915 2776 3213 2834 secundum
3247 2787 3477 2830 sensum.
3504 2768 3792 2828 minimum

2192 2873 2434 2946 quidem,
2460 2881 2726 2944 quantum
2761 2870 2839 2926 ad.
2873 2869 3112 2940 reliquas
3155 2862 3612 2924 irrationabilium
3667 2859 3791 2916 ani-
3880 2910 3884 2914 .

2195 2966 2418 3023 malium
2444 2965 2690 3028 virtutes,
2719 2962 2964 3020 omnium
2993 2975 3124 3018 vero
3147 2955 3582 3038 potentissimum
3599 2967 3798 3009 secun-

2194 3058 2324 3113 dum
2349 3056 2657 3113 intelchtus
2685 3053 3112 3127 magnitudinem
3142 3052 3366 3115 virtute,
3407 3059 3464 3105 et
3491 3043 3788 3104 secundum

2201 3147 2579 3206 ratiduabilem
2630 3147 2915 3204 scientiam
2963 3143 3323 3202 continuitatc
3347 3140 3392 3208 ⁸,
3414 3148 3471 3196 et
3492 3136 3789 3195 secundum

2201 3250 2402 3298 natura
2455 3239 2674 3295 animae
2737 3237 2968 3294 liberum
3033 3243 3091 3292 et
3155 3231 3612 3306 potet'ttissimum.
3682 3228 3785 3284 Est

2199 3342 2386 3390 autem
2405 3341 2461 3388 et
2484 3347 2582 3404 per
2599 3329 2832 3402 singula,
2865 3337 2926 3385 ut
2965 3328 3213 3393 aestimo,
3245 3321 3546 3396 corporalis
3573 3331 3794 3377 nostrae

2200 3427 2513 3502 multiplicis
2563 3425 2874 3498 partitionis
2928 3421 3172 3499 invenire
3229 3416 3491 3476 caelestes
3538 3413 3792 3478 virtutes.

2201 3521 2481 3585 dicentes,
2515 3511 2898 3592 co'nspectivas
2945 3513 3165 3587 quidem
3208 3509 3519 3583 significare
3563 3503 3796 3559 virtutes

2201 3612 2378 3684 ipsum
2409 3611 2478 3666 ad
2505 3607 2686 3665 divina
2728 3605 3020 3664 luminaria
3049 3601 3412 3660 clarissimum
3463 3603 3791 3668 respectum,

2199 3711 2256 3762 et
2284 3704 2479 3772 iterum
2511 3710 2755 3760 teneram
2785 3709 2840 3757 et
2878 3698 3138 3770 liquidam
3163 3704 3220 3752 et
3263 3709 3370 3750 non
3395 3703 3790 3763 repercussam,

2199 3796 2297 3853 sed
2335 3803 2494 3852 acute
2521 3792 2797 3859 mobilem,
2829 3799 2884 3849 et
2910 3805 3123 3863 puram,
3148 3797 3204 3844 et
3223 3773 3448 3858 planam
3485 3778 3798 3854 impossibi-

2201 3885 2326 3943 liter
2344 3885 2652 3942 divinarum
2695 3881 3095 3952 susceptionem
3133 3873 3611 3932 illmuinationmn.
3643 3865 3796 3952 Olfa—

2201 3986 2384 4034 ctuum
2411 3991 2544 4032 vero
2591 3949 2909 4032 discretivas
2937 3969 3187 4034 virtutes,
3236 3965 3362 4022 illud
3391 3977 3556 4034 super
3590 3949 3802 4016 inte-lle-

2201 4071 2348 4126 ctu'm
2377 4082 2546 4126 suave
2563 4066 2762 4126 olentis
2777 4060 3200 4126 distributionis,
3226 4064 3489 4132 quantum
3515 4051 3798 4125 possibile,

2203 4161 2562 4238 receptivum,
2595 4165 2652 4216 et
2687 4174 2796 4224 non
2825 4155 3132 4228 huiusmodi
3163 4154 3391 4213 scientia
3437 4150 3796 4209 discretis-um

2202 4265 2260 4314 et
2299 4255 2523 4313 omnino
2557 4251 2928 4326 refugitivum.
2971 4251 3199 4308 Aurium
3229 4265 3362 4306 vero
3381 4247 3635 4310 virtutes,
3667 4243 3798 4300 illud

2201 4349 2474 4422 particeps
2495 4355 2551 4404 et
2574 4347 2882 4420 gnosticum
2902 4344 3118 4401 divinae
3143 4338 3512 4412 inspirationis
3533 4334 3800 4406 suscepti-

2203 4459 2353 4499 vum.
2387 4439 2702 4498 Gustativas
2729 4447 2930 4497 autem.
2971 4435 3322 4492 invisibilium
3353 4447 3600 4490 escarum
3630 4429 3800 4501 plcni-
3880 4416 3901 4465 ’-

2206 4533 2490 4598 tudiuem,
2537 4540 2596 4588 et
2667 4531 2973 4588 divinarum
3022 4535 3078 4584 et
3137 4526 3394 4583 alentium
3453 4532 3796 4594 promutuum

507 4622 677 4663 mum.
722 4610 828 4682 ipsi
871 4615 1016 4669 cutim
1063 4619 1238 4673 saneti
1271 4620 1503 4690 theologi
1539 4621 1564 4660 δ
1587 4623 2096 4692 superessentialem
2125 4617 2177 4677 D
2203 4623 2590 4696 suseeptivum.
2614 4622 2866 4678 Taclivas
2892 4614 3446 4682 vero,.convenientis
3474 4623 3568 4668 aut
3596 4627 3798 4667 noren-
3823 4649 3840 4662 .

505 4706 562 4756 et
600 4699 889 4761 informem
939 4711 1256 4766 essentiam.
1283 4710 1338 4767 in
1385 4713 1509 4786 igne
1559 4729 1720 4787 saepe
1760 4717 2097 4784 describunt,

454 4887 464 4894 .
507 4803 765 4894 tanquam
802 4797 1035 4855 habente
1065 4802 1264 4859 tnultas
1292 4803 1530 4872 divinae,
1559 4807 1604 4862 si
1626 4805 1709 4863 fas
1729 4807 1947 4876 dicere,
1975 4826 2102 4880 pro-

506 4887 1106 4989 prietatis,__quantutn
1250 4897 1560 4956 visibilibus
1617 4901 1901 4975 imagines.
1959 4905 2102 4976 Ignis

505 4983 652 5036 enim
678 4983 952 5040 sensibilis
968 4995 1050 5041 est
1077 4987 1318 5058 quidem,
1341 4989 1422 5046 sic
1443 4991 1752 5057 dicendum,
1770 4995 1821 5049 iu
1850 4997 2104 5054 omnibus

507 5081 562 5127 et
606 5087 706 5145 per
753 5079 936 5131 omnia
971 5079 1119 5136 clare
1165 5081 1333 5147 venit,
1385 5089 1440 5137 et
1475 5093 1786 5140 removetur
1823 5087 2096 5142 omnibus.

506 5165 577 5268 ξςι
599 5165 809 5224 lucidus
897 5179 980 5228 est
1007 5171 1168 5228 simul
1197 5182 1254 5228 et
1279 5175 1435 5245 quasi
1479 5173 1749 5241 occultus,
1801 5177 2104 5250 incognitus

475 5341 482 5344 _
507 5259 627 5327 ipse
653 5270 751 5328 per
773 5259 1033 5330 seipsum,
1063 5277 1169 5317 non
1199 5263 1554 5320 aecumbente
1579 5266 1828 5330 materia,
1862 5269 1917 5322 in
1937 5285 2105 5340 quam

2203 4715 2273 4772 tis
2317 4717 2372 4770 in
2415 4714 2646 4771 scientia
2692 4711 3108 4784 diaguosticum.
3159 4705 3456 4779 Palpebras
3508 4703 3699 4758 deinde
3745 4715 3798 4755 rt

2200 4803 2509 4877 supercilia,
2539 4801 2852 4858 divinarum
2885 4799 3155 4856 visionum
3197 4795 3588 4866 intelligentiae
3618 4800 3800 4848 custo-

2201 4897 2450 4956 ditivum.
2497 4897 2800 4953 iuvenilem
2845 4910 2972 4951 vero
3000 4881 3055 4951 et
3098 4893 3338 4952 adultam
3386 4899 3636 4947 aetatem.
3669 4878 3810 4942 illud

2204 4991 2515 5046 inuovantis
2543 5004 2757 5061 semper
2783 4987 2966 5043 vitalis
2995 4985 3229 5041 virtutis.
3259 4985 3460 5041 Dentes
3489 4991 3690 5044 autem,
3718 4980 3800 5034 di-

2206 5085 2438 5140 visivum
2473 5086 2677 5141 inditae
2717 5081 3008 5140 nutrientis
3035 5080 3404 5153 perfecdonis.
3432 5075 3805 5146 Uuaquampte

2208 5177 2352 5232 enim
2383 5179 2618 5234 essentia
2647 5175 3024 5232 intellectualis
3051 5176 3305 5230 donatam
3339 5170 3441 5227 sibi
3475 5186 3506 5225 a
3535 5168 3802 5224 divinior-3

2201 5266 2539 5324 uniformem
2585 5263 2994 5334 intelligentiam
3039 5263 3265 5331 provida
3297 5259 3498 5316 virtute
3529 5257 3719 5315 dividit
3747 5266 3804 5310 et

1800 5395 2054 5454 VARlAE
2091 5400 2496 5460 LECTIONES.

602 5501 688 5560 ’Β
717 5503 1179 5589 ι’ωιιοεςεαρὶιίιὲνη
1241 5505 1332 5589 :A
1359 5587 1362 5589 Δ
1388 5506 1758 5589 coadttnn_tv.t._
1792 5507 2009 5589 L’ﬂBl‘Sﬂ
2063 5509 2410 5589 fulgorggrtes.
2481 5511 2533 5589 _‘
2573 5512 2664 5568 Eli
2705 5510 2952 5566 lucidius.
3057 5519 3078 5551 ³
3103 5509 3196 5566 AE
3244 5507 3569 5577 manifestat.
3670 5501 3696 5536 ⁸
3753 5509 3816 5558 τι

513 5590 849 5650 quaecunque
875 5577 930 5654 in
951 5575 1025 5631 eis
1059 5586 1182 5632 sunt
1234 5575 1365 5630 ﬁunt
1389 5592 1500 5632 om.
1553 5576 1663 5632 Bll.
1738 5583 1758 5616 τ
1791 5579 1882 5635 Dii
1911 5575 2105 5653 ﬁgure.
2144 5575 2206 5615 ’⁸
2227 5580 2322 5637 BH
2351 5584 2674 5639 contionale.

2044 5696 2295 5756 NOTAE.

585 5825 614 5856 ι
639 5812 840 5872 Ειρυιι.
868 5813 919 5876 l;
953 5819 1088 5868 ttan.
1117 5809 1236 5881 VII;
1265 5811 1332 5870 IV
1355 5809 1491 5882 Reg.
1519 5809 1581 5869 ll.
1846 5822 1850 5828 '
2318 5811 2347 5852 δ
2377 5811 2546 5870 Hebr.
2576 5811 2644 5868 Χ.
