4210 6226
470 266 604 322 1071

468 379 550 432 vt.
577 380 655 433 De
677 381 1087 444 perﬁciendorum
1111 383 1382 435 ordinibus.

468 451 494 497 \
513 452 575 502 ll.
603 452 679 505 De
706 453 1017 517 perficiendis
1038 456 1088 506 in
1104 455 1475 506 dominatibus.

539 537 1052 595 Praecumbeutinm
1095 537 1456 608 capitulorum
1502 536 1810 591 doctrinam
1859 547 2059 590 secun-

467 633 594 684 dum
626 629 896 700 duplicem
918 629 1133 700 perlicit
1166 629 1404 685 modum.
1443 626 1684 685 Primum
1714 626 1860 682 enim
1889 639 2058 695 expo-

468 722 548 777 nit
590 724 695 777 hoc
714 763 731 787 ,
761 724 1034 791 quomodo
1062 720 1342 793 perﬁcitur
1370 709 1688 793 mysterium
1718 716 1963 789 capituli,
1987 729 2056 774 ac

1842 264 2126 323 JOANNIS
2162 266 2358 326 δρυτι

3602 240 3758 324 ἰοτιι

3568 387 3758 453 ιιῳιιω

2169 480 2415 556 mysterii
2464 477 2873 534 illuminationis
2927 473 3196 547 expositio
3242 472 3512 546 primum;
3560 473 3754 530 deinde

2166 571 2410 630 secunda
2466 568 2673 625 theoria
2735 566 2874 637 ejus.
2929 565 3133 659 lterum
3182 560 3441 638 {mysterii
3504 564 3752 631 nauta;

2163 661 2462 739 expositio;
2502 660 2697 723 deinde
2726 658 2935 718 theoria
2970 655 3112 731 ejus.

2169 387 2365 442 deinde
2428 384 2669 467 theoriae
2737 382 3008 454 quandam
3078 381 3420 438 traditionem
3478 399 3490 435 :

624 923 1074 1157 INCIPIT
1179 808 1520 1078 um
1627 920 1771 1074 nr
1883 917 2069 1071 tu

2167 911 2765 1069 ESIASTIGA
2871 907 3550 1067 latinum.

1026 1185 1427 1248 CAl’l'fL’LUM
1466 1185 1507 1241 Ι.

466 1325 616 1391 Quae
663 1325 730 1378 sit
777 1321 1159 1388 eccicsinszicue
1202 1319 1505 1391 Icrarclrine
1555 1316 1792 1381 traditio,
1843 1324 1889 1370 et
1926 1329 2061 1383 quae

964 1392 1198 1464 ejusdem
1246 1388 1554 1463 speculatio.

537 1527 676 1596 Quia
723 1527 940 1598 quidem
982 1523 1282 1581 secundum
1315 1538 1418 1579 nos
1448 1520 1721 1578 lerarchia
1766 1532 2061 1589 puerorum

467 1620 777 1675 divinorum
815 1616 1183 1673 sacratissima
1216 1614 1425 1670 intenta
1464 1622 1629 1682 atque
1655 1610 1836 1667 divina
1887 1608 2061 1665 habe-

469 1723 558 1766 tur
587 1712 776 1768 deitica
806 1710 1037 1766 scientia
1067 1716 1121 1764 et
1140 1705 1461 1780 operatione
1484 1714 1538 1760 et
1562 1702 2058 1771 consuunnationc,

466 1822 533 1858 cx
575 1804 1034 1873 supermundanis
1078 1811 1135 1856 ct
1184 1799 1571 1857 sacratissimis
1619 1811 1720 1852 nos
1769 1796 2061 1854 ostendere

468 1906 685 1969 oportet
745 1896 978 1967 eloquiis
1028 1909 1220 1951 sacrae
1274 1879 1629 1965 perfectionis
1674 1889 2058 1960 mysteriorum

466 1992 669 2049 τελετήν
696 1988 801 2053 his,
833 1987 926 2058 qui
964 2001 1031 2043 ex
1064 1986 1384 2042 ierarchicis
1405 1982 1763 2040 sacramentis
1809 1989 1866 2038 et
1894 1980 2060 2035 tradi-

468 2082 713 2137 tionibus
736 2078 966 2151 perfecti
993 2087 1142 2135 snnt.
1178 2076 1288 2135 Sed
1329 2076 1473 2145 vide,
1520 2075 1795 2147 quomodo
1837 2088 1944 2130 non
1991 2088 2059 2132 ex

465 2173 761 2247 principio,
837 2170 886 2229 si
958 2182 1149 2228 sancta
1212 2180 1526 2227 sanctorum
1597 2180 1942 2225 revenerare.
2000 2162 2059 2218 Si

467 2274 651 2321 autem
683 2271 744 2320 et
776 2276 920 2335 quae
946 2270 1073 2318 sunt
1118 2269 1332 2318 secreta
1375 2254 1472 2315 Dei
1510 2254 1970 2315 ititellectualibus
2006 2260 2064 2315 et

467 2352 838 2411 invisibilihus
902 2351 1149 2409 scientiis
1209 2347 1620 2413 honoriﬁcabis,
1664 2344 2061 2417 imparticipata

468 2446 688 2518 quidem
715 2445 853 2503 haec
880 2454 937 2515 et
980 2442 1414 2501 incontaminata
1455 2441 1525 2496 ab
1554 2436 1893 2510 imperfectis
1931 2450 2064 2493 con-

2074 1186 2134 1247 ,A
2162 1177 2345 1235 cbiam
2372 1175 2741 1233 laudantibus.
2788 1173 3022 1232 Tantum
3058 1188 3247 1236 tamen
3285 1148 3477 1233 dicere.
3507 1189 3763 1233 necessa-

2165 1272 2331 1335 rium,
2362 1268 2637 1340 quomodo
2666 1276 2721 1324 et
2749 1267 2840 1324 illa
2872 1277 2928 1324 et
2954 1269 3137 1327 onmis
3163 1285 3310 1326 nunc
3339 1267 3568 1324 laudans
3594 1281 3758 1338 supra

2162 1377 2263 1418 nos
2297 1356 2572 1416 lerarchia
2604 1373 2766 1414 unam
2818 1358 2983 1415 habet
3029 1368 3086 1416 et
3128 1360 3359 1417 eandem
3401 1372 3502 1429 per
3543 1371 3761 1414 omnem

2162 1452 2521 1509 lerarchic'am
2588 1451 2859 1507 actionem
2920 1451 3212 1519 virtutem,
3272 1451 3558 1523 ipsumque
3612 1464 3761 1504 sum-

2164 1559 2311 1603 mum
2349 1542 2712 1605 sacerdotem,
2754 1544 3028 1613 quomodo
3069 1543 3221 1615 juxta
3273 1532 3400 1601 enin
3444 1540 3678 1597 essentia
3707 1545 3767 1595 et

2157 1636 2413 1709 analogia
2455 1644 2512 1693 et
2540 1636 2677 1693 ordo
2720 1636 2885 1719 habet
2913 1635 3104 1719 perlici
3127 1634 3422 1691 secundum
3469 1633 3673 1697 divina,
3706 1641 3765 1690 et

2162 1727 2432 1796 deiﬁcari,
2463 1734 2517 1784 et
2567 1712 2828 1798 subjectis
2861 1712 3081 1783 tradere
3117 1726 3415 1783 secundum
3444 1724 3769 1796 dignitatem

2162 1819 2480 1890 unicuique,
2550 1816 2692 1874 facta
2746 1817 2794 1873 ei
2859 1816 3120 1872 divinitus
3187 1831 3344 1871 sacra
3396 1813 3764 1870 deiﬁeatinne.

2161 1910 2423 1982 ipsosque
2450 1908 2697 1966 subditos
2737 1908 2891 1977 sequi
2918 1907 3138 1978 quidem
3167 1906 3442 1971 meliores,
3471 1904 3767 1960 extendere

2161 2017 2292 2059 vero
2322 2002 2564 2057 minores
2598 2001 2652 2055 in
2676 2014 2747 2055 ea
2781 2012 2924 2070 quae
2953 2003 3249 2064 antesunt.
3279 1994 3552 2063 Quosdam
3582 2002 3765 2048 autem

2163 2100 2220 2147 et
2249 2104 2530 2163 praeesse,
2557 2097 2632 2156 et,
2665 2096 2929 2160 quantum
2975 2084 3257 2158 possibile,
3286 2086 3424 2141 alios
3463 2084 3684 2145 ducere,
3710 2087 3769 2147 et

2162 2200 2261 2256 per
2290 2184 2436 2239 hanc
2462 2181 2705 2239 divinam
2752 2189 2814 2236 et
2850 2177 3212 2235 ierarcliicam
3258 2176 3600 2233 harmoniam
3639 2187 3769 2228 vere

2163 2274 2499 2331 subsistente
2524 2272 2667 2331 bono
2714 2279 2772 2329 et
2810 2269 3045 2342 sapienti
3092 2278 3149 2324 et
3191 2266 3396 2339 optimo
3442 2264 3771 2339 participare

2163 2364 2591 2440 unumquodque
2630 2374 2879 2433 quaeque
2903 2361 3152 2415 virtutes.
3211 2357 3321 2414 Sed
3369 2356 3521 2428 ipsae
3546 2354 3769 2429 quidem

2165 2472 2334 2528 super
2374 2471 2475 2513 nos
2522 2453 2799 2511 cssentiae
2845 2453 2905 2508 et
2952 2451 3347 2516 ordinationes,
3395 2464 3626 2520 quantm
3651 2445 3766 2519 jam

468 2551 719 2603 ⁸⁸⁸⁸⁸³η⁵ν
756 2535 933 2593 “acris
966 2542 1150 2590 δυῑθιιι
1192 2530 1344 2597 “nso
1396 2544 1680 2586 επτοτυω
1724 2542 1849 2621 (ῖωη
1901 2539 2061 2621 δδῖῗθ
2091 2556 2141 2621 Β
2168 2546 2489 2606 memoriam
2514 2558 2730 2601 sacram
2765 2541 3020 2607 fecimus,
3049 2548 3107 2596 et
3144 2538 3513 2610 incorporales
3544 2545 3672 2594 sunt
3710 2541 3769 2589 et

470 2628 885 2693 illmninatione,
913 2638 1105 2683 sancte
1140 2632 1198 2681 et
1237 2622 1462 2695 pulchre
1494 2620 1922 2679 communicans.
1967 2616 2062 2676 Sic

471 2723 639 2785 enim,
672 2731 732 2779 nt
756 2719 1029 2792 theologia
1056 2708 1225 2774 Deum
1260 2714 1608 2772 laudantibus
1633 2714 1791 2769 nobis
1817 2710 2061 2779 tradidit,

454 2819 529 2865 et
557 2811 678 2882 ipso
722 2810 883 2870 Jesus
928 2809 1303 2867 dit-inissimus
1338 2808 1557 2865 animus
1606 2814 1663 2860 ct
1712 2818 2065 2877 superessen-

478 2903 642 2970 tialis,
664 2901 843 2961 omnis
869 2901 1177 2959 lcrarchiae
1201 2908 1259 2957 et
1283 2898 1737 2955 sanctiﬁcationis
1760 2905 1817 2951 et
1843 2893 2063 2955 deiﬁca-

476 2993 638 3048 tionis
666 2994 991 3065 principium
1031 3001 1087 3047 et
1109 2991 1354 3049 essentia
1398 3000 1456 3045 et
1484 2988 1823 3047 divinis-sima
1866 2985 2062 3053 virtus,
2100 2974 2103 2977 ¹

476 3086 650 3139 beatis
684 3094 739 3139 et
794 3095 1040 3140 nostrum
1088 3080 1407 3139 melioribus
1456 3078 1710 3136 essentiis
1741 3068 2067 3152 lsiguilican-

477 3178 584 3230 tius
625 3175 788 3230 simul
811 3184 867 3230 et
915 3171 1336 3231 intellectualius
1368 3170 1574 3237 illucet,
1604 3180 1661 3227 et
1698 3185 1795 3226 eas
1834 3170 1904 3227 ad
1939 3184 2069 3241 pro-

474 3269 650 3337 prium
680 3265 861 3323 lumen
890 3264 1173 3322 assitnulat
1194 3264 1491 3322 secundum
1520 3261 1792 3328 virtutem,
1824 3270 2069 3317 nostras-

473 3373 581 3429 que
613 3357 680 3419 ad
706 3372 768 3414 se
787 3365 1116 3422 extenuatas,
1144 3362 1201 3412 et
1220 3369 1320 3412 nos
1347 3352 1671 3409 extendente
1702 3352 1847 3407 bono
1883 3365 2071 3406 amore

475 3447 763 3519 con-plicat
807 3446 1008 3503 multas
1044 3445 1367 3513 alteritatcs,
1422 3453 1482 3501 et
1537 3443 1594 3499 in
1644 3442 1970 3502 uniformcm
2013 3449 2071 3500 et

474 3540 717 3598 divinam
750 3555 1133 3598 cunsunnnans
1169 3539 1362 3604 vitam,
1406 3537 1654 3595 habitum
1688 3547 1746 3594 et
1775 3536 2066 3601 actionem,

430 3638 435 3643 ’
476 3644 723 3693 sanctam
748 3642 804 3691 et
830 3632 1109 3705 pulchram
1138 3632 1308 3689 donat
1336 3630 1554 3694 divinae
1573 3628 2029 3687 sacerdotalitatis
2049 3633 2069 3666 ι

477 3725 756 3784 virtutem.
786 3725 991 3783 Deinde
1018 3724 1075 3786 in
1109 3732 1357 3781 sauciam
1385 3723 1662 3781 venientes
1689 3721 1859 3785 divini
1883 3736 2070 3778 sacer-

479 3819 613 3875 dotii
637 3818 1032 3891 operationem,
1063 3816 1287 3888 propius
1314 3815 1531 3887 quidem
1563 3828 1664 3869 nos
1691 3811 1957 3869 eilicimur
1976 3827 2071 3867 su-

478 3901 691 3983 peritos
709 3909 1073 3971 essentiarutu
1102 3907 1401 3966 secundum
1431 3907 1689 3963 virtutem
1724 3901 2064 3961 similitudini
2094 3913 2142 3978 ο

478 4003 752 4061 manentis
792 4012 848 4059 et
896 4000 1258 4058 immutabilis
1298 4014 1489 4058 earum
1524 4013 1715 4055 sacrae
1757 3994 2067 4053 collocatio-

477 4096 584 4160 nis,
613 4104 673 4153 et.
694 4094 715 4124 '
746 4093 849 4152 hac
881 4092 950 4151 ad
981 4094 1196 4151 beatam
1234 4090 1365 4151 Iesu
1402 4100 1454 4150 et
1498 4089 1736 4148 divinam
1763 4087 2072 4145 claritatem

480 4186 853 4257 respicientes,
884 4195 942 4257 et
976 4199 1330 4259 quaecunque
1353 4183 1539 4241 videre
1586 4180 1864 4254 possibile,
1893 4176 2072 4250 explo-

480 4289 665 4337 rantes
689 4293 845 4336 sacre
866 4287 922 4336 et
962 4275 1431 4350 speculationibus
1450 4273 1712 4331 scientiae
1757 4269 2070 4333 illuminati,

481 4372 768 4445 mysticam
812 4370 1154 4442 disciplinam
1204 4360 1508 4429 consecrati
1559 4375 1615 4422 et
1659 4357 2069 4428 consecrautcs,

480 4469 793 4526 lucil‘ormes
841 4475 897 4525 et
937 4466 1142 4532 deitici,
1189 4464 1414 4537 perfecti
1459 4471 1518 4518 et
1557 4461 1913 4539 perfectiores
1952 4458 2071 4516 ﬁeri

480 4562 801 4633 innuimus.
832 4558 1112 4633 Quaedam
1138 4556 1305 4634 igitur
1333 4555 1663 4629 Angelorum
1698 4564 1784 4610 est
1819 4552 2073 4610 etArclr

480 4653 795 4725 angelorum
814 4649 1111 4714 lcrarchia,
1132 4658 1188 4705 et
1220 4646 1719 4725 supermuudalinm
1735 4645 2071 4718 Principum,

481 4722 919 4808 etl’otesuttiun,
969 4751 1026 4799 et
1052 4740 1356 4807 Virtutum,
1399 4722 1972 4810 Domin'ationumque,
2018 4746 2077 4794 et

465 4838 788 4891 divisurum
821 4834 1184 4899 Tlu'unorum,
1215 4842 1311 4887 aut
1354 4832 1798 4904 'aequipotentum
1841 4829 2076 4886 Thronis

481 4925 864 4989 essetniarutn,
895 4911 1323 4996 quasvtbeologia
1354 4932 1563 4979 attente
1590 4933 1647 4978 et
1686 4938 1903 4995 semper
1928 4922 2076 4978 circa

483 5025 655 5077 Deum
710 5034 834 5076 esse
879 5027 933 5073 et
986 5027 1111 5090 post
1160 5018 1330 5073 Deum
1385 5016 1569 5083 tradit,
1634 5014 1926 5071 Cherubin:
1978 5027 2078 5069 eas

485 5113 852 5168 Hebraeorum
875 5124 1006 5166 voce
1029 5119 1087 5165 et
1105 5108 1394 5178 Seraphim
1427 5107 1717 5162 nominans
1741 5124 1754 5160 :
1784 5113 2077 5160 nrnatuum

483 5222 673 5264 comm
700 5214 758 5262 et
783 5203 1177 5261 let-archiarnm
1207 5209 1425 5256 sanctos
1452 5200 1676 5255 ordines
1703 5209 1758 5255 et
1782 5197 2076 5253 divisiones

2165 2637 2502 2703 invisibiles,
2542 2644 2603 2695 et
2649 2634 3087 2708 supermundana
3136 2640 3222 2688 est
3267 2629 3567 2689 Secundum
3618 2628 3766 2703 ipsas

2164 2732 2438 2791 lerarchia
2465 2748 2479 2786 :
2507 2745 2631 2786 eam
2655 2744 2788 2786 vero
2808 2726 3107 2785 secundum
3142 2739 3243 2780 nos
3262 2722 3511 2778 videmus
3536 2731 3769 2792 propor-

2165 2821 2443 2881 tionaliter
2474 2819 2630 2877 nobis
2651 2819 2784 2891 ipsis
2819 2815 3158 2875 sensibilium
3186 2800 3557 2884 symbolarum
3581 2810 3761 2867 varie-

2169 2925 2281 2973 tate
2324 2912 2763 2984 multiplicatam,
2792 2925 2863 2966 ει
2905 2908 3102 2980 quibus
3143 2904 3447 2961 ierarchice
3473 2903 3530 2957 in
3555 2901 3764 2957 unil'or-
3804 2892 3808 2900 ’

2169 3023 2313 3065 mem
2352 3006 2568 3064 theosin
2611 3004 2665 3059 in
2710 3014 3118 3067 commensura,
3167 3010 3309 3069 quae
3337 2994 3636 3051 secundum
3664 3007 3771 3051 nus

2167 3109 2271 3166 est,
2329 3097 2662 3162 reducimur,
2728 3094 3010 3164 Deumque
3076 3101 3134 3146 et
3187 3089 3426 3145 divinam
3482 3085 3767 3142 virtutem.

2168 3193 2325 3264 Ipsae
2351 3189 2594 3261 quidem,
2622 3195 2684 3243 ut
2722 3183 3051 3249 intellectus,
3079 3179 3386 3251 intelligunt
3424 3176 3584 3248 juxta
3623 3174 3770 3246 quod

2168 3289 2252 3346 eis
2295 3284 2381 3340 fas
2424 3289 2511 3338 est
2538 3299 2555 3337 :
2581 3296 2686 3338 nos
2738 3292 2872 3334 vero
2922 3273 3297 3333 sensibilibus.
3327 3268 3655 3341 imaginibus
3713 3267 3805 3323 in.

2169 3377 2421 3441 divinas,
2476 3360 2742 3444 quantum
2799 3366 3057 3442 possibile
3106 3376 3224 3429 est,
3281 3362 3592 3436 reducimur
3636 3373 3771 3416 con-

2177 3469 2571 3542 templationes.
2629 3464 2881 3541 \fereque
2948 3455 3286 3521 dicendum,
3335 3468 3503 3511 unum
3552 3450 3772 3524 quidem

2170 3570 2279 3628 est,
2317 3559 2472 3630 cujus
2521 3572 2713 3614 omnes
2757 3551 3060 3610 unil‘ormes
3108 3555 3395 3621 appetunt,
3444 3543 3776 3617 participant

2172 3670 2306 3712 vero
2339 3668 2448 3721 non
2480 3648 2825 3713 uniformiter
2846 3645 3039 3703 eodem
3066 3650 3123 3697 et
3174 3655 3287 3696 uno
3325 3648 3476 3703 cute,
3500 3637 3606 3693 sed.
3629 3636 3774 3691 sicut

2175 3745 2469 3814 unicuique
2504 3740 2685 3797 divina
2709 3737 2839 3811 juga
2877 3734 2903 3770 ³
2947 3731 3279 3790 distribuunt
3299 3728 3454 3800 juxta
3482 3725 3773 3798 dignitates

2177 3847 2411 3910 partem.
2452 3833 2561 3890 Sed
2599 3833 2737 3889 haec
2761 3828 2982 3911 quidem
3008 3823 3166 3880 nobis
3210 3823 3265 3878 in
3287 3834 3377 3887 ea,
3406 3831 3553 3911 quae
3592 3816 3773 3911 est-de

2173 3902 2478 3985 visibilibus
2524 3932 2549 3967 ι
2604 3932 2661 3979 et
2686 3903 3072 3982 settsibilibus,
3121 3914 3338 3988 actione
3387 3902 3559 3966 ιιιίιιιο
3608 3906 3773 3964 tantis

2175 4021 2404 4082 dicenda
2441 4025 2589 4077 sunt.
2631 4013 2787 4070 Nunc
2818 4025 2952 4066 vero
2975 4014 3218 4062 nostram
3246 4000 3597 4064 lerarcbiam,
3621 3996 3771 4070 prin-

2174 4116 2486 4190 cipiumque
2508 4088 2627 4181 ejus
2652 4116 2710 4163 et
2729 4104 3043 4167 essentiam,
3084 4105 3355 4184 quantum
3378 4092 3636 4167 possibile
3658 4098 3766 4155 est,

2176 4186 2359 4266 dicere
2390 4202 2631 4270 tentabo,
2654 4197 2897 4268 onmium
2924 4192 3323 4269 lcrarcltiarum
3353 4186 3674 4259 principium
3715 4192 3773 4239 et

2175 4295 2706 4356 consummationem
2760 4285 2945 4345 Jesum
3005 4284 3282 4341 invocans.
3316 4277 3412 4339 Est
3446 4276 3666 4347 quidem
3695 4276 3776 4330 le-

2176 4391 2397 4449 rarchia
2423 4385 2629 4450 omnis,
2660 4381 2959 4438 secundum
2986 4368 3306 4431 Itonorahile
3332 4375 3553 4425 nostrae
3580 4379 3775 4422 sacrae

2178 4477 2509 4543 traditionis,
2535 4474 2717 4532 omnis
2750 4470 3125 4542 subjectorum
3171 4474 3453 4523 sacrorum
3492 4458 3650 4522 ratio,
3678 4466 3775 4515 aut

2177 4566 2642 4629 universalissima
2670 4561 2831 4631 hujus
2859 4556 3107 4613 fortassis
3134 4550 3467 4614 lerarchiae,
3488 4557 3587 4629 aut
3609 4547 3774 4618 hujus

2176 4674 2460 4720 saeron
2497 4650 2920 4712 consummatio.
2953 4647 3151 4701 Nostra
3190 4643 3355 4714 igitur
3391 4639 3661 4695 lerarchia
3692 4639 3779 4691 iii-

2175 4755 2321 4811 citur
2343 4760 2398 4807 et
2426 4761 2511 4806 est
2538 4745 2826 4802 continens
2846 4739 3112 4803 omnium,
3137 4751 3278 4805 quae
3300 4736 3454 4805 juxta
3474 4747 3596 4787 eam
3620 4740 3773 4795 sunt,

2178 4858 2463 4901 sacrorum
2500 4837 2686 4894 actio:
2721 4831 3018 4889 secundum
3045 4842 3209 4898 quam
3235 4825 3453 4881 divinus
3491 4822 3777 4878 lerarches

2178 4932 2457 5005 perfectus
2480 4928 2725 4983 omnium
2772 4922 3017 4985 habebit,
3058 4933 3202 4990 quae
3252 4904 3553 4972 secundum
3596 4914 3772 4987 ipsum

2178 5034 2328 5088 sunt,
2358 5020 2850 5078 sacratissimorum
2875 5011 3369 5085 participationem,
3392 5015 3579 5077 utpote
3600 5005 3773 5060 lerar~

2142 5106 2143 5109 “
2179 5115 2285 5170 cba
2308 5109 2749 5183 cognominatus.
2784 5103 2939 5159 Sicut
2962 5102 3107 5157 enim
3135 5098 3468 5155 lerarcbiatn
3496 5097 3589 5168 qui
3619 5095 3773 5181 dicit,

2180 5205 2425 5263 omnium
2449 5192 2611 5276 simul
2644 5196 3095 5268 comprehensam
3121 5191 3255 5247 dicit
3283 5205 3565 5247 sacrorum
3593 5189 3776 5259 dispo-

485 5310 824 5367 tOIISCQUOHS
868 5293 1114 5350 inuenies
1156 5292 1211 5348 in
1239 5292 1321 5347 eis
1363 5301 1631 5356 nostram.
1660 5305 1781 5367 non
1803 5288 2076 5359 condigne
2101 5288 2153 5347 D
2182 5296 2436 5352 sitionem
2467 5303 2485 5345 :
2514 5290 2594 5346 sic
2623 5286 2912 5346 lerarchen
2946 5285 3153 5347 dicens,
3189 5281 3429 5339 declarat
3467 5280 3775 5335 mirabilem

483 5388 723 5462 quidem,
749 5396 810 5443 ut
836 5385 1091 5458 possibile
1131 5392 1338 5450 autem,
1383 5392 1439 5438 et
1484 5393 1543 5438 ut
1580 5382 1851 5453 theologia
1882 5398 2073 5438 sacra-

397 5545 403 5551 ,
489 5478 710 5545 tissitnis
741 5477 1039 5551 Scripturis
1089 5473 1510 5539 subintroduxit,
1553 5472 1709 5545 juxta
1760 5490 1854 5529 eas
1889 5474 2077 5529 ‘lcrar-

2182 5397 2242 5445 ct
2266 5385 2508 5443 divinum
2531 5381 2733 5444 virum,
2760 5375 2941 5433 omnis
2968 5389 3158 5430 sacrae
3186 5372 3455 5427 eruditum
3490 5370 3774 5439 scientiae,

2188 5480 2245 5535 in
2272 5494 2380 5549 quo
2400 5490 2533 5544 pure
2563 5488 2659 5525 sua
2695 5466 2963 5525 lcrarcbia
2996 5469 3173 5521 utnnis
3197 5463 3471 5536 perﬁcitur
3501 5473 3553 5516 ct
3574 5479 3773 5539 cogun—

1793 5586 2047 5648 VARlAE
2084 5582 2505 5649 LECTIONES.

563 5720 576 5751 ⁸
607 5713 694 5771 BE
721 5708 1079 5769 surcrdctai’is.

1182 5709 1202 5738 ⁸
1245 5702 1335 5761 Bil
1360 5721 1445 5759 ex.
1523 5702 1543 5734 ³
1572 5702 1659 5760 BH
1678 5702 1829 5775 jura.
1908 5713 1930 5739 δ
1955 5704 2087 5759 ΑΒΕ
2108 5707 2172 5759 (ις
2211 5697 2552 5757 ἱηιιέδὶὑίιὶὁ.εδ
2616 5695 2703 5766 (de
2730 5708 2838 5749 oni.
2870 5690 2933 5761 Ε)
