4210 6214
409 279 544 337 1073

963 276 1212 336 VERSIO
1247 277 1537 334 OPERUH'
1571 276 1630 335 S.
1672 274 1992 334 DIONYSII.
2020 304 2090 315 --
2125 273 2661 336 EilCLESiASIlC-‘t
2699 272 3104 336 ιΕιιΑιιειιιρ..

3526 262 3679 339 tori

394 392 588 450 suitur.
624 389 793 460 Hujus
820 389 1145 460 principium
1172 389 1502 454 lerarclriae,
1541 387 1660 444 fons
1687 389 1852 451 vitae,
1887 401 1975 461 (ξε-
2004 389 2048 447 A
2079 401 2185 443 non
2217 397 2440 459 propter
2479 382 2784 443 immundos
2820 388 2993 442 solum
3015 428 3029 451 ,
3067 385 3264 456 quibus
3291 401 3390 442 nec
3425 383 3674 458 symbols

395 479 570 537 sentia
601 479 882 543 bonitatis,
913 496 1020 536 una
1046 480 1397 538 existentiurn
1423 496 1587 538 causa
1619 480 1883 556 Trinitas,
1914 496 1983 536 es

396 586 500 639 qua
529 580 583 626 et
613 585 733 626 esse
760 578 815 626 et
858 571 998 626 berte
1023 585 1150 627 esse
1169 571 1589 628 subsisterrtibns
1639 587 1739 642 per
1771 571 1985 628 bonita-

397 674 526 718 tem.
557 663 668 719 Hae
701 665 945 720 omnium
985 665 1300 720 summitate
1323 666 1660 722 divinissitna
1701 667 2014 736 principali.

396 755 759 822 beatitudine,
786 758 924 812 trina
958 758 1137 822 unica,
1187 773 1314 814 vere
1364 759 1652 824 existente,
1684 761 1984 814 secundum

395 848 553 904 nobis
627 848 1206 917 incomprehensibile,
1285 849 1411 904 hrric
1473 837 1987 905 desiderabilissirna

396 941 646 996 voluntas
688 943 904 1012 quidem
955 953 1038 998 est
1089 944 1372 1000 rationalis
1409 944 1559 1000 salus
1589 953 1644 1000 et
1689 945 1993 1000 secundum

401 1045 498 1082 nos
524 1040 577 1082 et
604 1049 768 1103 super
791 1048 886 1088 nos
909 1034 1291 1089 essetrtiarutn.
1319 1034 1465 1089 Haec
1488 1045 1668 1090 autem
1696 1052 1799 1088 non
1830 1035 1990 1090 aliter

400 1125 512 1178 lieri
544 1131 738 1192 potest,
773 1126 876 1179 nisi
908 1127 1175 1182 deiiicalis
1227 1127 1471 1182 salvatis.
1504 1127 1784 1181 Deitiratio
1807 1137 1988 1194 autem

396 1223 481 1267 est
504 1216 569 1267 ad
595 1215 783 1280 υνιιιιι,
807 1225 1067 1284 quantum
1097 1217 1379 1287 possibile,
1403 1216 1455 1271 et
1482 1218 1780 1272 similitudo
1802 1229 1851 1272 et
1879 1218 1993 1271 utri-

399 1313 501 1357 iilS.
526 1303 685 1360 Οιιιιιί
711 1317 893 1361 autent
921 1308 1020 1362 hoc
1042 1323 1331 1362 ουιιιιιιιιιιρ
1352 1307 1462 1365 lera
1474 1310 1654 1362 rohiae
1694 1322 1987 1369 sumntum,

397 1397 463 1449 nd
497 1395 668 1451 Detrtn
699 1405 754 1452 et
799 1397 981 1453 divina
1034 1408 1240 1455 attenta
1275 1399 1512 1465 diluetio,
1543 1399 1801 1454 divinitus
1827 1409 1997 1469 atque

396 1493 648 1554 potenter
673 1483 998 1552 sacriﬁculo,
1029 1498 1082 1542 et
1110 1488 1180 1545 ab
1209 1501 1401 1544 eorum
1428 1487 1724 1545 contrariis
1748 1489 1988 1560 perfecta

396 1587 448 1629 et
476 1576 903 1632 ineorrversibilis
929 1579 1184 1641 reversio,
1204 1580 1438 1651 cognitio
1453 1596 1665 1644 eorum,
1683 1594 1820 1649 quae
1837 1588 1987 1645 sunt,

396 1682 538 1737 quae
559 1657 646 1733 e’a,
675 1683 814 1739 quae
843 1680 991 1735 sunt,
1021 1681 1126 1736 est,
1150 1670 1532 1727 intellectualis
1561 1671 1805 1726 veritatis
1833 1683 1882 1725 et
1911 1670 1988 1724 vi-

2087 487 2311 551 tangere
2355 479 2460 544 fas,
2512 479 2607 539 sed
2634 479 2759 549 quia
2800 488 2855 532 et
2902 478 3197 549 syruboliea
3247 479 3513 548 quaedam
3563 485 3676 534 est.

2087 570 2240 638 Quod
2264 571 2479 640 quidem
2508 570 2619 625 dixi
2649 569 3127 641 proportiorraliter
3155 570 3312 625 nobis
3336 569 3468 640 ipsis
3487 577 3674 627 nostra

2089 659 2388 725 Ierarclria,
2435 661 2759 732 desiderans
2805 660 3081 718 sensibilia
3133 660 3184 716 in
3223 677 3344 717 eam
3381 677 3447 716 ex
3497 662 3580 718 eis
3603 661 3674 718 ad

2060 752 2377 810 invisibilia
2424 753 2744 809 divit-tierent
2777 762 3019 810 nostram
3075 753 3464 810 reduetionem.
3505 753 3677 810 Reve-

2088 845 2280 902 landae
2327 855 2506 901 tamen
2536 856 2657 903 sunt
2692 835 3059 918 symbolarum
3089 846 3330 902 rationes
3358 846 3556 902 divinis
3583 861 3672 900 sa-

2090 941 2201 996 cris
2243 938 2653 1011 perfectoribus.
2687 938 2833 1005 Quas
2875 954 2980 994 non
3011 949 3095 993 est
3118 937 3323 1006 justum
3355 937 3590 993 educere
3622 938 3678 993 itr

2091 1034 2267 1089 adhuc
2293 1032 2675 1104 pet-tieiettdos,
2697 1033 2954 1095 scientes,
2977 1032 3245 1102 quomodo
3264 1045 3542 1085 sacrorum
3567 1029 3684 1084 Duo

2093 1128 2340 1181 tradente
2366 1125 2710 1196 lr-gislatores
2735 1136 3024 1178 orrtatttnrn
3049 1125 3266 1177 stnlttlis
3289 1131 3342 1178 et
3381 1121 3682 1179 ittceni'usis

2091 1218 2393 1282 ordinibus,
2419 1225 2472 1270 et
2513 1232 2839 1286 unoquoque
2866 1217 3160 1270 St‘ClthritlJt
3194 1207 3508 1284 dignitatern
3537 1214 3679 1268 acci-

2041 1376 2044 1378 γ
2091 1308 2276 1377 pit-nte
2322 1305 2762 1377 proportionibus
2790 1315 2842 1358 et
2879 1306 3050 1360 sacris
3096 1302 3568 1358 riistriluttionihns
3595 1300 3678 1356 lc-

2094 1401 2363 1456 rarcitiarn
2391 1399 2800 1454 ordinaverunt.
2846 1397 3072 1468 l‘ropter
3098 1395 3242 1466 quod
3285 1404 3343 1450 et
3379 1394 3485 1448 tuis
3508 1393 3682 1449 sacris

2093 1495 2530 1552 contessionihus
2564 1496 2814 1556 credens,
2849 1478 3120 1547 recordari
3163 1491 3309 1546 enim
3334 1505 3522 1545 eat-unt
3562 1504 3682 1544 satr-

2092 1596 2237 1641 rtttnt
2267 1595 2370 1652 est,
2417 1585 2511 1641 sie-
2544 1599 2760 1641 omnem
2805 1584 3024 1654 quidem
3067 1581 3467 1652 superpositam
3500 1581 3679 1635 lr-rar-

2093 1679 2305 1734 chicatn
2331 1687 2575 1742 sanctam
2604 1675 2817 1730 laudem
2847 1681 2868 1711 ³
2896 1690 3001 1729 non
3033 1673 3213 1727 trades
3257 1670 3440 1736 alteri,
3492 1678 3681 1725 contra

395 1760 480 1812 sio
501 1753 552 1812 et
575 1759 818 1821 scientia,
843 1761 1128 1816 uniformis
1149 1761 1634 1818 consummationis
1655 1761 1836 1816 divina
1855 1777 1983 1832 par-
2012 1752 2062 1811 Β
2088 1785 2262 1840 neque
2290 1770 2573 1826 ordinatos
2629 1767 2726 1823 tibi
2776 1767 3070 1822 deum-mes
3099 1779 3283 1821 sacros
3324 1763 3677 1834 perfectores.

397 1851 660 1920 tieipatio,
702 1850 871 1922 ipsius
900 1854 1077 1919 unius,
1121 1865 1383 1923 quantum
1428 1853 1706 1925 possibile,
1728 1854 1980 1909 content-

394 1941 651 2011 [rlttlitttlis
698 1941 941 2009 refectio,
973 1945 1216 2000 nutriens
1266 1944 1612 2000 invisibiliter
1641 1955 1692 1999 et
1726 1944 1982 2000 rleiﬁettns

394 2048 610 2088 ornrreut
640 2034 693 2089 in
725 2049 786 2092 se
816 2046 1122 2091 extentum.
1173 2037 1429 2094 Dicamus
1460 2040 1660 2110 itaque,
1715 2040 1985 2110 quomodo

395 2123 578 2178 divina
625 2125 917 2191 beatitudo,
948 2137 1144 2182 natura
1171 2129 1442 2196 divinitas,
1479 2131 1802 2202 principium
1832 2131 1984 2186 deiti-

314 2277 320 2284 _
397 2216 654 2283 rationis,
690 2235 771 2274 ex
798 2236 907 2290 quo
951 2220 1192 2276 deiﬁcari
1218 2221 1484 2278 deitlcatis
1529 2223 1772 2278 bonitate
1805 2223 1988 2277 divina

394 2309 728 2365 lr-rarcltiam
763 2309 815 2363 in
862 2309 1040 2365 salute
1067 2319 1122 2365 et
1155 2311 1365 2368 unitate
1399 2313 1638 2368 orutriunt
1662 2322 1716 2367 et
1752 2313 1983 2366 rationa-

399 2401 531 2456 linru
575 2410 630 2457 et
673 2402 1113 2458 intellectualinnt
1144 2403 1503 2463 .essentiarurn
1533 2404 1774 2460 donavit.
1804 2404 1872 2459 Et
1897 2419 1984 2458 su-

398 2492 786 2562 perrnundanis
812 2493 1029 2564 quidem
1060 2504 1115 2549 et
1140 2494 1315 2552 beatis
1351 2498 1624 2567 quietibus
1656 2495 1983 2551 itnrrrateria-

399 2584 500 2638 lius
550 2593 603 2638 ct
648 2583 1082 2640 intcileetnalius.
1150 2584 1267 2640 bon
1325 2586 1471 2641 enim
1510 2586 1851 2642 extrinsecus
1890 2601 1986 2640 eas

400 2674 542 2728 licus
583 2675 635 2727 irt
673 2675 855 2730 divina
889 2685 1148 2742 moveret,
1194 2676 1542 2732 invisibiliter
1591 2687 1772 2732 antetn
1811 2687 1867 2731 et
1907 2675 1985 2730 in-

400 2763 669 2819 “inse-cus
715 2765 1044 2822 illuminatas
1085 2773 1205 2822 eam
1257 2767 1312 2822 itt
1343 2780 1402 2823 se
1430 2781 1620 2836 puram
1659 2775 1715 2822 et
1743 2767 1987 2822 immate-

398 2855 587 2910 r-ialetn
614 2857 1006 2912 divinissintam
1039 2857 1386 2912 voluntatem.
1428 2857 1596 2913 Nobis
1619 2866 1820 2922 autem,
1841 2857 1985 2927 quod

399 2948 584 3002 illiset
639 2948 984 3003 turifer-aiter
1025 2959 1084 3004 ct
1136 2949 1426 3005 connexiut
1473 2949 1725 3014 donatur,
1760 2963 1826 3002 ex
1878 2949 1986 3005 Deo

401 3039 614 3092 traditis
640 3038 893 3109 eloquiis,
922 3049 1184 3110 quantum
1228 3039 1383 3094 nobis
1418 3039 1691 3110 possibile.
1724 3039 1778 3094 itt
1809 3040 1984 3095 varie-

2087 1863 2301 1935 Eosque
2331 1859 2556 1930 patieris
2583 1859 2831 1916 conﬁteri
2879 1858 3173 1914 secundum
3201 1855 3372 1927 legem
3421 1853 3682 1910 ierarcltio

2083 1970 2229 2020 cant,
2275 1943 2598 2008 mundorum
2648 1952 2868 2022 quidem
2922 1951 3122 2006 munda
3171 1963 3414 2020 tangere,
3445 1963 3684 2004 commn-

2086 2045 2379 2114 nicari-qne
2404 2045 2532 2100 solis
2554 2045 2978 2100 deitieutivornnt
3004 2042 3223 2108 divinis,
3246 2049 3300 2096 et
3319 2038 3679 2110 perfecturum

2085 2133 2420 2209 perfectivis,
2449 2135 2760 2204 sanctisque
2797 2133 3285 2190 sanctissinrornnt.
3326 2129 3682 2201 Aliorntnque

2087 2229 2520 2284 ierarclticorntn
2553 2228 2648 2283 tibi
2677 2237 2729 2282 et
2757 2227 2860 2282 hoc
2886 2226 3086 2281 tradidi
3118 2224 3303 2279 divino
3329 2222 3489 2279 dono.

2628 2361 3024 2418 (ZAi’l'l'lJLl'll
3078 2360 3136 2416 ll.
3284 2435 3289 2444 Α

2444 2475 2518 2530 De
2552 2475 2888 2546 perﬁciendis
2911 2475 2966 2530 in
2993 2474 3322 2546 piratismate.

2161 2590 2371 2644 Dictum
2402 2598 2484 2644 est
2515 2589 2682 2658 igitur
2711 2604 2739 2639 a
2775 2587 2930 2642 nobis
2957 2601 3136 2651 sacre,
3163 2585 3434 2657 quomodo
3456 2585 3571 2657 ipsa
3599 2593 3686 2641 est

2086 2679 2382 2736 Secundum
2429 2693 2531 2734 nos
2576 2676 2883 2733 lerarehiae
2927 2676 3336 2746 interpretatio,
3391 2675 3459 2730 ad
3515 2675 3690 2730 Deum

2087 2777 2296 2837 nostra,
2330 2778 2592 2842 quantrrttt
2619 2767 2769 2834 licet,
2792 2778 2847 2823 et
2869 2767 3174 2824 similitudo
3201 2777 3257 2822 et
3285 2767 3484 2824 unitas.
3517 2765 3687 2838 Hujus

2086 2873 2290 2929 autem,
2325 2873 2384 2918 ut
2408 2861 2587 2916 divina
2633 2861 2829 2916 docent
2873 2859 3108 2931 eloquia,
3131 2859 3502 2929 piissimorunr
3528 2869 3678 2913 rna‘n-

2088 2957 2336 3013 datorum
2383 2951 2761 3010 dilectiurtibus
2803 2959 2872 3006 et.
2901 2949 3076 3006 sacris
3117 2949 3426 3005 actionibus
3444 2947 3686 3018 jucunde

2087 3045 2424 3117 perﬁcitnur.
2473 3041 2712 3099 Servabit
2741 3041 2898 3104 enim,
2946 3039 3140 3110 inquit,
3176 3039 3400 3109 diligens
3445 3054 3525 3092 nte
3575 3052 3686 3094 ecr-

401 3133 509 3183 t.rt'e
536 3139 589 3183 et
614 3129 957 3189 multitudine
1002 3131 1392 3202 separabiliurn
1426 3130 1790 3204 symbolarum
1822 3132 1980 3186 dona-
2013 3127 2059 3189 C
2093 3139 2215 3192 imm
2241 3153 2434 3200 meum,
2463 3147 2513 3191 et
2547 3121 2710 3196 Pater
2736 3149 2884 3190 meus
2933 3133 2955 3165 ³
2993 3131 3176 3202 diliget
3221 3147 3360 3195 cum,
3386 3141 3434 3186 et
3473 3131 3546 3188 ad
3569 3147 3686 3186 eum

401 3227 510 3270 turn
535 3227 635 3274 est.
671 3217 922 3273 Essentia
969 3219 1114 3274 enirn
1168 3228 1386 3274 nostrae
1417 3219 1722 3274 lerarchiae
1757 3227 1841 3274 est
1879 3217 1990 3274 Deo

401 3309 597 3364 tradita
623 3311 858 3381 eloquia.
892 3311 1245 3367 Sanctissirna
1277 3324 1458 3366 autem
1501 3311 1713 3382 eloquia
1740 3313 1872 3367 haec
1911 3311 1989 3366 di-

399 3401 597 3466 cimus,
643 3417 997 3472 quaecunque
1027 3418 1060 3457 a
1109 3401 1306 3458 divinis
1344 3403 1554 3456 nostris
1626 3418 1783 3458 suere
1816 3401 1994 3474 perfe-

397 3495 716 3571 ctoribtrsin
745 3492 1094 3571 agitigraphis
1134 3495 1292 3550 nobis
1322 3503 1377 3548 et
1423 3493 1741 3564 theologieis
1794 3493 1993 3548 donata

399 3599 528 3643 sunt
573 3587 751 3643 deliis.
793 3570 958 3657 Atqui
998 3592 1062 3641 ‘et
1107 3601 1461 3657 quaecunque
1513 3588 1582 3643 ab
1637 3587 1770 3656 ipsis
1821 3585 1995 3641 sacris

399 3697 420 3733 \
436 3680 529 3734 iris
551 3677 980 3734 irtttnaterialiori
1003 3677 1248 3733 doctrina
1269 3689 1327 3732 et
1350 3678 1560 3734 minore
1581 3679 1852 3748 quomodo
1874 3678 1990 3748 jam

401 3770 620 3828 caelesti
671 3770 967 3835 lerarchia,
1013 3786 1080 3827 ex
1107 3769 1385 3826 intellectu
1437 3769 1492 3826 in
1522 3771 1858 3826 iutcllecturn
1901 3787 1997 3840 per

403 3862 639 3916 ratediurrt
688 3859 911 3917 verbum
961 3861 1242 3931 corporale
1289 3862 1532 3945 quidem,
1585 3860 1997 3916 irnnratcrialius

405 3971 535 4009 tero
585 3964 764 4009 tamen
809 3962 968 4010 extra
1013 3954 1338 4024 scripturam
1382 3955 1549 4010 duces
1577 3955 1746 4009 nostri
1797 3955 1996 4018 eruditi

401 4056 546 4102 sunt.
573 4045 758 4119 Neque
772 4047 908 4102 haec
928 4047 1094 4104 divini
1109 4048 1303 4103 srrrnnri
1328 4047 1645 4104 sacerdotes
1664 4047 1718 4103 in
1741 4046 1995 4104 sacriﬁcii

385 4151 711 4203 ,manuune,
743 4154 850 4192 non
881 4137 1070 4193 velatis
1098 4137 1479 4203 invisibilibus,
1511 4139 1606 4193 sed
1649 4138 1703 4193 in
1735 4136 1998 4210 symbolis

405 4230 577 4286 sacris
599 4230 956 4286 tradiderunt.
986 4229 1082 4286 Est
1103 4230 1246 4284 enim
1279 4246 1386 4285 non
1415 4229 1592 4285 orrrttis
1620 4231 1870 4294 mundus,
1901 4245 1997 4284 rte-

403 4335 510 4389 que
547 4322 810 4385 onrrriurrt,
851 4332 911 4376 ut
939 4320 1151 4392 eloquia
1190 4323 1362 4386 aiunt,
1395 4322 1622 4377 scientia
1649 4336 1697 4376 ε.
1733 4321 1998 4378 Necessa-

407 4416 485 4466 tto
519 4413 683 4482 igitur
726 4410 884 4484 primi
915 4421 1133 4470 nostr-ae
1169 4413 1477 4470 lerarclriae
1506 4415 1673 4470 duces
1696 4431 1762 4470 ex
1812 4431 1994 4486 super-

401 4507 682 4564 esreutiali
731 4507 954 4574 deitate,
1011 4508 1112 4578 ipsi
1162 4507 1347 4602 divitia
1397 4508 1585 4578 repleti
1627 4509 1792 4574 dono,
1836 4519 1893 4564 et
1944 4509 1996 4564 in

407 4602 638 4671 idipsnrn
664 4600 860 4657 deinde
907 4601 1121 4672 praeire
1165 4616 1229 4656 ex
1273 4600 1458 4656 divitia
1489 4604 1731 4656 bonitate
1760 4613 1778 4642 ι
1822 4602 1994 4666 missi,

405 4701 462 4745 et
493 4691 594 4761 ipsi
640 4706 768 4746 vero
812 4692 1028 4761 copiose
1063 4699 1330 4755 amantes,
1365 4699 1622 4762 tanquam
1653 4691 1758 4756 Dii,
1781 4707 1994 4755 eorum,

405 4787 496 4854 qni
530 4796 647 4855 post
685 4800 745 4840 se
775 4796 922 4851 sunt,
950 4785 1283 4840 reductionis
1328 4796 1384 4840 et
1413 4785 1794 4850 deitieationis,
1818 4786 1992 4841 sensi-

410 4879 606 4934 bilibus
626 4879 953 4950 imaginibus
978 4877 1394 4948 strperraelestia
1422 4887 1478 4932 et
1500 4880 1758 4933 varietate
1783 4890 1837 4932 ct
1861 4877 1995 4932 mul-

411 4969 639 5025 titudine
669 4971 978 5034 eorttrexinr,
1010 4981 1064 5023 et
1113 4970 1166 5024 itt
1200 4968 1450 5024 humanis
1477 4969 1681 5032 divina,
1710 4978 1764 5022 et
1808 4970 1860 5022 irt
1887 4985 2000 5024 tua-

344 5045 350 5049 ’
413 5059 689 5118 terialibus
722 5059 1125 5125 itnmaterialia,
1165 5069 1222 5114 et
1262 5061 1507 5130 lrisquae
1547 5060 1841 5115 secundum
1895 5077 1995 5115 nos

409 5159 536 5206 Sunt
574 5142 1084 5221 ‘superesscntialia,
1134 5152 1354 5219 scriptis
1386 5169 1499 5205 suis
1547 5160 1603 5204 et
1631 5167 1736 5204 non
1775 5151 1992 5219 scriptis

307 5289 318 5300 .
411 5242 692 5307 dri-.tritris,
741 5242 1038 5298 secundum
1066 5255 1251 5295 sacras
1300 5241 1457 5294 nobis
1506 5241 1766 5294 dederunt
1800 5241 1986 5310 leges:

2097 3235 2377 3294 veniemus,
2407 3241 2453 3285 et
2482 3231 2807 3284 mansionem
2836 3227 2978 3298 apud
2999 3243 3115 3280 eum
3143 3225 3398 3297 faciunttu
3421 3224 3471 3278 δ.
3506 3223 3690 3291 Quod-

2096 3329 2220 3380 dant
2274 3339 2410 3393 ergo
2471 3330 2556 3377 est
2602 3320 2928 3390 principium
2997 3317 3466 3372 sanctissintorutn
3531 3328 3690 3369 nran-

2096 3417 2346 3471 datorurn
2386 3395 2577 3467 sacrae
2605 3411 2856 3470 actionis,
2895 3410 2960 3464 ad
2989 3408 3218 3462 aliorum
3245 3406 3549 3463 divinorum
3577 3403 3694 3461 elo-

2095 3509 2347 3579 quiorntn
2373 3515 2427 3559 et
2461 3519 2740 3561 sacrarum
2779 3502 3053 3558 actionum
3089 3499 3450 3570 sttsceptivattt
3488 3511 3688 3568 oppor-

2097 3600 2382 3665 tunitatem
2439 3597 2680 3654 formans
2725 3592 2990 3648 animales
3042 3599 3262 3647 nostros
3319 3589 3572 3651 habitus,
3621 3589 3692 3642 ad

2098 3671 2521 3762 supercaelestis
2550 3687 2745 3756 quietis
2767 3700 3048 3756 anagogen
3077 3694 3320 3739 nostrum
3357 3681 3461 3736 iter
3487 3678 3695 3734 faciens

2099 3797 2290 3840 sacrae
2327 3791 2384 3836 et
2420 3779 2790 3836 divinissiruae
2821 3787 3040 3833 nostrae
3069 3772 3498 3846 regenerationis
3528 3770 3693 3827 tradi-

2100 3862 2196 3930 tio.
2229 3873 2294 3928 l't
2319 3873 2463 3928 enint
2490 3870 2795 3926 communis
2822 3860 3006 3923 noster
3031 3868 3107 3922 ait
3133 3867 3262 3930 dux,
3285 3864 3581 3920 secundum
3610 3864 3692 3917 in-

2101 3965 2378 4021 tellectum
2411 3963 2629 4034 quidem
2683 3962 2735 4017 itt
2779 3961 2960 4015 divina
3007 3955 3374 4029 primordialis
3406 3964 3584 4011 motus
3609 3963 3694 4010 est

2101 4060 2212 4114 Deo
2263 4057 2556 4126 diriuaqne
2604 4053 2917 4118 dilectione,
2967 4051 3034 4106 ad
3081 4051 3290 4106 sacrant
3319 4048 3692 4120 operationem

2100 4148 2406 4203 divinorum
2472 4144 2851 4200 mandatorum
2896 4139 3349 4212 principalissirna
3396 4137 3693 4208 processio,

2099 4236 2313 4293 essendi
2337 4235 2595 4290 divinitus
2623 4248 2720 4287 nos
2752 4231 3181 4287 inell‘abiiissiuta
3205 4228 3430 4284 creatio.
3463 4225 3520 4282 Si
3547 4226 3693 4280 enim

2098 4343 2219 4384 esse
2235 4325 2598 4381 divinitnsest
2614 4324 2794 4378 divina
2818 4322 3118 4393 generatio,
3143 4320 3403 4388 numquid
3429 4333 3533 4373 non
3553 4319 3580 4351 ⁸
3598 4315 3694 4372 ali-

2103 4418 2319 4489 quando
2337 4416 2468 4485 quid
2490 4424 2734 4469 nosceret
2753 4413 2858 4468 Deo
2875 4412 3069 4466 tradito
3078 4411 3220 4464 runt?
3234 4409 3418 4478 Neque
3439 4407 3656 4478 quidem
3670 4405 3694 4436 '

2027 4487 2457 4578 “oper-aretur,
2503 4506 2596 4578 qui
2655 4521 2832 4575 neque
2881 4505 3179 4558 subsistere
3212 4501 3473 4556 divinitus
3491 4503 3698 4558 habuit.

2101 4604 2208 4657 Aut
2238 4599 2499 4670 numquid
2531 4613 2584 4654 et
2632 4613 2732 4652 nos
2773 4598 3069 4652 lnmrannrrt
3118 4594 3350 4649 dicirrrus
3398 4590 3698 4647 subsistere

2101 4700 2319 4761 oportet
2369 4689 2603 4760 primunt
2637 4730 2650 4752 ,
2702 4687 2898 4741 deinde
2953 4683 3165 4755 operari
3217 4683 3511 4737 se'enndnrn
3563 4677 3696 4736 nos?

2103 4782 2383 4849 Quomodo
2409 4797 2475 4834 an
2511 4795 2616 4834 non
2639 4779 2924 4832 existentis
2950 4793 3123 4845 neque
3151 4785 3378 4837 motum,
3403 4771 3496 4826 sed
3523 4783 3698 4840 neque

2030 4867 2037 4872 ’
2101 4874 2504 4928 sultsisterrtiurn
2541 4869 2792 4925 habentis
2837 4871 2860 4902 ‘
2891 4867 3014 4920 iilud
3055 4865 3390 4919 solummodo
3421 4859 3696 4930 operatttis

2110 4978 2202 5022 aut
2225 4965 2500 5036 patientis,
2534 4963 2588 5016 in
2616 4959 2812 5032 quibus
2842 4974 2961 5012 esse
2987 4968 3144 5012 natus
3171 4953 3290 5010 est?
3312 4951 3416 5008 Sed
3448 4953 3551 5005 hoc
3579 4950 3699 5020 qui-

2101 5064 2246 5121 dem,
2266 5069 2323 5112 ut
2348 5057 2599 5119 aestimo,
2625 5063 2892 5124 apertum.
2919 5049 3120 5104 Deinde
3135 5057 3314 5101 autern
3329 5041 3546 5100 divina'
3563 5041 3700 5096 divi-

2101 5166 2199 5205 tiae
2228 5147 2594 5218 generationis
2621 5143 2969 5213 inspiciemns
2989 5138 3251 5212 symbolo.
3273 5135 3492 5191 Etinilri
3519 5131 3700 5188 nullus

2101 5245 2448 5312 imperfectus
2473 5240 2524 5293 in
2554 5234 3064 5306 corrternplationetn
3097 5230 3298 5284 veniat.
3344 5225 3554 5282 Etenim
3593 5239 3700 5277 non

1693 5349 1947 5409 VARIAE
1987 5355 2388 5412 Llitl'l‘lONlﬁS.

492 5474 499 5495 ³
535 5465 575 5518 li
611 5467 822 5532 picture.
900 5470 920 5500 ⁸
963 5461 1001 5513 Ε
1051 5460 1405 5514 ΙιιιαιιεΙιῐιηιειι
1449 5461 1736 5516 secundum
1765 5464 1998 5530 intulerit.

419 5538 661 5590 habentis
699 5533 989 5596 (listeutia,
1015 5533 1176 5596 illud;
1211 5533 1254 5587 Α
1283 5533 1554 5597 Ιιαιιριιῑίις,
1578 5533 1802 5588 existens
1836 5534 1985 5590 illud.

2078 5469 2096 5495 ³
2131 5470 2282 5518 metui
2325 5480 2434 5517 om.
2467 5463 2507 5516 Β
2530 5461 2590 5514 Ε.

2072 5539 2090 5568 ⁷
2117 5539 2292 5589 diuina
2317 5552 2423 5590 om.
2459 5532 2568 5586 BH.
2597 5607 2606 5618 α

3599 5446 3702 5503 Ἐ

2689 5460 2706 5488 ’⁸
2742 5459 2782 5514 Λ
2813 5473 3170 5527 nequaquam.
3238 5457 3258 5487 ⁵
3287 5453 3331 5510 ll
3366 5457 3524 5515 enim,

1960 5625 1999 5677 λ
2008 5624 2097 5680 UT
2106 5626 2142 5676 ,ἱ
2157 5624 2215 5677 Ε.

491 5751 498 5754 -
539 5723 687 5776 inan.
725 5720 866 5785 ll",
905 5719 1071 5775 ICor.
1109 5717 1238 5776 Vill.

2194 5719 2221 5758 ι)
2260 5717 2412 5774 Joatt.
2445 5713 2579 5779 XIV,
2611 5713 2702 5768 ‘25.
