4210 6208
419 291 555 351 ῐοῖτ

884 278 891 283 ’
944 290 949 291 “
994 288 1243 348 νεκδιο
1279 288 1562 350 OPERUM
1605 291 1661 345 S.
1702 288 1997 348 DIONYS'H
2047 290 2666 349 ο-ιιεςιεδιλδνιίρι
2709 291 3097 348 iERARCHlA.

3551 290 3686 353 i078

414 384 736 455 purgatione
762 398 857 454 per
900 399 1095 456 aquam
1132 386 1363 441 naturali
1396 386 1731 455 corporalius
1766 385 1867 457 ipsi
1910 385 2000 439 de-
2032 392 2079 451 Α
2106 387 2197 457 qui
2245 386 2590 457 imperfectus
2616 394 2719 449 est,
2749 385 2863 454 ipse
2887 402 2990 439 non
3019 386 3141 439 inde
3176 384 3193 415 "
3231 387 3602 457 concupiscet,
3631 390 3684 443 in

414 476 719 533 ntmcians?
748 475 891 532 Haec
913 491 1045 549 ergo
1067 479 1169 534 etsi
1192 477 1327 534 nihil
1346 476 1489 532 aliud
1518 478 1750 535 divinius
1780 477 2007 532 haheret

413 567 868 640 perﬁciendorum
919 571 1216 642 symbolice
1265 569 1518 635 traditio,
1569 587 1674 626 non
1726 570 2001 624 immunda

412 669 578 726 esset,
609 669 671 717 ut
716 662 966 728 aestimo,
1013 661 1317 719 doctrinam
1368 663 1585 733 quidem
1635 670 1818 719 rectae
1848 642 2026 717 vitae’

413 749 765 806 introduceus
785 752 829 817 ³,
853 751 1548 824 perfectamqueinmaiitia
1574 750 2004 808 conversationis

412 838 757 905 solutionem,
798 841 1183 898 universaliter
1234 858 1462 914 corpore
1507 843 1827 899 naturaliter
1878 858 2010 912 pur-

408 940 537 998 gato
567 945 662 1000 per
699 946 919 1002 aquam,
952 935 1300 989 conﬁrmans.
1352 924 1460 990 Sed
1509 936 1582 990 sit
1610 935 1825 1006 quidem
1872 934 2006 988 haec

411 1018 745 1090 imperfectis
785 1023 1149 1091 introductiva
1190 1027 1503 1106 animarum
1538 1029 1705 1090 actio,
1747 1037 1802 1081 et
1829 1032 2003 1081 ierar-

409 1110 564 1165 chica
598 1120 653 1165 et
676 1112 990 1179 uniformis,
1012 1126 1275 1188 quantum
1327 1115 1431 1183 fas,
1463 1133 1493 1173 a
1527 1118 1871 1173 multitudine
1896 1118 2004 1173 dis-

413 1199 683 1270 tinguens,
720 1210 776 1256 et
810 1197 1223 1262 commoderans
1268 1204 1564 1263 immundis
1601 1209 1883 1265 ordinibus
1923 1210 2004 1265 iu—

405 1304 745 1365 compaetam
766 1295 1128 1355 altitudinem.
1155 1299 1266 1356 Nos
1293 1310 1476 1357 autem
1490 1302 1899 1358 ascensionihus
1921 1317 2008 1357 sa-

408 1384 517 1439 cris
550 1385 602 1440 in
634 1387 997 1458 perfecturum
1040 1393 1306 1464 principia
1335 1391 1706 1465 I'eSjiicietites,
1744 1405 1798 1450 et
1835 1410 1898 1451 ea
1926 1396 2006 1451 di-

409 1476 456 1527 vi
467 1477 515 1529 ni
526 1485 610 1534 tus
625 1482 819 1544 eruditi
830 1498 1234 1555 ,eognoscemns
1247 1502 1477 1558 quorum
1494 1499 1614 1542 sunt
1630 1488 2006 1543 characterum

407 1566 631 1640 efﬁgies,
656 1580 711 1627 et
731 1567 961 1644 quorum
988 1576 1338 1632 invisibilium
1359 1578 1644 1650 imagines.
1674 1570 1813 1633 Sunt
1838 1578 2005 1644 enim,

409 1670 467 1712 ut
513 1659 567 1714 in
612 1675 700 1728 ea,
747 1678 889 1734 quae
936 1667 1116 1722 estde
1150 1668 1511 1723 invisibilihus
1550 1676 1607 1723 et
1639 1657 2001 1733 sensibilibus,

2104 479 2253 534 brevi
2283 495 2408 533 vero
2427 495 2522 550 per
2538 479 2649 548 ipsa
2673 478 2754 533 sui
2774 479 2971 547 prima,
2990 477 3182 532 deinde
3199 476 3374 533 adhuc
3402 478 3607 548 priora,
3634 490 3688 536 et

2104 583 2202 640 per
2226 569 2318 624 ilia
2341 569 2393 622 in
2419 569 2771 640 praestantia,
2800 577 2854 622 et
2875 567 3147 638 perfectus
3168 568 3224 622 in
3248 568 3689 624 subiimissimam

2103 661 2340 719 divinam
2379 659 2430 714 in
2456 660 2649 714 ordine
2673 668 2725 714 et
2765 674 2921 714 sacre
2946 658 3204 715 ascendet
3228 660 3689 715 communionem.

2104 751 2276 821 Hujus
2301 761 2386 817 est
2410 762 2638 807 ornatus
2662 761 2717 806 et
2756 749 2898 806 sacri
2922 750 3131 806 ordinis
3158 750 3362 821 imago,
3401 750 3695 806 advenien-

2106 843 2175 899 tis
2200 858 2302 898 con
2311 842 2470 902 fusio.
2486 850 2541 898 et
2554 856 2771 907 eorum,
2788 854 2928 912 quae
2942 840 3237 897 secundum
3253 841 3490 912 seipsum
3508 840 3531 874 ³
3543 851 3692 907 sunt,

2103 934 2362 1006 cognitio,
2389 933 2456 987 ad
2502 946 2773 988 sunuumn
2825 930 3162 989 sacerdotem
3206 932 3327 986 viae
3356 932 3695 989 anadorhnnt

2105 1026 2310 1080 habens
2334 1024 2681 1095 magistrum.
2701 1023 2835 1077 Eum
2859 1034 2987 1077 vero
2999 1021 3080 1075 sic
3102 1021 3480 1077 ascendentem
3511 1022 3697 1078 divina
3753 1053 3765 1063 -

2104 1116 2381 1175 beatitudo
2410 1116 2463 1170 in
2511 1130 2665 1185 suam
2714 1115 3182 1186 participationem
3213 1116 3425 1186 recipit,
3470 1125 3524 1170 et
3562 1129 3695 1187 pro-

2104 1197 2283 1282 prium
2310 1208 2492 1263 lumen
2526 1217 2784 1277 tanquam
2814 1200 3046 1276 quedam
3083 1208 3184 1279 ipsi
3215 1208 3369 1280 signo
3394 1209 3578 1271 tradit,
3600 1211 3694 1265 dia-

2106 1304 2289 1356 vinum
2312 1298 2620 1371 perficiens,
2648 1307 2704 1354 ct
2725 1301 3212 1357 communicantem
3236 1301 3566 1367 divinorum,
3589 1286 3701 1359 dis-

2106 1394 2418 1452 tributionis
2468 1403 2532 1464 et
2589 1406 2781 1448 sacrae
2851 1392 3210 1447 ordinationis
3264 1411 3279 1448 :
3331 1409 3559 1464 quorum
3614 1403 3699 1450 est

2106 1488 2411 1560 symbolum
2465 1503 2720 1551 sacrum,
2780 1502 2993 1541 summo
3054 1487 3337 1543 sacerdote
3387 1488 3696 1544 advenienti

2108 1584 2363 1639 deitatum
2393 1570 2754 1654 signaculmn,
2811 1591 2863 1662 et
2908 1580 3251 1635 sacerdotum
3296 1579 3554 1636 salutaris
3600 1582 3696 1637 de-

2107 1674 2369 1743 scriptio:
2403 1673 2455 1726 in
2482 1672 2708 1727 salvatis
2749 1687 2868 1725 eum
2898 1687 3315 1738 connumeraus,
3346 1681 3400 1728 et
3422 1674 3700 1729 memoriis

408 1751 622 1807 actione
671 1765 857 1826 aperte
904 1757 1235 1825 disputatum
1266 1770 1351 1815 est
1399 1762 1445 1829 ί,
1484 1762 1750 1831 quaedam
1777 1761 1999 1832 quidem
2033 1763 2074 1819 Β
2104 1765 2274 1819 sacris
2314 1779 2525 1835 ponens
2573 1763 2714 1831 apud
2760 1778 2883 1816 eum
2931 1771 2985 1816 et
3026 1762 3389 1827 anadocimm,
3443 1772 3699 1830 tanquam

407 1847 737 1905 sensibiliter
766 1865 957 1909 sacrae
996 1854 1344 1912 invisibiiium
1387 1857 1410 1889 ³
1458 1857 1891 1927 iinagiaationes,
1942 1866 1998 1912 et

408 1935 461 1989 in
518 1951 581 1991 ea
636 1942 988 1999 mauuductio
1039 1956 1094 1999 et
1146 1945 1253 2001 \ia.
1291 1947 1584 2001 invisibilia
1635 1964 1761 2002 vero
1786 1964 1997 2012 eorum,

408 2041 547 2103 quae
564 2032 871 2103 scentulum
887 2049 1106 2091 sensum
1122 2046 1242 2091 sunt
1257 2079 1271 2102 ,
1291 2040 1714 2095 iemrchicornm
1731 2051 1785 2096 et
1797 2041 2000 2111 princi-

408 2121 555 2188 pium
583 2130 638 2178 et
667 2124 913 2180 srientia.
947 2126 1203 2185 Dicamus
1244 2130 1429 2201 igitur,
1456 2132 1727 2200 quomodo
1754 2140 1837 2187 est
1872 2132 1997 2188 divi~

409 2226 509 2264 nae
529 2212 874 2271 beatitudinis
891 2217 1122 2284 bonitas,
1142 2236 1356 2290 semper
1372 2220 1525 2289 juxta
1540 2224 1728 2277 eadem
1745 2223 1999 2279 etsimili-

411 2313 494 2357 ter
521 2302 731 2359 habens
757 2309 957 2378 pmprii
988 2309 1206 2368 luminis
1230 2311 1503 2368 beneficos
1520 2312 1720 2378 radios,
1743 2313 2001 2369 inmunes

405 2396 622 2465 copiose
650 2400 908 2468 expandit
947 2401 1336 2459 intellectu;.les
1380 2405 1576 2461 vultus.
1630 2405 1684 2460 Si
1719 2406 1840 2475 quis
1873 2421 2003 2478 ergo

406 2484 813 2546 discesserit-ab
839 2492 1098 2548 invisibili
1132 2493 1338 2550 lumine
1366 2505 1461 2549 aut
1497 2495 1879 2563 invisibilihus,
1905 2512 1999 2552 su-

406 2580 629 2648 perbus,
680 2597 777 2653 per
813 2597 873 2638 se
921 2594 1137 2655 potens,
1187 2586 1428 2642 malitiae
1463 2601 1650 2642 amore
1695 2587 2004 2643 conducens

409 2671 729 2727 naturaliter
755 2672 1032 2744 inspersos
1061 2675 1113 2731 ei
1140 2677 1210 2732 ad
1234 2676 1645 2733 illuminandum
1675 2678 2005 2742 virtus,sus-

407 2762 661 2830 penditur
709 2766 1018 2835 praesentis
1064 2752 1180 2839 ipsa
1223 2768 1446 2825 luminis
1496 2787 1602 2826 non
1653 2771 2007 2836 discedentis,

407 2852 504 2906 sed
528 2855 925 2923 superlacentis
942 2856 1056 2927 ipsa
1080 2858 1352 2928 aspiciens
1367 2868 1421 2913 et
1440 2870 1691 2916 avertens
1712 2876 2008 2916 occurren-

409 2943 478 2997 tis
502 2944 855 3004 d'eil'ormiter.
887 2946 1054 3019 Sique
1075 2950 1192 3019 ejus
1214 2951 1491 3006 moderate
1518 2952 1617 3022 ipsi
1649 2951 1759 3007 dati
1781 2952 2005 3008 visibilis

408 3033 645 3092 visiones
673 3038 1051 3113 supersilierit,
1078 3049 1133 3095 et
1156 3041 1223 3094 ad
1250 3038 1394 3111 ipsas
1428 3056 1592 3111 super
1613 3057 1769 3096 suum
1797 3041 2003 3097 vultum

2103 1853 2350 1910 vivifieae
2378 1853 2444 1907 ad
2475 1852 2759 1907 veritatem
2790 1852 2908 1904 viae
2937 1859 3237 1907 amatorem
3271 1852 3486 1921 quidem
3514 1867 3700 1907 verum

2101 1955 2156 2000 et
2204 1954 2625 2015 eonsequentem
2677 1945 2881 1998 ducens
2921 1944 3111 2009 divini,
3156 1959 3265 2000 non
3316 1954 3703 2014 errantemque

2102 2040 2215 2095 Deo
2248 2041 2461 2095 traditis
2513 2040 2854 2096 ductionibus
2899 2040 3178 2110 sequentis
3222 2041 3699 2094 niannductorem.

2105 2136 2212 2192 Sed
2247 2151 2350 2190 non
2377 2133 2559 2191 inest‘
2586 2149 2804 2189 smnme
2850 2132 3248 2212 contrariorum
3281 2131 3439 2189 simul
3477 2131 3708 2202 partici-

2105 2245 2258 2301 pare,
2272 2232 2459 2300 neque
2478 2229 2910 2284 communionem
2937 2226 3207 2298 quandam
3234 2226 3301 2280 ad
3317 2241 3483 2281 unum
3502 2224 3706 2278 balteu-

2109 2334 2218 2378 tem
2237 2322 2467 2392 partitas
2482 2319 2682 2376 habere
2712 2319 2877 2383 vitas,
2900 2318 2944 2372 si
2965 2317 3127 2372 unius
3150 2314 3341 2387 recipit
3363 2315 3574 2370 ﬁrmam
3593 2330 3706 2384 par-

2108 2411 2498 2483 ticipationem,
2526 2409 2620 2467 scd
2638 2407 3050 2463 immoderatum
3091 2419 3211 2462 esse
3244 2414 3299 2461 et
3336 2404 3705 2459 inordinatnnt

2106 2503 2160 2559 in
2196 2501 2447 2558 onmibns
2482 2499 2852 2555 uniformitatc
2877 2497 3250 2555 divisionibus.
3296 2497 3451 2565 Quod
3483 2496 3704 2567 quidem

2106 2593 2473 2666 symbolarum
2513 2592 2734 2647 traditio
2779 2605 2935 2647 sacre
2980 2589 3278 2655 insinuans,
3328 2588 3705 2644 advenientem

2108 2685 2253 2740 velut
2282 2684 2514 2756 priorem
2542 2684 2713 2739 vitam
2742 2698 2968 2747 exuens,
2995 2690 3051 2738 et
3074 2680 3589 2754 usquejuxtaillam
3618 2680 3706 2734 ul-
3788 2722 3791 2725 .

2110 2776 2271 2831 timos
2301 2773 2518 2831 habitus
2545 2772 2781 2839 solvens,
2805 2771 3008 2827 nudum
3039 2780 3095 2826 et
3141 2769 3517 2827 discalciatnm
3564 2770 3709 2826 sistit

2105 2865 2178 2920 ad
2203 2864 2428 2920 occidua
2452 2862 2825 2934 aspicientem,
2855 2872 2911 2917 et
2936 2877 3191 2923 manuum
3219 2861 3708 2925 abrennnciatione

2108 2959 2371 3014 obscurae
2398 2957 2632 3010 malitiae
2662 2963 2977 3011 renuentem
3004 2953 3445 3019 communiones,
3476 2961 3532 3009 et
3556 2952 3709 3024 inge-

2112 3049 2285 3103 nitum
2315 3046 2418 3101 sibi
2465 3043 2918 3100 dissimilitudinis
2961 3044 3207 3098 habitum
3239 3050 3498 3114 tanquam
3528 3042 3709 3113 exspi-

408 3120 944 3184 claritates‘obtneri
984 3129 1309 3193 iiducialiter
1352 3134 1589 3198 audebit,
1640 3133 1727 3187 lux
1782 3134 1999 3204 quidem
2032 3141 2076 3202 C
2110 3148 2316 3195 rantetn
2388 3146 2442 3191 et
2495 3135 2832 3193 ttnivet'saies
2899 3134 3272 3189 confitentem.
3338 3133 3423 3188 Ad
3477 3133 3580 3188 hoc
3629 3132 3709 3187 sic

406 3217 724 3287 operabitur
766 3212 981 3289 praeter
1005 3221 1181 3276 lucem
1210 3221 1345 3285 nihil
1369 3237 1384 3287 ;
1437 3221 1550 3292 ipsa
1579 3237 1707 3276 vero
1735 3221 2006 3292 perfectos

408 3307 723 3378 imperfecte
772 3311 1184 3381 concupiscens,
1242 3328 1310 3368 eo
1342 3313 1558 3383 quidem
1599 3328 1708 3383 quo
1754 3315 2007 3384 incogtse-

407 3408 637 3469 quentes
688 3402 986 3456 nonetiam
1023 3403 1321 3475 intelliget,
1366 3403 1732 3476 humilemque
1760 3405 2008 3461 iuornate

408 3493 731 3563 despiciens,
754 3496 852 3566 per
883 3496 1115 3568 seipsam
1152 3496 1368 3553 refellit.
1412 3496 1819 3565 Verumtamen,
1861 3498 2005 3568 quod

408 3586 626 3656 quidem
670 3587 949 3655 dixeram,
988 3588 1233 3645 benefice
1277 3604 1493 3660 semper
1548 3588 2008 3647 intellectuaiibus

410 3674 649 3732 vultibus
678 3676 918 3733 divinum
949 3668 1243 3744 expansum
1286 3687 1372 3738 est
1403 3678 1610 3745 lumen,
1652 3681 1901 3751 inestque
1928 3681 2010 3735 eis

410 3769 653 3843 recipere
683 3780 968 3842 praesente
990 3786 1081 3836 eo,
1104 3779 1160 3826 et
1196 3786 1410 3843 semper
1430 3773 1498 3827 ad
1527 3772 1696 3827 Deum
1724 3772 2006 3831 decentem

410 3862 750 3933 propriorum
801 3863 1150 3920 traditionem
1199 3863 1468 3919 existente
1513 3863 1884 3933 paratissimo.
1924 3863 2009 3917 Ad

410 3951 552 4008 hanc
577 3950 792 4007 divimis
816 3967 1062 4010 summus
1088 3953 1347 4009 sacerdos
1389 3951 1718 4008 reformatur
1752 3953 2008 4013 imitatio.

410 4060 558 4109 nem,
607 4044 922 4102 inciformes
973 4061 1105 4101 suae
1148 4046 1366 4102 divinae
1412 4044 1692 4101 doctrinae
1731 4044 2008 4100 claritates

411 4135 626 4205 copiose
641 4130 696 4189 in
707 4151 898 4190 omnes
911 4134 1692 4206 expandens,etadvenientem
1707 4134 2009 4191 illuminare

412 4226 504 4282 Dei
537 4227 779 4282 imitator
804 4226 1182 4297 paratissimus
1208 4242 1325 4291 ens,
1357 4242 1465 4281 non
1515 4225 1803 4291 invidiose,
1834 4240 2010 4296 neque

412 4317 688 4373 immundo
735 4306 903 4390 priori
959 4318 1231 4389 apostasia
1293 4318 1649 4372 immoderata
1711 4316 2006 4387 quidquam

410 4399 625 4481 semper
653 4414 866 4470 usurus.
906 4410 1003 4467 sed
1032 4408 1291 4467 divinitus
1318 4424 1532 4479 semper
1569 4408 2007 4480 provenientibus

2106 3230 2327 3283 omnino
2363 3225 2857 3283 immensnrahilem
2899 3226 3070 3294 ipsum
3100 3234 3156 3280 et
3199 3240 3303 3279 non
3335 3224 3715 3279 communica~
3804 3272 3807 3277 λ

2106 3319 2269 3374 bilem
2328 3317 2531 3371 factum
2578 3315 2644 3370 ad
2693 3315 2974 3371 Orientem
3037 3313 3342 3369 transducit
3396 3315 3450 3368 in
3523 3314 3714 3370 divino

2109 3410 2311 3464 lumine
2338 3417 2539 3463 statum
2566 3416 2618 3463 et
2648 3415 2955 3477 respectum
2993 3405 3232 3459 futurum
3267 3405 3382 3459 fore
3412 3405 3611 3460 munde
3650 3406 3707 3463 in

2106 3498 2502 3568 perfectissimo
2532 3494 2750 3551 malitia
2793 3494 2966 3551 reditu
3010 3494 3355 3565 permittens,
3410 3504 3463 3550 ct
3515 3511 3707 3553 sacras

2109 3589 2230 3661 ejus
2258 3590 2324 3643 ad
2361 3604 2530 3644 unum
2561 3586 2870 3642 rationabili
2902 3587 3142 3649 contuitu
3191 3587 3558 3642 confessiones
3589 3586 3710 3643 uni-

2109 3677 2266 3736 formi
2316 3680 2458 3736 facto
2509 3678 2754 3734 veritatis
2797 3692 2984 3732 amore
3028 3677 3315 3748 recipiens.
3372 3675 3478 3735 Sed
3508 3688 3592 3733 est
3632 3679 3705 3732 ἰιιί

2107 3772 2335 3834 clarum,
2392 3778 2449 3824 nt
2503 3748 2755 3833 aestimo,
2810 3767 3235 3824 ierarclz'cornm
3274 3768 3534 3833 eruditis,
3580 3772 3705 3837 quia

2109 3863 2334 3918 devictis
2388 3863 2440 3918 in
2490 3860 2809 3917 fortitudine
2863 3857 2938 3915 ad
3041 3875 3149 3914 .um
3209 3860 3607 3925 resistentibus,
3653 3871 3707 3913 rt

2110 3953 2504 4023 contrariorum
2533 3950 2928 4006 universalibus
3019 3950 3470 4019 teremptionihus
3499 3960 3553 4009 et
3594 3966 3701 4005 non

2109 4044 2494 4104 Subsistentiis,
2522 4041 2861 4097 immutabile
2884 4058 2914 4112 p
2982 4040 3565 4097 evaletintellectualia
3591 4039 3706 4096 dei-

2110 4134 2301 4189 formis
2331 4133 2680 4188 habitudinis.
2720 4132 2837 4188 Non
2866 4148 3010 4189 enim
3044 4131 3221 4187 redire.
3248 4141 3465 4204 oportet
3498 4143 3705 4190 tantum

2109 4224 2179 4279 ab
2206 4223 2353 4278 omni
2392 4223 2615 4287 malitia,
2663 4222 2758 4298 sed
2799 4231 2855 4277 ct
2897 4221 3127 4278 viriliter
3157 4206 3476 4279 collocatum
3505 4238 3626 4278 esse
3650 4233 3707 4280 et

2112 4318 2437 4389 intrepidum
2487 4332 2701 4388 semper
2746 4326 2934 4372 contra
2968 4316 3233 4387 perditam
3267 4316 3322 4370 in
3362 4330 3483 4371 eam
3519 4315 3705 4384 subje-

2113 4410 2368 4472 ctionem,
2403 4423 2576 4477 neque
2613 4408 2794 4478 templi
2837 4407 3083 4463 veritatis
3106 4408 3160 4461 in
3196 4406 3383 4478 requie
3414 4405 3706 4477 aliquando

406 4502 535 4557 suis
569 4502 623 4557 in
672 4502 845 4559 lucem
898 4488 1243 4560 ductionibus
1286 4501 1587 4562 lerarcltice
1656 4502 1904 4558 relucens
1949 4502 2004 4579 in
2033 4496 2082 4558 Β
2110 4502 2248 4557 ﬁeri.
2279 4501 2509 4556 Attende
2538 4517 2669 4554 vero
2694 4501 3134 4557 .et‘aeternaliter
3174 4503 3226 4557 in
3256 4517 3377 4558 eam
3435 4512 3495 4557 ut
3532 4504 3705 4560 virtus

410 4592 553 4656 bono
582 4602 778 4649 ornatu
814 4601 870 4650 et
895 4594 1088 4652 ordine
1129 4605 1185 4650 et
1211 4593 1461 4667 analogia
1494 4592 1918 4664 uniuscujusque
1933 4594 2002 4647 ad

410 4702 567 4741 saera
598 4688 1156 4745 commensuratimtis.
1198 4688 1308 4744 Sed
1347 4686 1603 4760 quoniam
1654 4694 1875 4742 sanctae
1910 4701 2031 4761 or-V

330 4762 335 4767 ’
412 4777 703 4836 diuatimtis
731 4791 815 4840 est
838 4779 1164 4849 principium
1211 4779 1373 4842 Deus,
1404 4779 1702 4836 secundum
1731 4778 1876 4847 quod
1912 4792 2000 4833 se-

410 4869 559 4938 ipsos
598 4874 933 4938 cognoscunt
976 4868 1116 4923 sacri
1166 4866 1491 4937 intellectus,
1546 4869 1613 4924 ad
1662 4881 2002 4936 consequens

412 4968 639 5015 naturae
664 4959 876 5015 visibile
907 4972 1212 5024 recurrens,
1244 4958 1297 5014 in
1325 4959 1590 5030 principio
1608 4960 1827 5029 quidem
1855 4958 1997 5027 quis,

411 5038 777 5118 quando‘est,
826 5048 943 5120 ipse
987 5049 1231 5105 videbit:
1262 5056 1318 5105 et
1350 5049 1453 5106 hoc
1476 5050 1707 5119 accipiet
1739 5050 2003 5121 primum,

413 5153 480 5195 ex
509 5149 755 5211 respectu
809 5142 877 5197 ad
924 5142 1104 5198 lumen
1153 5156 1367 5198 sacrum
1414 5135 1633 5197 donum.
1676 5142 1792 5213 Qui
1822 5152 2004 5199 autem

416 5238 630 5312 propria
675 5238 812 5293 bene
853 5237 1277 5310 impassihilibus
1306 5237 1478 5294 oculis
1520 5236 1756 5307 inspicit,
1792 5253 1859 5292 ex
1897 5252 2002 5294 non

417 5325 721 5383 lucentibus
763 5327 983 5397 quidem
1041 5336 1343 5384 revertetur
1400 5327 1767 5400 ignorantiae,
1803 5328 2009 5382 obscu-

419 5403 517 5485 ris,
546 5418 640 5474 Dei
669 5428 849 5475 autem
874 5419 1268 5491 perfectissima
1289 5421 1496 5477 unitate
1518 5431 1568 5476 et
1591 5422 2007 5491 participatione

2113 4592 2329 4645 extendi
2348 4591 2415 4645 ad
2434 4591 2824 4661 perfectissima
2863 4584 3161 4648 divinitatis
3198 4593 3573 4650 ascensionem
3616 4610 3704 4647 sa-

2109 4701 2203 4739 cre
2226 4698 2443 4754 semper
2470 4691 2737 4753 agentem.
2771 4683 2934 4739 Vides
2976 4694 3155 4739 autem
3189 4684 3385 4740 horum
3422 4684 3705 4756 diligentes

2111 4773 2374 4844 imagines
2402 4774 2457 4828 in
2499 4773 2796 4829 ietarchice
2843 4775 3206 4844 perficiendis.
3253 4774 3543 4857 Dciforutis
3581 4778 3702 4846 qni-

2109 4867 2230 4921 dcm
2265 4880 2511 4921 summus
2550 4856 2819 4921 sacerdos
2850 4867 3070 4922 inchoat
3100 4868 3315 4923 sacrant
3364 4867 3701 4933 unctionem,

2107 4956 2418 5013 sacerdotes
2444 4973 2575 5013 vero
2624 4958 2725 5012 sub
2756 4958 2871 5027 ipso
2906 4958 3193 5029 perficiunt
3224 4959 3494 5015 unctionis
3532 4961 3705 5015 sacri-

2112 5050 2315 5115 licium,
2342 5052 2409 5104 ad
2436 5065 2593 5103 sacra
2620 5049 2675 5104 in
2721 5049 3070 5104 similitudine
3095 5050 3484 5120 perliciendum
3524 5061 3703 5107 certa-

2112 5142 2256 5195 mina
2282 5148 2594 5203 evecantes,
2620 5139 2920 5194 secundum
2949 5156 3091 5211 quae
3121 5141 3222 5197 sub
3251 5141 3518 5211 militante
3542 5140 3699 5197 Chri-

2107 5241 2192 5291 sto
2222 5232 2396 5288 factus
2420 5231 2821 5299 cst.~Quoniam
2862 5239 2919 5284 ut
2955 5231 3097 5287 Deus
3132 5240 3215 5287 est
3274 5232 3503 5288 militiae
3546 5248 3698 5287 creo.

2107 5337 2212 5381 tor.
2263 5331 2321 5377 ut
2364 5323 2580 5393 sapiens
2606 5338 2734 5375 vero
2762 5322 2909 5394 leges
2938 5320 3058 5391 ejus
3086 5322 3287 5393 posuit,
3319 5332 3577 5394 operatus
3618 5329 3704 5381 est

2111 5429 2163 5474 nt
2194 5421 2387 5484 bonus,
2418 5420 2646 5474 decorus
2684 5417 2981 5495 victoribus
3009 5415 3268 5487 praemia.
3314 5414 3383 5470 Et
3420 5416 3594 5470 adhuc
3622 5416 3701 5468 «ιι-

1695 5550 1948 5606 γιιιιιις
1988 5549 2391 5606 LEtj'i'iONES.

492 5667 664 5721 ἠερε
689 5668 1040 5722 introducam.
1120 5666 1138 5696 ‘
1183 5663 1222 5719 E
1262 5664 1577 5734 disputatur.

386 5717 393 5725 ’
423 5740 445 5768 ⁸
485 5717 695 5796 illico.

1687 5663 1705 5691 τ
1748 5666 1994 5732 imagines
2014 5662 2438 5715 --in:isibt'lium
2470 5677 2555 5714 om
2611 5659 2717 5714 liii.

2804 5674 2809 5685 δ
2840 5659 2878 5711 Β
2912 5675 3015 5712 non
3047 5656 3249 5709 minuta.
3330 5655 3463 5709 δ’ΒΗ
3502 5658 3673 5724 ipsum
