4210 6246
456 370 477 381 1,
504 256 528 341 ἶ·
577 299 719 358 {079

1949 283 2231 367 JOANNIS
2269 308 2481 368 scen

3717 312 3873 371 1080

571 413 776 478 Vinius,
808 412 1063 483 quoniam
1094 415 1313 485 quidem
1347 424 1403 471 ut
1439 418 1677 488 optimus
1707 420 1759 474 in
1789 422 2051 478 militibus
2082 422 2160 478 ef-
2188 426 2235 484 Α
2266 423 2580 492 spici-unus,
2622 434 2844 495 promer
2870 429 2997 496 quid
3029 443 3317 484 commune
3365 428 3484 485 aliis
3537 429 3871 487 ierarchieis

577 504 750 559 fectus
774 515 857 558 est
883 520 1008 559 t‘uttt
1040 507 1170 576 ipsis
1217 523 1391 573 saele,
1446 524 1547 580 pro
1591 512 1781 566 eorum
1830 512 2079 569 libertate
2116 524 2171 569 et

576 596 824 663 victoria,
852 596 916 650 ad
944 600 1135 652 inertis
1160 611 1212 654 et
1243 602 1607 672 corruptionis
1628 612 1950 660 concerth
1975 615 2165 675 poten-

575 696 708 749 tem,
740 687 1077 742 certantibus
1124 689 1341 757 quidem
1398 701 1654 761 tanquam
1709 693 1850 747 Dens
1893 693 2169 765 perfectus

577 777 820 831 ascendit
846 778 1119 849 gaudens:
1146 790 1328 836 manet
1363 792 1546 835 autent
1578 782 1628 836 in
1657 783 1917 855 sapientis
1951 784 2167 857 legisla-

577 868 849 931 tionibus.
909 882 965 924 et
1035 872 1328 927 secundum
1397 889 1493 929 cas
1550 875 1671 929 sine
1740 862 2168 949 transgressione

575 960 859 1015 contendit.
924 963 992 1016 ad
1068 964 1334 1019 lmnornm
1417 968 1783 1036 praemiorum
1856 985 2006 1037 Spem
2076 970 2169 1023 fir—

577 1053 757 1109 tniter'
794 1053 1036 1117 habens,
1097 1055 1200 1108 sub
1253 1055 1459 1126 optimo
1522 1056 1749 1111 militiae
1819 1058 2046 1114 Domino
2113 1069 2167 1115 et

575 1148 713 1202 duce
759 1145 1085 1223 ‘prdinatus.
1143 1144 1418 1217 Superatis
1481 1164 1608 1202 vero
1673 1148 1868 1204 divinis
1930 1150 2165 1223 vestigiis

577 1232 810 1295 militum
869 1238 1028 1308 primi
1093 1255 1191 1307 per
1242 1232 1554 1300 bonitatem,
1595 1239 1762 1294 Deum
1828 1239 2166 1296 imitantibus

577 1331 792 1387 militiis
840 1332 905 1385 ad
953 1331 1349 1386 dcilicationem
1405 1334 1712 1387 contrarias
1751 1334 1799 1387 ei
1842 1337 2167 1390 reluctantes

575 1436 631 1477 ct
683 1424 1034 1494 operationes
1080 1433 1135 1477 et
1175 1424 1572 1487 subsistentias.
1621 1406 2168 1481 connunritwfbri-

576 1521 686 1578 sto,
743 1500 972 1583 mystice
1018 1511 1315 1567 ilicetttlttttr
1351 1520 1606 1581 peccato;
1665 1529 1761 1583 per
1818 1516 2165 1585 baptismum.

576 1605 646 1658 lit
676 1619 886 1659 mecum
906 1604 1183 1675 sapienter
1206 1605 1477 1677 intelligit,
1502 1622 1657 1662 sacra
1682 1623 1806 1661 cum
1830 1618 2028 1678 quanta
2048 1609 2169 1680 pul-

573 1695 879 1751 chritudine.
906 1696 1070 1752 habet
1115 1697 1375 1769 symbolo.
1407 1698 1620 1754 Etenim
1668 1700 1921 1769 quoniam
1953 1702 2168 1770 quidem

573 1803 724 1843 mors
748 1796 833 1843 est
869 1787 923 1846 in
955 1787 1131 1851 nobis,
1165 1804 1270 1844 non
1301 1790 1591 1853 essentiae,
1626 1794 1730 1844 non
1763 1791 2169 1854 subsistentiac,
2203 1781 2244 1839 Β

576 1882 735 1955 juxta
762 1881 907 1952 quod
938 1883 1114 1937 visunt
1152 1892 1235 1939 est
1264 1883 1410 1949 aliis,
1446 1885 1721 1939 unitorum
1748 1900 1874 1940 vero
1900 1884 2179 1955 separatio

577 1974 738 2032 nobis
767 1974 1037 2032 invisibile
1068 1977 1294 2042 ducens,
1318 1976 1570 2032 animam
1600 1978 1842 2047 quidem,
1881 1989 1941 2033 ut
1984 1979 2037 2034 in
2064 1980 2175 2050 pri-

570 2067 787 2122 vatione
809 2069 1054 2137 corporis
1083 2084 1298 2138 semper
1324 2067 1583 2135 futuram,
1614 2085 1813 2141 corpus
1852 2086 1979 2127 vero
2012 2082 2071 2126 ut
2117 2073 2173 2127 in

580 2173 722 2217 terra
752 2162 1044 2228 occultum,
1075 2172 1168 2218 aut
1188 2161 1342 2243 juxta
1369 2163 1596 2220 alteram
1621 2166 1890 2237 quandam
1919 2182 2175 2239 corpora-

575 2255 708 2311 lium
746 2256 1126 2323 mutationum,
1148 2270 1235 2321 ,ει
1273 2273 1338 2313 ea
1372 2273 1514 2329 quae
1543 2266 1626 2314 est
1655 2260 1953 2316 secundum
1996 2260 2170 2316 homi-

574 2361 700 2402 nem
730 2348 910 2420 specie
957 2349 1293 2413 demolitum,
1327 2348 1550 2420 pulchre
1578 2364 1677 2420 per
1723 2365 1919 2425 aquam
1950 2350 2173 2407 univer-

572 2438 704 2493 salis
732 2438 1036 2496 occultatio.
1061 2439 1114 2493 in
1156 2439 1347 2494 mortis
1392 2448 1449 2494 et
1489 2441 1802 2511 sepulturae
1823 2440 2175 2499 inl‘ormitatis

572 2528 808 2600 imagine
819 2531 1050 2601 accipito
1060 2547 1102 2584 r.
1130 2530 1297 2587 Sacre
1311 2532 1475 2600 igitur
1490 2533 1940 2603 baptizandorum
1955 2535 2173 2605 symbo-

573 2619 679 2677 lica
710 2623 955 2677 doctrina
980 2621 1204 2693 nzystice
1225 2624 1404 2690 docet,
1438 2623 1613 2679 tribus
1635 2622 1861 2694 in'aqua
1882 2625 2171 2682 dimcrsio-

573 2713 737 2769 uibus
789 2713 1024 2770 divinam
1060 2713 1235 2771 triduo
1265 2714 1596 2784 totidemque
1626 2716 1876 2772 noctibus
1902 2717 1953 2772 itt
1995 2718 2172 2787 sepul-

573 2815 694 2858 tura
741 2802 868 2861 Jesu
919 2806 1057 2861 vitae
1099 2805 1306 2860 datoris
1349 2805 1549 2862 imitari
1599 2816 1853 2872 mortem,
1908 2819 2170 2878 quantum

575 2894 833 2964 possibile
865 2896 996 2949 viris
1024 2894 1204 2950 divina
1257 2896 1507 2961 imitatio,
1565 2898 1619 2953 in
1649 2913 1757 2969 quo
1780 2898 1935 2968 juxta
1967 2901 2168 2972 eloquii

574 2987 939 3058 tnyslerialem
970 2998 1026 3042 ct
1069 2988 1335 3047 occultam
1377 2990 1747 3057 traditionem,
1786 2991 1918 3046 nihil
1965 2992 2170 3049 invenit

571 3077 825 3152 ptinceps
856 3081 1037 3136 mundi
1062 3093 1110 3135 ι.
1144 3082 1349 3139 Deinde
1372 3097 1501 3139 vero
1516 3083 1820 3139 luciformia
1847 3086 2166 3142 vestimenta

577 3174 807 3229 induunt
834 3185 1294 3231 consunnnatnm.
1319 3175 1472 3233 Virili
1506 3176 1650 3233 enim
1682 3186 1737 3238 et
1766 3177 2015 3234 deifortni
2038 3196 2168 3237 con-
2193 3153 2239 3215 C

576 3264 871 3323 trariornm
902 3264 1355 3336 impassibilitate,
1382 3275 1437 3321 et
1462 3266 1528 3322 ad
1553 3267 1728 3323 unum
1745 3269 1901 3325 firmo
1921 3270 2193 3327 contuitu'

574 3358 887 3412 inornatum
918 3365 1170 3423 ornatur,
1219 3365 1277 3413 et
1327 3344 1557 3415 informe
1604 3360 1984 3428 formilicatur,
2033 3362 2172 3418 locis

573 3446 731 3504 [nt-nti
758 3445 1136 3502 nnivcrsaliter
1172 3439 1281 3503 'vita
1323 3449 1631 3519 splendens.
1663 3449 1935 3523 Unguenti
1980 3461 2169 3509 autem

572 3538 868 3613 perfectiva
901 3540 1086 3595 unctio
1135 3540 1466 3603 odoriferam
1495 3544 1626 3600 facit
1645 3545 1968 3616 perfectum.
1998 3545 2166 3603 Sacra

569 3629 714 3683 enim
770 3628 989 3687 divinae
1040 3631 1405 3700 generationis
1451 3635 1846 3691 consummatio
1898 3635 2170 3692 coadunat

573 3732 952 3790 consummata
976 3721 1161 3784 divino
1184 3723 1416 3794 spiritui.
1435 3724 1784 3785 invisibiliter
1796 3737 1975 3786 autem
1990 3728 2169 3785 oderi-

574 3816 735 3868 lieunt
766 3827 822 3868 et
851 3813 1207 3887 perlectivum
1231 3817 1561 3885 adventum,
1581 3816 2029 3876 ineﬂ'abillimum'
2051 3821 2174 3876 exi-

568 3909 831 3967 stentem,
863 3919 1192 3974 cognoscere
1230 3906 1667 3965 intellectualiter
1711 3910 1951 3966 concedo
1994 3911 2171 3983 dignis

570 3994 869 4049 secundum
900 3996 1228 4054 intellectum
1255 3999 1421 4054 divini
1451 4000 1673 4072 spiritus
1702 4016 1861 4058 saera
1884 4011 1940 4061 et
1978 4002 2167 4077 deiﬂca

572 4086 1081 4160 cuttttttttttiCLttiouc.
1113 4088 1172 4145 In
1203 4090 1308 4146 tinc
1337 4100 1518 4147 autem
1542 4090 1786 4148 omnium
1816 4109 2060 4151 summus
2082 4110 2169 4151 sa-

488 4179 499 4184 '
569 4174 763 4230 cerdos
802 4176 869 4232 ad
919 4178 1345 4238 sacratissimam
1394 4181 1797 4258 Eucbaristiam
1849 4196 2009 4244 vocat
2041 4202 2169 4258 per-

570 4268 799 4330 fectum.
850 4279 908 4325 et
956 4272 1375 4343 perfectivorum
1425 4247 1811 4353 mysterioer
1859 4279 1965 4352 ipsi
2004 4247 2170 4339 tradit

570 4376 1032 4425 cornmumonem.

1108 4496 1509 4555 cacumen
1540 4498 1626 4556 ut.
1821 4570 1829 4578 ,
2184 4497 2243 4571 ’1)

990 4610 1069 4666 De
1095 4612 1425 4683 perﬁciendis
1455 4613 1509 4669 in
1538 4615 1746 4686 synaxi.

643 4722 750 4780 Sed
771 4739 926 4797 euge,
946 4725 1203 4798 quoniam
1228 4725 1390 4797 hujus
1410 4729 1974 4794 commemoravimus.
1999 4745 2162 4803 quant

574 4831 681 4872 non
731 4816 865 4872 mihi
903 4816 1111 4888 justum
1158 4827 1246 4873 est
1290 4819 1686 4875 transcurrenti
1737 4821 2162 4883 ierarclticorum

572 4908 703 4978 quid
730 4915 858 4962 ante
884 4923 1005 4964 eam
1035 4908 1181 4965 aliud
1216 4909 1455 4966 laudare.
1488 4902 1837 4979 Etenim'est,
1866 4913 2164 4969 Secundum

569 4997 867 5066 gloriosum
921 5009 1166 5061 nostrum
1219 5003 1538 5074 magistrum
1565 5043 1582 5073 ,
1638 5004 1930 5060 teletarum
1979 5005 2169 5061 teleta.

569 5090 638 5148 l‘it
668 5099 883 5160 oportet
912 5103 1040 5147 ante
1069 5093 1205 5149 alias
1234 5109 1356 5150 eam
1407 5110 1564 5151 sacte
1602 5095 1961 5162 scribentem,
1992 5111 2162 5167 expo-

570 5192 897 5254 nentemqae
946 5201 1014 5241 ex
1065 5186 1245 5241 divina
1289 5187 1444 5258 juxta
1495 5188 1712 5259 eloquia
1758 5200 1814 5244 et
1865 5187 2169 5244 ierarchica.

570 5276 802 5336 Setcntia
850 5278 903 5333 in
949 5293 1159 5334 sacram
1212 5279 1329 5347 ejus
1375 5283 1672 5337 ascendere
1739 5281 1921 5336 divino
1968 5280 2166 5349 spiritu

573 5370 1101 5441 tentemplationem.
1155 5372 1220 5426 Et
1249 5373 1482 5442 pritnum
1510 5374 1729 5444 quidem
1758 5375 1861 5428 hoc
1890 5388 2047 5427 sacre
2075 5373 2161 5427 in-

2270 515 2467 583 teletis,
2500 520 2735 576 discreta
2765 522 2892 577 huic
2921 523 3059 577 ultra
3089 515 3302 579 ceteras
3336 525 3633 593 reponitur,
3666 533 3718 578 et
3745 527 3862 579 sin-

2267 610 2532 681 gulariter
2560 613 2903 682 praedicatur
2929 617 3239 670 connunnin
3268 627 3321 670 et
3352 617 3595 687 synaxis,
3621 631 3873 684 unaqua-

2268 718 2375 771 que
2403 696 2555 782 sacra
2598 698 2891 774 perfectiva
2924 706 3169 768 actione.
3216 708 3444 777 partitas
3477 702 3692 761 nostras
3718 708 3879 762 vitas

2268 795 2322 848 in
2352 795 2671 851 aniformem
2694 797 3093 854 deitlcationem
3116 800 3424 871 colligente,
3445 810 3496 855 ct
3521 801 3871 857 diversarum

2266 884 2518 940 deiformi
2552 890 2968 959 cnntpliqatione
3004 893 3073 945 ad
3122 908 3289 946 unum
3319 893 3757 947 connnunitmetn
3804 902 3868 946 et

2267 975 2529 1032 unitatem
2559 977 2812 1033 donante.
2849 980 3088 1036 Dicimus
3113 990 3314 1044 autem,
3340 982 3471 1051 quia
3503 997 3597 1036 cas
3626 982 3870 1036 aliorum

2266 1064 2691 1123 ierarcbicorum
2724 1072 3091 1142 symbtdorum
3124 1073 3525 1143 partieipationi
3547 1114 3562 1137 ,
3602 1088 3870 1128 consum-

2200 1216 2203 1218 ,
2267 1157 2434 1212 n'tatio
2483 1174 2551 1226 ex
2602 1160 2759 1216 istius
2804 1159 3002 1217 divinis
3042 1171 3097 1218 et
3138 1164 3455 1233 pert'ectivis
3496 1165 3740 1219 invenire
3775 1173 3876 1220 es!

2267 1250 2442 1306 donis.
2481 1251 2599 1306 Non
2624 1251 2769 1307 enim
2801 1252 2942 1308 inest
2973 1253 3106 1320 fere,
3130 1256 3399 1325 quandam
3426 1256 3609 1327 perfici
3642 1256 3879 1310 teletam

2268 1332 2666 1409 lerarcltieam,
2718 1344 2820 1399 nisi
2866 1332 3201 1401 divinissima
3250 1347 3588 1403 Eucharistia
3633 1348 3685 1401 iu
3728 1340 3868 1403 06n—

2269 1436 2627 1489 summatione
2670 1451 2767 1504 per
2808 1435 3021 1506 singula
3065 1437 3519 1507 perficiendorum
3567 1441 3633 1493 ad
3694 1456 3868 1493 lltlllllt

2271 1523 2639 1592 perficientem
2683 1525 2737 1578 in
2776 1541 2931 1581 sacra
2971 1528 3185 1582 actione
3227 1518 3620 1594 collectionem,
3658 1540 3714 1584 et
3753 1531 3875 1585 Deo

2274 1600 2470 1685 tradita
2513 1604 2804 1671 donatione
2848 1617 3269 1687 perfectirorum
3309 1620 3687 1693 mysteriorum
3741 1636 3872 1690 per-

2274 1707 2487 1762 ficientc
2533 1708 2703 1779 ipsius
2756 1710 2826 1764 ad
2879 1711 3047 1766 Deum
3100 1714 3554 1768 communionem.
3627 1708 3683 1768 Si
3734 1728 3877 1783 ergo
3968 1772 3974 1779 ,

2275 1814 2627 1870 unaquaeque
2686 1800 3113 1858 ierarchicarum
3179 1804 3484 1869 teletarnm,
3546 1804 3873 1876 imperfecta

2275 1890 2489 1962 quidem
2516 1906 2633 1958 ens,
2677 1892 2744 1948 ad
2771 1909 2935 1947 unum
2964 1903 3202 1949 nostram
3228 1896 3665 1951 conunnnioncm
3694 1905 3750 1950 et
3774 1911 3881 1968 sy-

2275 1984 2456 2038 naxim
2504 2001 2610 2039 non
2653 1984 2944 2055 perﬁciet:
2992 1998 3049 2043 et
3090 1997 3173 2043 est
3222 1988 3409 2052 teleta,
3460 2000 3683 2063 propter
3718 1990 3873 2062 quod

2276 2074 2647 2145 imperfectum
2673 2075 2871 2143 aufert.
2917 2076 3067 2133 Finis
3092 2089 3272 2133 autem
3299 2079 3462 2135 totius
3486 2089 3541 2135 et
3567 2081 3871 2152 capitulum

2274 2165 2580 2222 divinorum
2641 2167 3024 2238 mysteriorum
3080 2166 3322 2240 perfecto
3367 2162 3619 2238 traditio,
3668 2170 3881 2227 merito

2275 2259 2576 2314 icrarcbica
2636 2258 2993 2328 intelligentia
3051 2262 3580 2332 cognominationcm
3630 2263 3679 2318 ei
3732 2278 3870 2334 pro-

2270 2351 2446 2423 priam
2478 2367 2545 2407 ex
2585 2351 2855 2407 actionum
2891 2352 3120 2407 veritate
3162 2352 3387 2408 invenit.
3435 2351 3527 2410 Sic
3562 2364 3619 2410 et
3651 2352 3870 2410 sacrant

2272 2443 2488 2500 divinae
2527 2444 2895 2516 generationis
2936 2443 3177 2511 teletam,
3223 2446 3481 2516 quoniam
3524 2447 3761 2518 primum
3791 2446 3873 2508 lu-

2272 2550 2395 2594 men
2438 2537 2643 2609 tradit,
2684 2544 2739 2593 et
2774 2536 3016 2595 omnium
3059 2546 3144 2592 est
3190 2537 3517 2610 principium
3556 2520 3874 2594 divinarum

2272 2629 2327 2683 in
2362 2627 2544 2685 lumen
2585 2627 3066 2693 introductionum,
3115 2642 3180 2683 ex
3220 2627 3461 2699 perfecto
3498 2643 3625 2685 vera
3667 2628 3873 2684 illumi-

2271 2714 2508 2777 nalionis
2545 2705 2912 2777 nominatione
2948 2720 3253 2779 laudamus.
3300 2718 3877 2791 Siquidemnantibus-

2271 2827 2559 2868 commune
2602 2811 3133 2877 ieratcbicis,lncem
3173 2812 3316 2869 sacri
3346 2813 3559 2868 tradere
3585 2813 3872 2884 periicicn—
3918 2828 3927 2834 ‘

2269 2905 2375 2962 dis.
2423 2904 2530 2960 Sed
2578 2905 2711 2961 haec
2754 2904 2989 2975 primum
3016 2900 3201 2960 videre
3246 2906 3467 2960 donavit
3504 2905 3657 2972 mibi,
3689 2915 3744 2961 ct
3769 2922 3871 2976 per

2232 3070 2235 3075 Α
2272 2997 2446 3065 ipsum
2481 2996 2600 3065 ejus
2635 2996 2933 3066 principale
2977 2995 3160 3050 lumen
3210 2995 3269 3050 in
3307 2995 3540 3051 aliorum
3583 3011 3873 3053 sacrorum

2270 3098 2623 3158 emispeetum
2662 3088 2957 3143 lnriducor.
3011 3084 3159 3143 llaec
3188 3076 3372 3145 autem
3403 3086 3664 3153 dicentes,
3696 3089 3866 3158 respi-

2269 3182 2476 3237 ciemus
2514 3189 2569 3235 et
2614 3178 2915 3235 videbimus
2976 3178 3279 3235 ierarcbice
3335 3172 3434 3256 per
3479 3178 3690 3251 singula
3740 3179 3868 3235 ἀξιε-

2268 3283 2480 3347 gentem
2533 3274 2911 3329 sanctissimae
2969 3271 3163 3329 teletae
3216 3271 3487 3329 actionem
3544 3286 3760 3328 sacram
3807 3282 3866 3327 et

2268 3366 2798 3437 contemplationem.

2483 3500 3080 3572 Ηῃςρθνίυητυεῃηαπεοδ
3108 3501 3215 3557 sire
3237 3502 3639 3557 communionis.

2340 3628 2596 3685 Summus
2618 3629 2836 3699 quidem
2861 3629 3117 3684 sacerdos
3136 3628 3437 3685 orationem
3463 3643 3675 3702 sacram
3701 3643 3867 3703 super

2267 3719 2509 3776 divinum
2549 3721 2721 3776 altare
2763 3720 3072 3791 perliciens,
3096 3736 3164 3776 ex
3193 3722 3309 3791 ipso
3335 3720 3552 3778 adolere
3579 3722 3859 3788 iucboans,

2269 3810 2324 3866 in
2366 3826 2582 3866 omnem
2622 3812 2770 3866 venit
2813 3811 2954 3866 sacri
2980 3811 3132 3866 chori
3176 3810 3464 3867 ambitum.
3493 3809 3731 3869 Rediens
3757 3812 3860 3866 ite-

2269 3920 2388 3959 rum
2434 3904 2504 3960 ad
2541 3904 2785 3960 divinant
2829 3901 3027 3968 altare,
3094 3903 3287 3974 incipit
3321 3917 3478 3959 sacra
3528 3904 3861 3976 psalmorum

2269 3993 2500 4051 melodia
2549 3995 2592 4061 ⁸,
2642 3994 2967 4050 concinente
3012 3995 3063 4050 ei
3106 3994 3427 4066 psalmicam
3471 4009 3681 4049 sacram
3731 4011 3859 4055 ora-

2269 4086 2470 4145 tionem
2506 4087 2655 4143 omni
2698 4086 3070 4143 ecclesiastica
3112 4082 3512 4158 dispositione.‘
3534 4085 3738 4143 Deinde
3764 4100 3863 4156 per

2265 4182 2548 4241 ministros
2589 4184 2704 4254 ipsa
2746 4182 3187 4258 propheticarum
3229 4181 3496 4243 deltarnnt
3534 4179 3695 4234 lectio
3723 4192 3856 4238 con-

2266 4284 2557 4346 sequenter
2594 4275 2672 4330 fit.
2727 4274 2796 4329 Et
2839 4282 2965 4345 post
3006 4274 3107 4329 bas
3131 4271 3266 4329 foris
3308 4271 3446 4329 fiunt
3470 4285 3628 4326 sacro
3652 4268 3859 4325 ambitu

2266 4364 2675 4433 eatechumeni,
2699 4373 2755 4419 et
2792 4379 2919 4423 cum
2960 4364 3091 4436 ipsis
3133 4361 3502 4432 energumeni,
3532 4370 3589 4417 et
3614 4361 3707 4430 qui
3732 4368 3863 4415 sunt

2272 4459 2328 4514 in
2375 4458 2733 4536 poetiitentia.
2782 4457 3004 4514 Manent
3047 4465 3231 4514 autem
3282 4454 3588 4511 divinorum
3639 4463 3862 4522 aspectu

2268 4558 2325 4606 et
2345 4550 2727 4609 communione
2753 4548 2921 4619 digni.
2968 4547 3340 4607 Miuistrorum
3368 4559 3495 4599 vero
3518 4542 3611 4600 alii
3641 4540 3861 4614 quidem
3912 4582 3917 4585 ι

2270 4649 2422 4699 stant
2459 4641 2528 4695 ad
2570 4639 2753 4710 templi
2798 4646 2984 4708 portas
3028 4636 3354 4700 conclusas;
3405 4633 3499 4691 alii
3543 4646 3672 4688 vero
3713 4632 3860 4687 aliud

2270 4732 2401 4807 quid
2441 4731 2647 4803 preprii
2687 4730 2897 4786 ordinis
2939 4738 3278 4802 operantur;
3325 4726 3429 4781 alii,
3467 4733 3648 4781 autem
3696 4724 3860 4780 mini-

2270 4825 2527 4881 stratoria
2583 4823 2938 4895 dispositione
2990 4822 3252 4887 discreti,
3310 4835 3434 4877 cum
3485 4817 3865 4874 sacerdotibus

2271 4930 2435 4985 super
2474 4912 2719 4971 divinum
2759 4914 2933 4970 altare
2979 4920 3288 4985 proponunt
3323 4924 3545 4967 sacrum
3569 4922 3765 4980 panem
3802 4918 3861 4971 et

2268 5006 2662 5065 benedictionis
2702 5005 2949 5069 «licem,
2999 5013 3124 5058 ante
3163 5002 3415 5061 confessa
3459 4999 3530 5056 ab
3564 5000 3714 5055 omni
3758 5000 3858 5055 Ec-

2268 5098 2465 5154 desiae
2486 5096 2819 5170 plenitudine
2832 5095 3101 5151 catholica
3125 5092 3491 5165 bymuologia.
3507 5091 3642 5147 Cum
3659 5090 3860 5165 quibus

2266 5191 2482 5250 divinus
2521 5188 2764 5261 pontifex
2791 5188 3094 5244 orationem
3122 5200 3337 5240 sacram
3378 5172 3624 5255 perficit,
3652 5191 3709 5237 et
3733 5197 3858 5238 san-

2267 5292 2411 5340 ctam
2456 5296 2648 5355 pacem
2702 5280 2957 5338 omnibus
3011 5276 3313 5349 promittit;
3381 5284 3439 5330 et
3494 5273 3855 5331 salutantibus

2266 5377 2412 5433 inter
2448 5390 2509 5431 se
2546 5374 2779 5432 invicem
2820 5372 3071 5429 omnibus
3095 5409 3110 5435 ,
3164 5368 3391 5441 mystica
3436 5380 3715 5427 sacrorum
3758 5378 3852 5421 vo-

1860 5486 2120 5543 VAlllAE
2159 5487 2566 5547 LECTIONES.

661 5582 670 5605 ²
704 5578 792 5633 Βιι
819 5595 1025 5657 serram
1056 5582 1385 5649 ||5:tiltt0l'l’.m
1416 5581 1717 5635 melodium.

539 5688 550 5757 Τ
653 5758 677 5785 α
722 5718 885 5798 ἇυδηξ
914 5742 1045 5799 XIV.

2111 5624 2365 5729 NO'i'AE.
