4210 6208
379 290 502 348 1081

925 278 1184 348 γεηειο
1220 289 1504 348 OPERUM
1545 291 1602 346 S.
1646 286 1941 363 DION‘TSII

2042 321 2072 328 —
2103 281 2646 346 ‘ECCLESlASTICA
2681 285 3077 347 lEBABCilIA»

3517 289 3658 348 1083

371 407 634 463 luminum
661 388 992 480 praedicatio
1013 408 1314 478 perﬁcitur.
1335 407 1405 464 Et
1428 407 1734 471 lavantibus
1761 422 1952 462 manus
1983 411 2027 468 Α
2055 414 2110 460 et
2157 405 2584 462 collocationem
2613 404 2868 474 edicitur,
2913 411 2970 464 et
3016 406 3269 463 om‘itibus
3307 408 3657 470 deiformibus

367 513 508 568 aqua
553 513 766 555 summo
817 500 1098 554 sacerdote
1141 507 1198 552 et
1243 498 1616 554 sacerdotibus
1639 539 1656 564 ,
1705 512 1952 554 summus

367 591 582 662 quidem
624 589 878 646 sacerdos
919 591 971 644 in
1022 587 1200 646 medio
1239 589 1408 644 divini
1456 588 1644 644 altaris
1684 597 1815 652 stat,
1847 587 1950 644 cir-

365 693 638 740 cumstant
662 693 842 738 autem
879 683 976 738 soli
1016 683 1549 740 cum‘sacerdotibus
1579 684 1948 739 ministrorum

364 774 571 832 selecti.
614 773 684 830 Et
705 790 890 830 sacras
911 774 1123 828 divinas
1147 775 1390 830 actiones
1427 789 1671 830 summus
1697 774 1949 830 sacerdos

365 866 612 930 laudans,
654 864 926 920 sacriﬁcat
970 864 1330 928 divinissima,
1374 874 1428 919 et
1467 865 1566 918 sub
1602 874 1950 934 conspectum

364 957 514 1012 ducit
555 955 772 1012 laudata
815 972 912 1028 per
953 967 1106 1011 sa‘cre
1145 955 1552 1026 procumbentia
1581 956 1846 1028 symbola,
1892 965 1948 1012 et

290 1059 302 1072 '
362 1049 682 1106 donationes
719 1047 1022 1103 divinorum
1061 1059 1281 1102 actuum
1324 1047 1644 1112 ostendens,
1694 1047 1746 1102 in
1791 1062 1944 1102 com-

361 1143 674 1198 numionem
709 1155 896 1197 eorum
919 1141 1242 1196 sanctiﬁcat.
1269 1140 1496 1212 Ipseque
1522 1142 1690 1204 venit,
1717 1148 1774 1196 et
1812 1140 1947 1196 alios

359 1234 700 1290 adhortatur.
751 1232 1038 1300 Accipiens
1059 1247 1188 1288 vero
1213 1242 1266 1288 et
1294 1235 1514 1290 tradens
1536 1233 1770 1288 divinam
1801 1249 1948 1288 coin-

359 1327 696 1390 munionem,
740 1325 794 1382 in
823 1325 1216 1383 Eucharistiam
1253 1341 1464 1383 sacram
1503 1327 1721 1390 desinit,
1765 1325 1949 1384 multis

355 1417 576 1489 quidem
603 1417 656 1472 in
684 1417 798 1474 sola
841 1417 1024 1474 divina
1049 1418 1292 1490 symbolo
1318 1419 1794 1489 prospicientibus,
1829 1420 1948 1491 ipso

357 1520 540 1564 autem
573 1523 788 1579 semper
821 1509 1006 1565 divino
1025 1509 1218 1580 Spiritu
1255 1512 1325 1567 ad
1362 1521 1552 1569 sancta
1581 1509 1946 1582 perfectorum

355 1599 624 1670 principia
649 1601 702 1654 in
728 1600 900 1656 beatis
929 1609 984 1656 et
1005 1601 1458 1658 intellectualibus
1487 1602 1948 1673 speculationibus

345 1690 657 1748 ierarrhice
691 1691 746 1748 in
781 1694 1022 1762 puritate
1047 1693 1328 1751 deiformis
1354 1693 1570 1750 habitus
1596 1693 1938 1752 ascendente.

1015 1869 1022 1876 -
1037 1829 1282 1888 Thoria.

423 1967 557 2022 Veni
593 1966 777 2040 igitur,
805 1983 840 2024 ο
868 1981 1004 2036 puer
1031 1967 1193 2032 hunc,
1225 1973 1348 2037 post
1375 1967 1639 2041 imagines
1673 1969 1728 2024 in
1757 1969 1958 2026 ordine

350 2068 408 2114 et
455 2075 610 2116 sacre
661 2060 716 2116 in
768 2059 1090 2116 deiformem
1147 2061 1530 2132 principalium
1575 2063 1948 2134 exemplorum

349 2151 658 2208 veritatem.
720 2153 857 2208 illud
905 2152 1164 2224 perfectis
1208 2154 1264 2209 in
1313 2155 1676 2212 eoadnnatam
1725 2172 1946 2214 suarum

345 2244 654 2300 animarum
679 2245 1145 2314 jntroductionem
1177 2247 1377 2314 dicam,
1419 2251 1690 2318 quomodo
1730 2251 1946 2321 symbo-

337 2333 526 2390 ‘lorum
553 2337 706 2391 varia
738 2343 796 2391 et
833 2350 989 2392 sacra
1015 2337 1336 2406 compositio
1381 2353 1488 2392 non
1517 2339 1634 2394 sine
1667 2339 1944 2395 intellectu

345 2427 429 2481 eis
469 2427 747 2492 subsistit,
792 2435 848 2482 et
895 2441 1066 2498 usque
1113 2441 1210 2492 ea,
1254 2443 1394 2498 quae
1439 2437 1593 2484 extra
1636 2439 1797 2496 sunt,
1842 2445 1942 2502 ap-

345 2530 549 2586 parens
583 2515 940 2572 solummodo.
991 2516 1360 2572 Sacratissimi
1396 2519 1614 2588 quidem
1651 2519 1798 2574 enim
1828 2520 1944 2574 elo-

351 2607 603 2677 quiorum
647 2617 839 2664 cantus
860 2616 917 2662 et
941 2608 1222 2672 lectiones,
1252 2609 1554 2666 doctrinam
1583 2610 1664 2666 eis
1689 2621 1944 2667 strenuae

343 2697 494 2754 vitae
527 2699 874 2764 denunciant,
903 2707 960 2754 et
995 2699 1066 2754 ab
1098 2700 1182 2754 eis
1219 2697 1512 2770 perfectam
1547 2704 1944 2774 corrumpentis

345 2790 588 2846 malitiae
624 2791 1027 2864 purgationem.
1079 2791 1422 2848 Divinissima
1468 2805 1650 2850 autem
1691 2795 1851 2852 unius
1887 2805 1944 2853 et

344 2879 588 2952 ejusdem
631 2891 688 2938 et
727 2883 883 2954 panis
925 2893 986 2938 et
1026 2882 1215 2939 calicis
1257 2887 1572 2940 communio
1613 2893 1670 2941 et
1715 2887 1939 2957 paciﬁca

345 2970 567 3028 traditio
607 2971 840 3028 similem
882 2973 1345 3028 conversationem
1391 2975 1470 3028 eis
1507 2973 1774 3041 divinam,
1823 2985 1940 3032 tan-

341 3077 508 3133 quam
535 3063 787 3118 similiter
805 3061 1091 3118 edentibus
1112 3061 1438 3133 promulgat,
1462 3073 1516 3118 ct
1542 3063 1936 3120 divinissimam

2053 497 2528 568 proportionaliter
2573 495 2841 554 illueendo
2865 537 2882 564 ,
2939 499 3088 556 circa
3133 502 3478 574 semctipsanj
3529 519 3656 562 vere

2051 588 2257 652 existit,
2289 599 2346 644 et
2371 590 2584 660 propria
2613 590 2834 644 omnino
2858 605 2963 645 non
2989 600 3379 648 transmutatur
3399 595 3656 652 immuta.

2051 677 2277 732 bilitate.
2305 675 2570 732 Similiter
2593 678 2772 733 divina
2791 689 3064 750 synaxeos
3085 681 3268 747 teleta,
3291 685 3390 738 etsi
3414 685 3655 741 iuroluta

2050 774 2106 820 et
2149 766 2382 836 simplex
2437 765 2633 820 habeat
2683 776 2740 821 et
2792 769 3155 840 complicilum
3201 759 3546 845 principium,
3601 777 3656 832 iu
3705 823 3712 832 .

2051 871 2259 910 sacram
2291 855 2610 912 varietatem
2647 859 3014 928 symbolarum
3057 861 3356 921 clementer
3389 865 3655 936 multipli-

2051 962 2225 1014 catur,
2251 957 2305 1004 et
2327 965 2498 1018 usque
2526 965 2740 1004 munem
2769 952 2954 1023 implet
2978 951 3332 1009 ierarcbieam
3359 956 3652 1028 imaginum

2051 1040 2492 1112 descriptionem,
2523 1043 2782 1098 continuo
2805 1042 3150 1100 uniformiter
3170 1060 3232 1098 ex
3260 1041 3348 1102 his
3376 1047 3568 1102 iterum
3600 1049 3654 1104 iu

2049 1133 2322 1204 propriam
2350 1134 2612 1189 unitatem
2636 1133 2927 1208 colligitur,
2959 1145 3011 1190 et
3046 1136 3266 1192 unilicat
3311 1140 3364 1194 in
3399 1153 3460 1196 se
3495 1155 3652 1196 sacro

2052 1224 2318 1279 reductos.
2379 1222 2541 1280 Juxta
2593 1224 2736 1280 hunc
2793 1219 3114 1282 deiformem
3175 1229 3392 1284 modum
3442 1230 3655 1288 divinus

2051 1330 2293 1372 summus
2320 1319 2595 1380 sacerdos,
2621 1317 2722 1372 etsi
2760 1317 2964 1372 unitam
2997 1333 3127 1374 suae
3167 1318 3472 1378 lerarcbiae
3497 1321 3660 1378 disci-

2049 1405 2252 1478 plinam
2305 1403 2592 1461 deiformis
2639 1407 2693 1461 in
2749 1406 3024 1478 subjectos
3073 1409 3320 1476 deducit,
3374 1425 3653 1468 sacrorum

2049 1497 2414 1568 aenigmatum
2431 1498 2828 1568 pluralitatibus
2843 1509 3030 1566 utens;
3053 1501 3370 1568 astiterunt,
3397 1511 3653 1574 tanquam

2051 1590 2336 1646 absolutus
2358 1600 2414 1646 et
2440 1591 2740 1646 minoribus
2772 1591 3228 1648 immensurabilis
3247 1633 3262 1656 ,
3292 1593 3344 1647 in
3377 1589 3680 1664 proprfum'

2049 1682 2377 1753 principium
2405 1683 2724 1740 indiminute
2755 1682 3086 1749 restituitur,
3119 1693 3174 1738 ct
3211 1683 3264 1738 in
3296 1701 3462 1739 unum
3493 1702 3651 1742 suum

1976 1761 2025 1824 Β
2051 1772 2466 1828 intellectualem
2509 1773 2716 1829 faciens
2755 1773 3060 1842 introitum,
3105 1774 3252 1836 videt
3291 1789 3426 1845 pure
3475 1775 3655 1844 perte

2047 1877 2262 1925 ctorum
2321 1869 2618 1927 uniformes
2677 1869 2933 1935 rationes,
2987 1870 3042 1925 in
3099 1872 3332 1926 secunda
3370 1871 3654 1928 clementis

2046 1962 2414 2034 processionis
2453 1979 2747 2028 summum,
2781 1962 3036 2034 inprima
3076 1964 3394 2020 diviniorem
3433 1979 3654 2026 conver-

2047 2056 2256 2112 sionem
2311 2053 2592 2110 facientes.
2661 2051 3002 2110 Psalmorum
3061 2065 3240 2110 autem
3308 2054 3602 2110 modulatio
3633 2095 3648 2120 ,

2045 2147 2374 2203 conveniens
2399 2146 2653 2204 omnibus
2680 2145 2794 2202 fere
2815 2146 3130 2203 ierarchicis
3158 2149 3448 2220 mysteriis,
3475 2165 3654 2204 nonne

2045 2230 2284 2292 futurum
2315 2223 2400 2292 est
2427 2235 2688 2306 explicari
2724 2237 2964 2292 omnium
3015 2251 3228 2294 summo
3273 2235 3654 2293 sacerdotalis-

2043 2327 2236 2383 simo?
2285 2327 2476 2384 Omnis
2523 2329 2744 2399 quidem
2793 2329 2940 2386 enim
2993 2345 3148 2385 sacra
3193 2339 3246 2384 et
3290 2329 3652 2401 agiographos

2043 2417 2236 2480 deltos,
2271 2425 2364 2472 aut
2389 2417 2442 2472 in
2471 2417 2580 2473 Deo
2603 2417 2950 2472 existentiuni
2989 2427 3302 2487 generatam
3348 2421 3650 2475 subsisten-

2043 2507 2196 2572 tiam,
2236 2517 2290 2562 et
2319 2508 2751 2577 dispositionem,
2801 2517 2894 2561 aut
2943 2508 3169 2579 legalem
3219 2509 3544 2565 lerarcltiam
3596 2519 3652 2564 ct

2041 2599 2560 2664 conversationem,
2619 2607 2712 2654 aut
2765 2600 2934 2654 divini
3004 2601 3184 2671 populi
3253 2602 3650 2660 haereditatum

2041 2691 2448 2746 distributiones
2467 2701 2520 2746 et
2543 2693 2922 2758 habitationes,
2957 2704 3048 2748 aut
3069 2695 3310 2762 judicum
3336 2709 3639 2760 sacrorum,

2039 2793 2134 2834 aut
2189 2795 2374 2848 regum
2429 2781 2774 2852 sapientum,
2825 2791 2921 2837 aut
2958 2785 3302 2840 sacerdotum
3343 2787 3650 2862 divinorum

2040 2868 2468 2946 intelligentiam,
2509 2883 2602 2929 aut
2643 2885 2884 2932 veterum
2924 2877 3163 2932 virorum
3201 2879 3252 2934 in
3285 2881 3550 2938 varietate
3587 2893 3645 2944 et

2039 2964 2383 3020 multitudine
2423 2966 2758 3022 anxietatum
2801 2967 3190 3024 imn'iutabilem
3239 2970 3294 3027 in
3327 2971 3649 3030 fortitudine

1989 3083 1995 3088 -
2037 3055 2453 3125 philosophiam,
2499 3063 2596 3112 aut
2620 3057 2892 3112 actionum
2925 3059 3194 3126 sapientes
3221 3060 3514 3124 doctrinas,
3545 3070 3642 3119 aut

342 3170 566 3213 coenam
595 3165 652 3211 et
674 3153 970 3226 principale
1005 3153 1308 3225 symbolum
1343 3155 1708 3224 perfecturum
1741 3155 1794 3210 in
1825 3171 1938 3212 me-
1964 3137 2009 3197 (ἶ
2040 3149 2341 3204 divinorum
2370 3165 2616 3204 amorum
2651 3151 2860 3206 Cantica
2897 3161 2946 3204 ct
2977 3151 3186 3207 divinas
3211 3153 3472 3225 imagines
3499 3197 3513 3220 ,
3543 3167 3639 3212 aut

343 3249 574 3306 ntoriam
617 3263 831 3304 sacram
874 3245 1042 3304 ducit.
1083 3245 1246 3302 Juxta
1285 3248 1430 3316 quod
1471 3255 1526 3302 et
1561 3247 1677 3317 ipse
1716 3247 1936 3319 symbo-

343 3339 518 3394 lorum
545 3339 792 3394 conditor
816 3338 1049 3408 partitur
1075 3337 1494 3392 sanctissimam.
1533 3337 1724 3394 Nonne
1749 3349 1939 3394 sancte

341 3435 391 3490 ei
419 3443 474 3490 et
499 3434 756 3489 n'nimode
799 3447 960 3488 sacra
1001 3442 1428 3488 concoenantem
1465 3433 1668 3488 docens
1695 3441 1748 3486 et
1789 3442 1940 3489 recte

325 3524 586 3580 simulet
632 3522 988 3592 deiformitcr,
1027 3521 1296 3591 quomodo
1344 3521 1458 3592 ipsa
1501 3521 1654 3593 juxta
1697 3517 1936 3578 habitum

343 3630 472 3672 vera
525 3615 578 3670 in
621 3615 800 3671 divina
855 3614 1152 3683 assumptio
1195 3613 1264 3666 ad
1305 3613 1710 3668 similitudinem
1751 3629 1937 3670 eorum

345 3707 782 3762 communionem
811 3707 942 3777 ipsis
968 3706 1379 3782 advenientibus
1403 3705 1686 3762 donatur?

411 3797 562 3854 Haec
587 3799 768 3870 igitur,
797 3807 856 3852 ut
877 3798 1008 3863 dixi,
1037 3797 1090 3852 in
1119 3797 1390 3852 aditurum
1413 3797 1548 3852 atria
1577 3797 1714 3854 bene
1739 3799 1942 3856 descri-

341 3899 455 3962 pta,
489 3889 820 3960 imperfectis
845 3892 1020 3946 adhuc
1045 3891 1112 3946 ad
1135 3877 1640 3961 contemplationem
1665 3888 1941 3948 suﬂicien4

341 3991 452 4037 tem
490 3979 882 4052 relinquentes,
927 3985 1188 4038 intremus
1218 4000 1246 4037 a
1270 3982 1580 4039 causalibus
1619 3983 1674 4038 in
1725 3997 1938 4050 causas,

333 4073 492 4142 juxta
522 4089 732 4128 sacram
769 4087 1010 4128 nostram
1037 4076 1288 4144 synaxin,
1329 4085 1386 4130 et
1421 4075 1670 4134 decoram
1703 4075 1942 4130 invisibi-
1979 4083 1982 4086 ί

339 4163 471 4218 lium
500 4163 628 4220 Jesu
657 4165 904 4220 luciduco
935 4166 1236 4222 videbimus
1259 4167 1490 4246 Θεωρίαν,
1515 4167 1731 4224 beatam
1770 4168 1944 4224 decla-

339 4265 554 4312 rantem
579 4254 864 4310 manifeste
891 4255 1264 4326 principalium
1296 4256 1593 4312 formarum
1631 4258 1938 4328 pulchritu-

339 4347 544 4402 dinem.
585 4345 690 4418 βοά
712 4347 1050 4402 divinissima
1072 4358 1128 4402 et
1153 4363 1307 4404 sacra
1345 4349 1526 4415 teleta,
1557 4350 1942 4420 circumposita

341 4435 438 4493 tibi
464 4437 482 4470 ³
518 4437 811 4508 symbolice
849 4431 1168 4494 vestimenta
1231 4439 1592 4510 aenigmatum
1653 4441 1897 4498 revolans
1925 4483 1939 4508 ,

2041 3238 2346 3295 futurorum
2398 3239 2743 3310 propheticas
2791 3235 3226 3310 praedicationes
3257 3283 3272 3304 ,
3319 3249 3414 3299 aut
3461 3243 3647 3302 viriles

2041 3329 2168 3386 Jesu
2197 3330 2411 3384 divinas
2437 3329 2704 3396 actiones,
2734 3337 2828 3386 aut
2855 3332 3092 3400 ipsorum
3115 3333 3504 3404 discipulorum
3535 3337 3648 3393 Deo

2044 3423 2268 3478 traditas
2293 3433 2348 3476 et
2378 3421 2473 3477 Dei
2519 3421 2839 3479 imitatorias
2883 3425 3326 3480 conversationcs
3361 3438 3418 3482 et
3459 3443 3648 3484 sacras

2042 3515 2340 3579 doctrinas,
2371 3523 2464 3568 aut
2492 3515 2756 3570 occultam
2787 3523 2842 3569 et
2875 3515 3160 3586 mysticam
3200 3516 3460 3574 visionem
3507 3519 3648 3588 ipso-

2043 3621 2161 3661 rum
2208 3605 2590 3676 diseipulorum
2630 3605 2964 3660 dilectissimi
3005 3619 3052 3660 et
3095 3607 3260 3662 divini
3291 3623 3356 3662 ac
3381 3608 3644 3668 mirabilis

2041 3699 2534 3770 supermundanam
2585 3697 2712 3754 Jesu
2761 3699 3081 3770 theologiam
3137 3702 3206 3754 ad
3247 3701 3646 3760 dedicationem

2040 3789 2356 3862 opportunis
2393 3789 2614 3845 nunciat
2643 3787 2686 3854 ’⁸,
2725 3797 2780 3844 et
2811 3789 2984 3844 sacris
3015 3789 3302 3846 teletarum
3330 3799 3384 3844 et
3432 3791 3640 3848 deifor-

2042 3885 2220 3940 milms
2272 3883 2530 3955 anagogis
2587 3881 2890 3952 corradicat
2947 3889 2992 3937 ³.
3067 3882 3384 3938 Divinorum
3457 3895 3644 3944 autem

2043 3986 2294 4032 cantuum
2341 3991 2497 4034 sacra
2543 3974 2864 4046 Scriptura,
2915 3975 3271 4032 intentionem
3319 3975 3526 4033 habens
3583 3991 3642 4034 et

2045 4069 2342 4137 tbeologias
2367 4078 2422 4124 et
2446 4069 2656 4124 divinas
2693 4067 2934 4124 actiones
2972 4082 3162 4124 omnes
3205 4069 3539 4142 ltynmizare,
3591 4081 3646 4130 et

2043 4162 2348 4217 divinorum
2369 4161 2610 4216 virorum
2640 4175 2826 4216 sacras
2849 4161 3124 4216 orationes
3147 4171 3202 4218 et
3223 4163 3646 4220 sacriﬁcationes

2042 4255 2266 4313 laudare
2299 4294 2315 4318 ,
2357 4253 2716 4310 universalem
2768 4253 2898 4310 facit
2949 4255 3252 4310 divinorum
3297 4266 3539 4323 cantum,
3589 4267 3646 4328 et

2043 4347 2410 4403 narrationem
2443 4347 2512 4402 ad
2549 4347 2712 4402 totius
2755 4347 3086 4406 icrarchicae
3114 4347 3310 4404 teletae
3339 4351 3642 4420 susceptio-

2045 4455 2169 4496 nem
2221 4447 2276 4493 et
2325 4439 2667 4496 traditionem
2697 4479 2712 4502 ,
2751 4439 3004 4508 habitum
3041 4438 3322 4510 pulchrum
3371 4441 3635 4507 obiciens,

299 4591 306 4600 _
337 4503 619 4600 splendide
677 4525 834 4584 nobis
903 4525 1249 4584 manilestere
1307 4531 1328 4562 ³
1355 4503 1385 4594 ξ
1425 4541 1480 4585 et
1543 4503 1936 4591 intellectuales
1969 4503 2019 4562 θ
2043 4529 2304 4586 divinitus
2327 4543 2447 4584 eam
2477 4527 2849 4598 psallentibus.
2879 4505 3014 4584 Cum
3043 4503 3234 4602 igitur
3261 4503 3516 4588 continua
3551 4549 3640 4587 sa-

337 4625 556 4672 nostros
583 4616 762 4672 vultus
789 4617 1044 4672 uniformi
1086 4627 1143 4674 et
1173 4634 1278 4674 non
1309 4619 1488 4676 velato
1527 4620 1730 4678 lumine
1770 4625 1936 4694 reple.

335 4707 568 4780 Oportet
607 4710 772 4782 igitur
811 4725 912 4766 nos
949 4711 1094 4766 intus
1115 4712 1324 4779 adesse,
1357 4713 1852 4772 sacratissimorum
1881 4727 1938 4773 et

337 4801 609 4859 invisibile
651 4801 810 4874 primi
857 4802 1186 4874 agalmatum
1232 4805 1590 4872 denudantes,
1625 4808 1694 4870 _in
1739 4807 1936 4866 deil‘or-

337 4907 482 4948 mem
531 4893 648 4964 ejus
695 4893 1146 4964 pulchritudinem
1199 4895 1508 4964 intendere,
1557 4909 1608 4954 et
1668 4915 1933 4957 summum

336 4985 676 5040 sacerdotem
720 4985 977 5040 divinitus
1013 4985 1204 5042 videre
1256 5001 1288 5040 a
1330 4989 1512 5044 divino
1557 4991 1714 5046 altari
1769 5009 1938 5064 usque

337 5083 580 5130 extrema
612 5075 794 5146 templi
830 5091 952 5132 cum
975 5077 1128 5131 suavi
1155 5079 1324 5133 odore
1359 5079 1686 5146 venientem,
1741 5093 1794 5138 et
1839 5084 1938 5140 ite-

339 5183 459 5222 rum
495 5168 546 5222 in
587 5169 704 5238 ipso
740 5169 1034 5239 perlective
1077 5171 1459 5228 consistentem
1517 5173 1559 5230 ³.
1621 5177 1740 5246 ipsa
1791 5179 1934 5233 enim

338 5275 500 5334 super
524 5263 706 5318 omnia
749 5263 938 5330 divina
976 5265 1272 5330 beatitudo,
1318 5267 1420 5322 etsi
1473 5267 1714 5324 bonitate
1756 5271 1936 5326 divina

340 5354 622 5426 proveniat
643 5355 698 5410 in
726 5355 1164 5426 participantium
1186 5373 1281 5412 sua
1305 5373 1460 5413 sacra
1482 5361 1936 5428 communionem,

341 5445 436 5502 sed
461 5461 567 5502 non
591 5455 744 5502 extra
771 5463 866 5518 per
895 5448 1254 5504 substantiam
1293 5449 1684 5508 immutabilem
1733 5461 1934 5508 statum

2041 4619 2467 4688 cratissimornm
2497 4619 2841 4692 bymnologia
2871 4621 3133 4677 animales
3179 4631 3396 4679 nostros
3421 4623 3642 4681 habitus

2039 4714 2366 4783 condignam
2401 4711 2750 4784 disposuerit,
2785 4712 2852 4766 ad
2877 4713 3040 4782 paulo
3071 4721 3192 4783 post
3235 4715 3506 4772 sacriﬁcia
3550 4733 3645 4786 pu-

2041 4805 2239 4870 nenda,
2263 4813 2320 4858 et
2345 4803 2648 4859 divinorum
2681 4813 2934 4858 cantuum
2965 4807 3320 4860 consonantia
3349 4807 3419 4862 ad
3458 4809 3640 4864 divina

2039 4899 2366 4969 ctnosipsos
2391 4910 2446 4956 et
2482 4901 2624 4956 inter
2669 4913 2768 4955 nos
2815 4900 3044 4956 invicem
3091 4915 3433 4969 consensum,
3483 4915 3542 4960 ut
3587 4907 3640 4962 in

2045 5007 2148 5046 una
2203 4999 2261 5046 et
2297 4991 2546 5046 confessa
2601 5005 2876 5046 sacrorum
2923 4993 3142 5063 regione
3174 4993 3196 5025 ⁶
3221 4995 3642 5066 promulgaverit

2043 5083 2356 5138 coordinata
2406 5091 2462 5136 et
2507 5082 2894 5138 coadumhrata
2957 5085 3129 5155 magis
3179 5085 3233 5138 in
3291 5085 3640 5146 iutellcctuali

2041 5173 2371 5247 psalmorum
2403 5171 2718 5242 psalmodia,
2751 5187 2849 5242 per
2877 5171 3058 5242 plures
3085 5182 3141 5232 et
3177 5174 3476 5244 apertiores
3505 5175 3645 5232 itea-

2045 5269 2198 5340 giues
2235 5277 2290 5324 et
2331 5267 2758 5338 praedicationes
2789 5267 3082 5322 dilatantur
3109 5267 3493 5324 sacratissimis
3517 5285 3636 5340 pro-

2043 5360 2306 5418 fessarum
2333 5359 2794 5415 constructionqu
2819 5359 3158 5414 lectionibus.
3189 5361 3244 5416 In
3271 5361 3354 5416 his
3373 5363 3643 5433 aspiciens

2043 5467 2220 5516 saeve,
2255 5451 2458 5508 videbit
2503 5449 2846 5505 uniformiter
2889 5465 3052 5505 unam
3105 5449 3534 5524 inspirationetn,
3583 5461 3642 5506 ut

1663 5563 1916 5620 VABIAE
1953 5562 2358 5622 LECTIONES.

343 5629 374 5638 “
423 5647 554 5706 'Bil
579 5651 702 5708 sibi.

369 5719 408 5774 Α
445 5725 700 5790 narravit,
733 5723 777 5780 Ε
803 5719 1102 5783 ηυηοῖαινὶι.

779 5654 799 5686 ³
827 5655 1009 5738 δοίης,
1037 5655 1128 5740 ᾼΕ
1149 5657 1623 5744 ηεαῃξίεειατε,,βη
1643 5657 2002 5744 manifestat."
2017 5668 2066 5744 ,ξ
2093 5655 2524 5744 Λ“ζςεὶάεηξριι;
2567 5655 2848 5744 ιε’-ίιςηιηι
2867 5683 2936 5694 -ο
2955 5655 3320 5712 consistentem
3367 5671 3478 5712 om.
3527 5659 3632 5713 Bll.

1180 5729 1201 5760 ⁸
1225 5723 1314 5783 ΑΕ
1337 5729 1708 5785 corradicauit.
1785 5723 1807 5765 ί
1839 5729 1931 5785 Sic
1963 5729 2093 5796 AE;
2149 5724 2236 5780 ΒΗ
2273 5723 2522 5781 confessa
2563 5723 2813 5794 religione
2855 5738 3160 5780 sacrorum.
