4210 6264
342 22 457 45 nata-a-
482 24 857 49 *ιι-*την*-
874 38 991 49 ..ν-...-
1026 40 1073 49 .-

575 359 717 425 ωδῖ

1966 348 2251 418 JOANNIS
2286 350 2484 416 SCOTl

571 484 992 550 «insequentem
1045 473 1240 531 merito
1277 473 1435 531 ducta
1482 484 1566 530 est
1616 472 1794 528 linem.
1835 471 1941 529 Sed
1970 485 2165 530 etsur-
2195 481 2237 534 Α
2270 470 2484 526 laudata
2523 486 2620 541 per
2658 480 2811 526 sa‘cre
2856 470 3266 539 procumbentia
3306 467 3567 543 symbola.
3612 468 3858 533 velatum

571 585 698 627 sum
742 571 977 625 ducente
1027 567 1143 623 vita
1194 564 1502 623 voluntarie
1553 566 1800 622 recidens
1841 566 1909 620 ad
1960 560 2200 622 terrant

571 658 846 718 contraria
871 657 1215 715 extremitate
1239 697 1255 724 ,
1287 654 1505 728 gravata
1545 658 1629 712 est
1668 655 1893 711 multum
1926 657 2164 726 passibili
2196 646 2202 651 ’

538 749 953 811 ‘mutabilitate.
995 749 1198 805 Errans
1233 756 1414 804 autem
1461 759 1604 803 tecta
1641 746 1748 813 via,
1785 763 1925 819 quae
1971 757 2054 802 est
2097 749 2167 803 ad

570 857 699 897 vere
728 840 1053 896 existentem
1083 839 1275 903 Deum,
1309 838 1592 894 vulnerata
1621 842 1729 903 est,
1756 848 1813 893 et
1843 839 2072 908 perditis
2108 846 2166 893 et

570 931 830 988 maleficis
880 929 1124 999 subjecta
1174 930 1647 993 multitudinibus,
1697 930 1864 986 Oblita
1918 943 2022 994 est,
2056 948 2161 1011 non

566 1022 693 1090 diis,
722 1038 897 1093 neque
940 1022 1152 1085 amicis,
1181 1022 1277 1100 sed
1304 1021 1538 1076 inimicis
1564 1019 1852 1075 famulans.
1904 1020 2036 1091 Ipsis
2066 1038 2168 1078 au-
2205 1089 2208 1092 ,

568 1125 676 1169 tetu
698 1113 1223 1168 innnisericorditcr
1239 1127 1301 1167 ea
1330 1112 1624 1168 secundum
1658 1112 1926 1182 propriam
1968 1113 2161 1168 innua-

565 1202 792 1258 nitatem
845 1203 1213 1267 abntentibus,
1243 1203 1299 1257 in
1336 1192 1442 1280 non
1481 1202 1861 1258 subsistentias
1885 1204 2160 1260 serviliter

562 1293 753 1349 incidit
807 1301 864 1349 et
922 1292 1241 1363 perditionis
1303 1292 1623 1362 periculum.
1696 1292 1924 1349 Dirinae
1979 1306 2160 1351 autem

561 1383 817 1440 bonitatis
845 1383 1080 1438 maxima
1111 1383 1438 1447 humanitas,
1486 1397 1587 1453 per
1628 1397 1691 1438 se
1741 1384 1913 1455 ipsam
1963 1401 2160 1456 cpera-

562 1475 754 1532 tricent
802 1476 959 1531 nobis
988 1475 1249 1530 divinitus
1277 1490 1381 1531 non
1426 1475 1698 1531 induravit
1744 1477 2158 1546 providentiam,

557 1568 655 1623 sed
695 1568 747 1621 in
800 1567 1024 1622 veritate
1067 1565 1483 1637 participatione
1510 1606 1526 1630 ,
1569 1581 1709 1635 quae
1735 1568 2029 1623 secundum
2063 1583 2162 1624 nos

557 1666 688 1713 sunt
727 1657 870 1713 facta
910 1666 995 1713 est
1038 1658 1281 1713 omnium
1325 1656 1443 1714 sine
1478 1668 1703 1729 peccato
1749 1670 1805 1715 et
1845 1660 1913 1715 ad
1959 1661 2162 1719 humile
2198 1720 2203 1724 ,

559 1758 804 1805 nostrum
853 1748 1104 1804 unilicata
1133 1789 1150 1816 ,
1196 1765 1322 1805 cum
1373 1749 1712 1821 propriorum
1769 1752 2052 1809 inconfnso
2103 1764 2161 1811 et

2267 560 2487 616 enimet
2514 577 2617 615 non
2645 561 2877 616 divisum
2927 577 3124 636 panem
3173 564 3442 629 revolans,
3495 573 3552 619 et
3591 564 3645 619 in
3692 564 3855 620 multa

2267 651 2534 714 dividens.
2574 662 2626 707 et
2666 652 2921 707 unionem
2978 653 3170 709 colicis
3225 654 3483 710 omnibus
3528 654 3858 725 disperticns

2246 743 2561 814 symbolice
2610 745 2874 799 nnitatcm
2914 730 3260 817 multiplicat,
3292 756 3347 801 et
3383 747 3696 813 distribuit;
3730 764 3855 803 san-

2266 832 2566 889 ctissimam
2598 832 2651 888 in
2692 834 2775 888 bis
2815 826 3084 909 actionem
3114 852 3326 891 sacram
3356 837 3378 869 ¹
3448 851 3852 892 consunnnans.
3908 861 3917 869 -

2270 922 2444 978 Unum
2483 923 2629 978 enim
2664 933 2719 979 et
2743 924 2997 995 simplum
3042 933 3098 978 et
3132 927 3407 991 occultum
3450 926 3579 983 Jesu
3626 929 3856 986 divinis-

2264 1014 2387 1069 simi
2433 1014 2616 1086 verbi,
2659 1018 2954 1071 secundum
3002 1031 3101 1073 nos
3152 1017 3206 1072 in
3255 1018 3647 1074 hamanatione
3694 1031 3749 1074 et
3785 1021 3855 1077 ad

2263 1105 2620 1177 Compositunt
2641 1115 2696 1161 et
2717 1107 2949 1174 visitdle,
2974 1109 3299 1165 immutabili
3324 1111 3567 1167 bonitate
3585 1120 3643 1166 et
3665 1115 3851 1168 buma-

2264 1198 2435 1253 nitate
2462 1199 2736 1269 provenit,
2765 1208 2821 1254 et
2844 1199 2912 1254 ad
2942 1213 3002 1256 se
3041 1214 3283 1258 nostram
3321 1204 3574 1260 unilicam
3619 1205 3854 1280 sociata.

2263 1296 2372 1342 tem
2423 1288 2655 1360 benigne
2677 1290 2886 1363 peregit
2916 1298 2959 1359 ³,
3000 1300 3184 1348 nostra
3237 1294 3460 1349 lnuuilia
3496 1296 3854 1352 dianissitni‘s

2260 1377 2375 1433 suis
2412 1392 2623 1457 summe
2675 1380 2942 1436 adunans.
2991 1380 3272 1454 Siquidem
3336 1393 3390 1440 et
3441 1401 3562 1443 nos.
3597 1396 3850 1458 tanquam

2263 1456 2509 1526 membra
2534 1472 2755 1541 corpori
2802 1472 3251 1545 compaginamnr
3288 1473 3392 1545 ipsi
3443 1456 3743 1532 secundum
3774 1479 3855 1533 id-

2263 1559 2439 1632 ipsum
2487 1559 2832 1619 immacniata
2866 1572 2915 1616 et
2944 1556 3126 1620 divina
3178 1565 3307 1634 vita,
3360 1576 3417 1624 et
3472 1584 3578 1626 non
3607 1585 3853 1625 corrum~

2262 1653 2514 1725 pentibus
2547 1653 2893 1725 passionibns
2914 1654 3072 1725 juxta
3097 1644 3482 1713 mortificatam
3520 1659 3849 1726 incontpacti

2261 1753 2317 1800 et
2345 1742 2621 1802 deformes
2647 1743 2692 1812 ⁸,
2717 1754 2904 1801 etnon
2953 1747 3342 1825 convenientes
3378 1749 3645 1807 eliicimur
3677 1756 3743 1808 ad
3767 1752 3849 1806 di-

557 1834 904 1896 immaculato
930 1839 1324 1910 perfectissime
1352 1841 1558 1908 habitu,
1601 1841 1669 1897 ad
1699 1857 1758 1899 se
1808 1844 1963 1900 nobis
2008 1860 2154 1901 com-

2257 1834 2383 1891 vina
2422 1838 2661 1894 membra
2684 1846 2742 1893 et
2763 1837 3073 1895 sanissima.
3113 1838 3339 1911 Oportet
3376 1842 3524 1897 enim
3558 1859 3680 1909 nos,
3704 1845 3751 1901 si
3776 1846 3845 1900 ad

558 1930 977 1986 municationem
1024 1941 1282 2002 tanquam
1329 1934 1632 2007 congenitis
1672 1935 1738 1990 de
1777 1943 1962 1989 cetero
1989 1936 2155 1992 dona-

554 2021 675 2090 vit,
726 2032 782 2079 et
824 2025 1164 2095 propriorum
1238 2025 1441 2097 recepit
1510 2027 1801 2099 participes
1863 2028 2151 2086 buuornm.

552 2098 895 2183 Apostatieae
959 2114 1177 2185 quidem
1248 2116 1611 2171 multitudinis
1643 2156 1661 2183 ,
1741 2117 1882 2172 sicut
1936 2117 2150 2173 occulta

557 2204 779 2260 traditio
805 2205 986 2271 habet,
1014 2221 1155 2276 quae
1186 2217 1507 2271 conti-auios
1534 2218 1635 2275 est,
1665 2209 1931 2265 destruxit
1963 2222 2153 2282 poten-

554 2293 705 2361 tiam,
746 2310 986 2368 non'per
1024 2298 1278 2354 virtutem
1314 2316 1599 2378 superans,
1639 2286 1795 2371 juxta
1853 2316 1982 2357 vero
2026 2315 2153 2374 my-

552 2388 693 2447 stice
720 2390 877 2447 nobis
909 2393 1167 2448 traditum
1208 2393 1505 2464 eloquium,
1531 2395 1583 2449 in
1608 2394 1811 2465 judicio
1843 2404 1896 2450 ct
1912 2396 2146 2465 justitia.
2190 2449 2197 2456 ,

550 2481 701 2551 Quae
743 2484 889 2539 enim
920 2484 936 2516 ¹
966 2485 1263 2541 secundum
1319 2503 1419 2543 nos
1475 2498 1639 2552 sunt,
1691 2488 1760 2542 ad
1815 2486 2148 2541 eoult'm'inm

549 2574 713 2631 simul
753 2590 914 2636 omne
960 2577 1191 2648 benigne
1244 2580 1533 2649 reparavit.
1585 2579 1741 2647 Quod
1800 2579 1944 2633 enim
1994 2578 2146 2647 juxta

550 2665 791 2728 animum
836 2679 1079 2723 nostrum
1131 2666 1420 2724 obscurum
1460 2678 1563 2736 est,
1612 2670 1853 2742 implevit
1895 2670 2045 2724 diviti
2094 2678 2150 2725 et

552 2742 892 2815 divinissitno
935 2760 1158 2826 lumine,
1186 2769 1244 2818 et
1279 2762 1631 2818 deiformibns
1670 2762 1886 2817 ornavit
1918 2760 2149 2816 informe

552 2847 1066 2919 pulcbritudinibus.
1097 2851 1325 2908 Animae
1350 2828 1482 2907 vero
1522 2852 1888 2907 habitaculum
1922 2852 1975 2906 iu
2024 2867 2147 2922 per-

551 2938 847 2998 fectissima
868 2942 1042 2998 salute
1059 2952 1264 2999 tantum
1283 2943 1581 3001 decidentis
1603 2955 1822 3000 nostrae
1845 2944 2144 3011 essentiae,

551 3030 927 3102 pollutissimis
955 3034 1299 3104 passionibus
1341 3044 1399 3090 et
1448 3035 1919 3106 eorrumpentibus
1959 3050 2146 3091 macu-

550 3118 641 3177 lis
672 3118 921 3198 liberavit
952 3161 970 3187 ,
1008 3123 1412 3179 renovationem
1456 3133 1702 3180 nostram
1753 3125 2145 3196 supermunda-

2253 1940 2379 2007 eum
2422 1925 2796 1985 desideramus
2843 1931 3399 1998 communionem,‘in
3445 1934 3840 1992 divinissimam

2221 2052 2227 2066 ι
2255 2013 2339 2069 sui
2369 2015 2666 2070 secundum
2701 2030 2921 2085 carnem
2970 2017 3139 2073 vitam
3188 2020 3485 2090 respicere,
3514 2030 3566 2076 et
3619 2022 3687 2086 ad
3718 2038 3838 2078 eam

2252 2104 2594 2162 similitudini
2636 2123 2793 2163 sacra
2863 2119 3087 2180 peccato
3134 2110 3379 2165 carentia
3424 2110 3745 2166 deiformem
3788 2121 3846 2166 et
3928 2146 3935 2150 ι

2253 2195 2656 2253 iunnaculatnm
2680 2197 2924 2254 habitum
2948 2213 3249 2256 recurrere.
3282 2198 3375 2256 Sic
3394 2200 3540 2257 enim
3566 2212 3845 2275 compaele

2251 2286 2408 2343 nobis
2436 2287 2504 2343 ad
2533 2276 2710 2344 Simile
2738 2288 3056 2344 societatem
3084 2289 3325 2347 donabit.
3371 2292 3517 2348 llaec
3545 2294 3720 2350 sacris
3746 2308 3849 2350 aes

2253 2379 2489 2435 tionibus
2526 2396 2771 2438 summus
2812 2384 3067 2440 sacerdos
3118 2385 3453 2454 manifestat,
3498 2387 3674 2445 velata
3721 2390 3843 2461 qui-

2249 2471 2373 2526 dem
2428 2471 2567 2528 dona
2612 2474 2684 2528 ad
2754 2474 3105 2531 manifestum
3176 2477 3403 2544 ducens,
3464 2472 3841 2552 uniformeqne

2248 2574 2439 2617 eorum
2488 2563 2540 2618 in
2583 2564 2749 2620 multa
2791 2565 3059 2633 dividens,
3106 2577 3165 2625 et
3210 2568 3628 2627 distributorum
3652 2576 3719 2627 ad
3752 2589 3837 2638 ea,

2251 2648 2305 2707 in
2356 2652 2556 2722 quibus
2604 2655 2739 2710 linnt
2779 2658 3075 2712 secundum
3126 2667 3337 2731 tempus
3382 2661 3605 2729 unitati,
3655 2664 3837 2720 socios

2247 2758 2436 2798 eorum
2460 2745 2747 2812 perliciens
2784 2748 3100 2818 participes.
3133 2749 3401 2806 Describit
3464 2752 3610 2807 enim
3665 2753 3717 2808 in
3751 2754 3836 2807 bis

2243 2834 2614 2901 sensibilibus,
2630 2837 2728 2893 sub
2748 2849 3095 2909 conspectum
3114 2840 3319 2896 ducens
3336 2841 3520 2899 desum
3539 2843 3834 2914 Christum,

2246 2924 2570 2983 invisibilem
2599 2938 2861 2995 nostram,
2892 2941 3154 3001 quantum
3180 2932 3233 2987 in
3260 2934 3610 3006 imaginibus,
3642 2936 3833 3005 vitam,

2246 3020 2543 3076 secundum
2574 3021 2743 3088 Deum
2771 3037 2840 3079 ex
2877 3023 3093 3080 occulto
3120 3024 3520 3095 perfectissima
3550 3039 3605 3083 et
3640 3028 3832 3085 ineon-
3911 3019 3915 3023 ’

2247 3107 2363 3166 fusa
2386 3110 2542 3182 juxta
2578 3127 2680 3168 nos
2702 3112 2755 3168 in
2787 3113 3180 3172 bumanatione
3208 3117 3639 3175 misericorditer
3663 3120 3715 3174 in
3742 3136 3834 3175 na-

550 3227 683 3271 nam
703 3213 1018 3281 ostendens,
1045 3223 1100 3271 et
1143 3215 1366 3274 multam
1416 3216 1803 3286 perfectionem
1832 3218 2066 3272 divinam
2095 3217 2148 3271 in
2180 3206 2224 3269 C
2258 3209 2434 3256 "1mm
2483 3213 2725 3283 "03mm
2788 3204 3181 3275 Specmcalumi
3226 3217 3284 3262 ει
3334 3209 3405 3264 ad
3453 3202 3709 3279 Ρπιῖδίίθ
3740 3226 3836 3265 ηυ-

550 3301 686 3374 ipsis
733 3302 802 3358 ad
851 3318 974 3360 eant
1026 3306 1230 3361 nostris
1276 3305 1466 3371 sacris,
1498 3307 1793 3363 secundum
1838 3307 1981 3377 quod
2027 3321 2150 3376 pos-

549 3393 709 3451 sibilo
754 3404 913 3462 cst,‘
952 3383 1439 3454 similitudinibus.‘
1486 3398 1678 3455 Divina
1727 3415 1857 3456 vero
1916 3393 2148 3454 imitatio

547 3483 821 3560 quomodo
884 3485 1041 3541 nobis
1113 3485 1272 3543 aliter
1333 3487 1582 3560 ingenita
1623 3489 1731 3553 sit,
1792 3488 1896 3545 nisi
1963 3507 2146 3548 sacra-

548 3574 884 3630 tissimorum
937 3575 1239 3632 divinarum
1276 3577 1551 3635 actionum
1578 3581 1840 3635 memoria
1890 3591 2145 3638 renovata

550 3679 770 3736 semper
805 3667 1117 3723 ierarclticis
1146 3678 1202 3724 et
1229 3671 1404 3726 sacris
1428 3672 1768 3728 orationibus
1794 3682 1849 3728 et
1870 3675 2146 3744 sacrifica-7

2247 3299 2420 3346 strum
2450 3281 2862 3348 innnutabiliter
2891 3307 2958 3348 ex
2982 3310 3091 3352 uno
3118 3296 3417 3352 secundum
3440 3308 3687 3354 naturam
3717 3315 3838 3370 pm-

2249 3370 2596 3449 venientem,
2658 3392 2714 3439 ct
2776 3399 2893 3455 per.
2936 3386 3225 3459 benignam
3280 3389 3423 3445 hanc
3487 3390 3839 3447 humanitatis

2247 3473 2593 3531 dilectionem
2652 3475 2708 3530 in
2758 3476 3233 3549 participationem
3265 3481 3348 3537 sui
3395 3490 3450 3537 et
3492 3470 3832 3554 propriorum

2246 3566 2510 3622 bonorum
2560 3558 2844 3623 vocantem
2910 3570 3205 3629 humanam
3267 3572 3502 3643 gentem.
3556 3572 3831 3646 Siquidem

2246 3658 2467 3712 unimnr
2518 3658 2617 3729 ipsi
2675 3659 3048 3717 divinissimae
3096 3661 3241 3718 vitae
3294 3663 3365 3718 ad
3417 3678 3540 3720 eam
3592 3675 3832 3721 nostram

550 3755 821 3812 tionibus?
862 3757 976 3813 Hoc
1015 3775 1146 3832 ergo
1183 3760 1433 3826 facimus,
1481 3772 1544 3817 nt
1571 3762 1786 3834 eloquia
1829 3764 1982 3819 aiunt
2008 3776 2056 3827 α,
2089 3767 2145 3821 in

2250 3747 2396 3819 iuxta
2421 3753 2679 3806 virtutem
2706 3750 3096 3809 similitudine:
3116 3769 3214 3824 per
3238 3755 3343 3811 hoc
3359 3754 3524 3811 etiam
3547 3757 3612 3810 ad
3633 3759 3834 3811 verita-

548 3846 671 3918 cjns
699 3850 1151 3907 recordationem.
1198 3852 1326 3908 Inde
1367 3853 1584 3909 divinus
1615 3869 1862 3911 summus
1886 3860 2142 3914 sacerdos

547 3937 618 3992 ad
651 3938 891 3993 divinum
931 3939 1101 3999 altare
1136 3953 1308 4007 stans,
1339 3942 1526 4000 laudat
1551 3944 1729 4001 dictas
1755 3962 1951 4002 sacras
1971 3948 2143 4005 actio-

548 4040 650 4081 nes
689 4027 901 4083 divinas
947 4028 1077 4088 Jesu
1105 4030 1476 4088 divinissitnae
1503 4042 1722 4090 nostrae
1749 4034 2140 4105 providentiae,

547 4130 686 4186 quas
721 4116 774 4171 in
800 4116 975 4174 salute
990 4120 1217 4190 generis
1245 4122 1416 4178 nostri
1440 4122 1784 4194 beneplacito
1807 4124 2141 4181 sani-tissimi

548 4206 729 4266 Patris
755 4209 808 4264 in
827 4210 1031 4283 Spiritu
1055 4202 1243 4270 sancto
1265 4215 1563 4270 secundum
1594 4215 1865 4288 eloquium
1896 4233 2146 4273 consum-

549 4299 735 4355 mavit.
769 4299 1024 4356 Laudans
1050 4312 1233 4359 autem
1262 4311 1320 4359 et
1347 4302 1548 4359 cultum
1574 4319 1787 4372 earum,
1815 4314 1871 4362 et
1902 4306 2145 4365 invisibio

549 4390 657 4446 lem
699 4391 1209 4463 contemplationem
1256 4393 1706 4451 intellectualibus
1749 4396 1922 4454 oculis
1971 4397 2142 4469 inspi-

547 4481 718 4548 ciens,
743 4483 797 4537 in
824 4483 1172 4555 symbolicam
1200 4480 1388 4541 earum
1420 4486 1713 4560 lernrgiam
1741 4488 1908 4555 venit,
1959 4499 2013 4546 et
2040 4491 2142 4549 hoc

2246 3848 2357 3895 tem
2381 3840 2879 3897 communicatores
2906 3842 2998 3897 Dei
3015 3850 3071 3898 et
3091 3840 3832 3902 divinissimarumconsum-

2247 3933 2547 3988 mationum
2588 3932 2815 3989 erimus.
2845 3933 3136 4005 Accipiens
3161 3945 3345 3992 autem
3366 3944 3424 3992 et
3452 3937 3667 3993 tradens
3696 3938 3832 3993 divi-

2245 4038 2374 4079 nam
2429 4023 2894 4090 communionem,
2956 4024 3011 4081 in
3062 4025 3465 4084 Eucharistiam
3500 4043 3716 4084 sacram
3745 4030 3833 4086 de-

2244 4115 2376 4172 sinit
2397 4130 2521 4172 cum
2551 4116 2701 4173 eunti
2729 4116 3007 4174 Ecclesiae
3033 4133 3192 4175 sacra
3232 4120 3591 4197 plenitudine.
3646 4123 3827 4177 Parti-

2243 4205 2446 4278 cipatio
2475 4207 2621 4264 enim
2647 4206 2998 4265 traditionem
3037 4208 3209 4276 ducit,
3238 4218 3296 4265 et
3319 4211 3607 4282 mysticam
3642 4212 3829 4269 distri-

2243 4296 2519 4354 butionem
2571 4297 2959 4371 mysteriorum
3000 4298 3320 4373 assumptio.
3382 4300 3503 4372 ipse
3559 4302 3703 4358 enim
3747 4315 3831 4357 cst

2231 4388 2546 4449 catholicus
2574 4387 2889 4461 divinorum
2937 4400 3166 4447 ornatus
3218 4400 3277 4446 et
3319 4391 3476 4459 ordo,
3508 4392 3742 4464 primum
3774 4393 3829 4448 in

2241 4482 2655 4552 participatione
2670 4481 2786 4537 fieri
2799 4483 3328 4545 etconsutmnatione
3339 4498 3555 4539 sacrum
3573 4484 3762 4541 ducem
3778 4487 3824 4547 ⁸,

536 4570 663 4628 "Deo
686 4572 950 4630 tradente.
976 4572 1127 4631 Unde
1143 4583 1199 4630 et
1223 4584 1533 4632 reverenter
1570 4577 1729 4633 simul
1755 4588 1813 4634 et
1839 4578 2139 4636 ierarcltice
2168 4578 2216 4641 D
2243 4588 2341 4644 per
2381 4588 2441 4630 se
2471 4573 2729 4631 diVitIiluS
2752 4572 2876 4630 aliis
2920 4573 3318 4638 donandorum.
3371 4574 3557 4644 sicque
3599 4584 3656 4631 el
3709 4574 3830 4632 aliis

548 4669 673 4732 post
719 4676 908 4718 sacras
934 4664 1209 4720 actionum
1260 4664 1564 4722 divinarum
1608 4666 1826 4733 laudes,
1877 4684 1978 4740 pro
2021 4670 2136 4742 ipsa

548 4766 716 4824 supra
742 4768 805 4809 se
833 4754 1047 4811 actione
1081 4770 1238 4812 sacra
1275 4755 1578 4828 apologiam
1619 4756 1768 4822 facit,
1802 4760 1953 4829 prius
1985 4776 2140 4818 sacre

551 4843 622 4900 ad
651 4844 825 4915 ipsum
862 4846 1099 4902 reboans
1125 4861 1140 4900 :
1172 4844 1253 4902 Tn
1281 4847 1465 4902 dixisti
1502 4867 1518 4903 :
1554 4847 1664 4903 Hoc
1692 4848 1855 4920 facite
1880 4850 1939 4905 in
1965 4868 2135 4913 meum

555 4936 967 4993 recordationem
993 4937 1044 4991 ι’.
1070 4939 1270 4996 Deinde
1290 4939 1403 4996 Deo
1428 4939 1591 4995 simili
1614 4941 1716 4996 hac
1742 4943 1957 4998 actione
1982 4958 2138 4999 sacra

552 5025 986 5101 dignus‘pctmts
1040 5028 1158 5086 fieri
1185 5070 1202 5096 ,
1260 5040 1318 5087 et
1373 5031 1441 5086 ad
1496 5030 1671 5102 ipsum
1728 5032 2004 5089 Christum
2064 5035 2139 5091 si-

552 5118 854 5176 militudine
897 5119 1077 5176 divina
1109 5121 1404 5192 perficere,
1450 5133 1506 5179 et
1552 5123 1685 5180 dare
1723 5126 2042 5193 castissime,
2082 5134 2142 5184 et

552 5220 746 5266 sancta
775 5211 1166 5285 participantes
1210 5229 1365 5270 sacro
1405 5223 1465 5270 et
1506 5216 1762 5273 decenter
1786 5220 2137 5291 participare,

551 5302 826 5362 sacriﬁcat
888 5305 1267 5372 divinissima,
1313 5317 1368 5363 et
1438 5306 1555 5378 sub,
1596 5310 1944 5381 conspectum
1993 5312 2141 5367 .mcit

2244 4651 2479 4720 tradere.
2510 4662 2738 4733 Propter
2778 4663 2923 4734 quod
2971 4672 3029 4719 et
3078 4663 3278 4720 divinis
3311 4663 3575 4720 doctrinis
3607 4665 3825 4737 quidam

2243 4757 2506 4813 audacter
2530 4758 2841 4820 abutentes,
2868 4765 2997 4811 ante
3019 4757 3316 4812 secundum
3342 4769 3437 4812 eas
3453 4756 3827 4831 conversatio-

2243 4865 2367 4906 nem
2383 4860 2438 4908 et
2468 4850 2712 4905 habitum
2729 4848 2993 4904 immundi
3017 4858 3074 4904 et
3100 4848 3262 4903 alieni
3284 4848 3507 4906 omnino
3527 4864 3682 4906 sat-ra
3697 4862 3820 4906 sunt

2243 4930 2604 5014 legislatione.‘
2622 4938 2691 4996 Ut
2716 4939 2860 4995 enim
2887 4940 2941 4994 in
2963 4938 3232 4994 solaribus
3254 4939 3634 5010 splendoribus
3653 4941 3824 5001 subti-

2243 5031 2407 5089 liores
2424 5039 2480 5087 et
2504 5031 2765 5088 clariores
2792 5030 3147 5088 essentiarum
3181 5031 3389 5100 primae
3412 5031 3615 5086 influxu
3646 5032 3819 5102 reple-

2246 5133 2354 5188 tae,
2409 5135 2505 5195 per
2561 5122 2744 5180 omnia
2781 5138 2878 5179 eas
2914 5120 3326 5192 supereminens
3387 5121 3564 5177 lumen
3617 5124 3673 5176 itt
3732 5139 3821 5187 ea.

2243 5230 2385 5286 quae
2440 5228 2562 5285 post
2602 5225 2700 5270 eas
2743 5212 2873 5269 solis
2930 5212 3103 5267 instar
3130 5208 3394 5266 invehunt
3451 5229 3467 5264 :
3524 5211 3607 5266 sic
3641 5219 3697 5264 et
3748 5211 3825 5263 di-

2246 5310 2376 5365 vino
2397 5308 2546 5366 omni
2574 5321 2681 5363 non
2700 5296 3013 5362 audendum
3047 5306 3171 5361 aliis
3198 5304 3305 5360 dux
3337 5317 3482 5365 esse,
3503 5301 3606 5357 nisi
3638 5314 3825 5364 secun-

1826 5420 2081 5477 VARIAE
2117 5399 2530 5480 caenosas.

634 5477 649 5508 ‘
674 5471 765 5531 ΑΕ
785 5486 961 5534 autem
1034 5479 1054 5512 ⁸
1081 5479 1173 5537 BH
1202 5482 1541 5541 sanctissima
1580 5486 1635 5544 in
1675 5486 1763 5547 bis
1791 5471 2516 5560 ac'iii'miuﬁicii"iiut
2538 5495 2765 5565 peragit.
2838 5494 2858 5524 ⁸
2889 5493 2979 5547 ΑΒ
3014 5493 3319 5565 deifornm.

2109 5612 2368 5672 NOTAE.

581 5694 869 5820 “illum.
900 5698 1069 5756 XXVI
1090 5745 1107 5763 .
1146 5701 1309 5761 Marc.
1344 5705 1502 5776 XIV,
1535 5708 1683 5804 .Luc.
1708 5711 1896 5780 XXII;
1940 5711 1958 5768 ι
1991 5714 2120 5772 (Ἰοῖ.

3422 5493 3443 5527 ⁵
3476 5491 3571 5549 ΒΗ
3597 5494 3762 5551 dum»
3777 5512 3813 5548 ι.

2310 5717 2328 5746 ⁸
2370 5714 2502 5772 Luc.
2537 5714 2703 5782 XXII,
2738 5715 2843 5782 l9;
2874 5714 3065 5770 Hattlt.
3088 5713 3292 5779 XX“;
3330 5717 3344 5770 Ι
3375 5711 3501 5770 Co..
3548 5712 3637 5771 Χῐ.

3724 355 3965 420 ωδεχ
