4210 6206
1489 207 1498 232 I

275 293 421 352 {089
457 299 461 307 '

849 290 1110 352 YERSIO
1148 293 1435 353 GPEBUM
1472 296 1530 353 S.
1577 295 1890 352 DlOXYSil.
1930 326 2000 339 --
2039 293 2577 362 Et'CI.ESlASTlC.\
2615 287 3006 352 iEllARCliiA.

3442 291 3573 349 £090

277 389 406 444 dum
429 399 646 443 omnem
691 385 938 443 liabitnm
987 402 1145 443 suum
1191 375 1391 444 factum
1423 387 1516 443 Dei
1561 387 1881 445 t'ormosissi-
1909 392 1954 452 Α
1983 385 2202 457 ptibiles
2275 385 2561 458 imagines.
2649 385 2803 454 Quod
2859 385 3007 442 enim
3085 383 3252 438 Deum
3330 381 3575 440 imitatur

275 493 447 540 unum,
471 488 524 533 et
547 492 644 548 pro
674 477 854 533 divina
888 478 1242 550 intelligentia
1275 489 1331 536 et
1355 479 1560 548 judicio
1603 479 1876 550 rompagi-

276 579 465 625 natum
491 570 844 640 approlmtns.
875 569 930 626 lo
955 572 1042 626 his
1071 571 1252 627 omnis
1281 587 1564 628 sacrorum
1594 572 1878 642 dispositio

277 661 584 717 iurari-hiet:
615 663 1084 726 condesceudcns,
1109 672 1168 717 et
1189 662 1542 720 divinissitnis
1570 663 1875 718 centumui-

275 767 432 816 caus,
463 767 588 808 cum
625 753 926 825 gratiarum
963 754 1179 809 actione
1219 768 1378 810 saera
1405 753 1626 818 desiuit,
1668 753 1878 808 divino-

278 861 402 900 rum
424 857 641 901 actuum
671 845 1156 916 proportiooaliter
1192 861 1528 915 cognoscens
1555 856 1609 900 et.
1650 828 1878 900 laudaiis

271 939 504 1014 gratias.
554 937 744 1009 Itazfua
793 940 974 992 divina
1029 953 1137 992 non
1188 938 1587 1008 participantes
1641 937 1879 1008 ctigno-

279 1041 489 1093 rantes,
531 1045 640 1084 non
662 1029 828 1084 etiam
855 1029 908 1084 in
934 1027 1336 1086 Eneltztristiam
1362 1028 1584 1082 venient
1620 1041 1636 1082 :
1669 1037 1725 1082 et.
1753 1029 1879 1095 qui-

279 1121 403 1178 dem
441 1121 624 1197 .jnxta
686 1121 960 1192 propriam
1032 1129 1286 1174 naturam
1323 1119 1532 1191 dignis
1598 1119 1875 1172 existenti-

280 1213 384 1268 bus
407 1213 616 1286 gratiae
653 1215 890 1285 aguntur
921 1211 1278 1268 diviuissimis
1308 1209 1720 1275 donationibus.
1769 1211 1876 1263 Sel

280 1306 426 1376 quod
466 1304 684 1374 quidem
727 1304 1011 1368 Vlixei-am,
1056 1303 1303 1377 aspicere
1349 1302 1639 1375 aliquando
1683 1301 1884 1358 divinis

276 1385 442 1474 donis
469 1411 535 1451 ex
574 1409 662 1459 eo,
687 1395 778 1464 qui
808 1397 862 1449 in
895 1394 1039 1474 malo
1061 1404 1168 1460 est,
1203 1395 1456 1450 contuitu
1484 1393 1754 1457 nolentes.
1803 1394 1886 1448 in-

284 1473 425 1558 grati
469 1487 539 1541 ad
587 1501 813 1556 magnas
860 1473 1170 1542 divinorum
1209 1497 1432 1541 actuum
1462 1494 1916 1560 permanserunt.

283 1577 628 1633 donationes.
657 1575 878 1630 Gustata
900 1567 1098 1645 autem,
1123 1577 1278 1632 aiunt
1295 1563 1534 1647 eltupiia.
1564 1585 1612 1630 et
1640 1576 1806 1630 ridete
1836 1587 1885 1627 τι.

289 1670 464 1725 Sacra
491 1671 637 1724 enim
678 1669 986 1752 divinorum
1027 1669 1271 1726 doctrina
1311 1669 1629 1740 magniﬁcas
1669 1683 1884 1730 coriun,

1980 477 2216 550 agalma,
2253 477 2323 532 ad
2349 477 2499 532 illam
2537 475 2866 533 invisibilem
2910 487 2965 532 et
3017 473 3391 531 beneolentcm
3423 477 3570 540 aspi-

1978 567 2130 622 ciens
2171 565 2423 630 l'ormam,
2479 566 2558 622 sic
2612 567 2850 636 seipsnm
2903 567 3098 638 ligarat
3147 574 3203 620 et
3251 561 3459 636 etliogit
3509 564 3576 622 ad

1979 659 2428 716 formosissimatn
2469 657 2850 714 imitationem.
2881 659 2949 713 Et
2977 659 3113 713 sicut
3143 657 3194 713 in
3228 660 3591 734 sensibinbu;

1982 751 2306 824 imaginibus
2327 766 2543 822 semper
2567 751 2637 807 ad
2679 751 2909 822 primani
2940 751 3306 821 exemplarem
3338 750 3572 819 speciem

1981 843 2214 918 scriptor
2238 842 2609 899 inflexibiliter
2635 843 2886 908 intendit,
2917 844 2986 896 ad
3032 842 3232 897 nullum
3275 837 3418 896 aliud
3446 846 3574 895 visi.

1982 933 2168 988 bilitnn
2203 940 2609 998 rctractus,aut
2651 935 2946 988 secundum
2999 933 3128 1004 quid
3184 935 3433 1003 partitus,
3483 935 3573 988 sed

1983 1025 2298 1097 ipsumillud
2315 1027 2458 1098 quod
2485 1037 2568 1083 est
2604 1025 3037 1088 describendum.
3063 1025 3109 1082 si
3129 1025 3338 1095 justum
3371 1020 3574 1084 dicere.

1983 1117 2211 1188 ellingit,
2238 1127 2293 1172 et
2313 1119 2564 1173 ostendet
2591 1118 2613 1148 ³
2643 1118 2965 1174 alterutrum
2995 1120 3047 1174 in
3072 1119 3333 1175 alterutm
3360 1131 3569 1192 propte:

1983 1214 2255 1268 essentiac
2281 1211 2642 1270 tlill‘eretitiani
2668 1229 2683 1268 :
2712 1213 2793 1269 sic
2823 1215 3040 1270 mundis
3074 1216 3128 1270 in
3153 1215 3338 1271 animo
3375 1216 3582 1270 descri-

1983 1290 2067 1359 bit
2091 1302 2206 1376 ipsa
2233 1305 2304 1360 ad
2343 1304 2690 1362 beneolacem
2719 1314 2774 1360 et
2795 1305 3070 1362 occultam
3111 1291 3362 1384 fat-man;
3370 1309 3577 1362 intenta

1987 1404 2043 1448 ct
2074 1393 2386 1450 inﬂexibilis
2429 1394 2816 1465 contemplatio
2849 1411 2957 1452 non
2986 1411 3184 1452 errans
3216 1397 3578 1453 deiformosis-

1989 1485 2250 1541 simorum
2267 1485 2620 1556 phantasma.
2650 1485 2806 1542 Juste
2831 1486 3000 1556 igitur
3022 1487 3092 1542 ad
3111 1488 3581 1560 superesseutiali-

1993 1583 2076 1629 ter
2100 1574 2502 1631 suaveolentem
2535 1584 2592 1632 et
2639 1575 2963 1633 iuvisibilem
3015 1578 3472 1648 palcbritmliucm
3519 1582 3586 1635 ad

1993 1664 2162 1720 Deam
2190 1665 2457 1730 conversi,
2499 1665 2866 1724 intellectuale
2891 1682 3053 1723 suout
3091 1667 3586 1726 incom'ersibiiiter

285 1764 379 1836 qui
409 1763 647 1828 discant,
684 1762 892 1834 gratias
929 1772 1285 1834 cognoscent,
1322 1770 1381 1818 et
1420 1762 1889 1818 divinissimanmi
1924 1757 1966 1814 ll
1995 1757 2392 1828 Speciiicantcs,
2424 1757 2628 1814 nullam
2657 1768 2824 1829 agunt
2849 1759 2903 1814 in
2953 1775 3014 1816 se
3059 1763 3229 1816 Demn
3259 1762 3590 1818 imitantium

287 1869 513 1909 suarum
528 1853 868 1909 altitudinem
884 1862 935 1909 et
953 1853 1379 1925 magnitudinem
1399 1853 1454 1909 iu
1473 1852 1891 1924 participatione

286 1945 662 2003 sacratissime
725 1944 1118 2015 inspicientes.
1167 1945 1602 2016 supercaelcstes
1653 1945 1894 2016 gratiast:

289 2039 588 2096 laudabunt
613 2039 857 2096 actiones
886 2039 1106 2096 divinae
1140 2037 1514 2110 benignitatis.

835 2173 1237 2236 CAPITULUM
1269 2141 1342 2230 ιγ’

442 2269 517 2326 De
540 2268 876 2342 perﬁciendis
900 2271 956 2326 in
985 2287 1132 2342 nigro
1160 2280 1208 2326 et
1231 2268 1286 2324 in
1307 2269 1421 2340 ipso
1449 2269 1752 2339 o/i'erendis.

368 2383 542 2440 Tanta
596 2382 976 2440 sanctissimae
1024 2397 1298 2457 synaxeos
1339 2392 1489 2446 sunt,
1535 2393 1590 2437 et
1639 2381 1720 2438 sic
1756 2383 1899 2438 bona

294 2475 589 2534 invisibilia
611 2477 677 2530 ad
707 2491 870 2530 unum
897 2475 1074 2542 nobis,
1097 2475 1240 2532 sicut
1258 2489 1422 2547 saepe
1449 2473 1902 2540 divinius,ierar-

295 2567 454 2624 cbiec
505 2565 872 2622 sacriticaotia
930 2565 1250 2622 societatem
1301 2574 1358 2620 ct
1410 2563 1897 2621 eoordinationcm.

259 2657 410 2729 ,Scd
429 2668 513 2714 est
537 2657 698 2728 bujus
721 2659 1080 2729 arquipotens
1107 2657 1282 2716 altera
1306 2655 1603 2728 perfectiva
1632 2657 1902 2728 operatio,

297 2748 442 2819 ηιςιοί
475 2748 689 2804 teletam
740 2748 905 2805 duces
933 2747 1148 2804 nostri‘
1182 2764 1350 2820 quam
1377 2747 1682 2805 nominant.
1712 2745 1906 2802 Partes

301 2838 490 2910 itaque
517 2838 635 2908 ejus
661 2839 684 2870 ³
727 2839 780 2894 in
830 2839 1026 2898 ordine
1073 2841 1374 2899 secundum
1423 2855 1610 2896 sacras
1639 2838 1908 2911 imagines
1950 2877 1954 2880 -

301 2931 680 2997 intendentes,
729 2933 810 2990 sic
856 2934 1120 2990 adnuunt
1152 2934 1324 3005 ipsius
1370 2947 1469 3006 per
1497 2941 1684 3006 partes
1733 2933 1908 2990 icrar-

304 3023 480 3082 obicis
517 3027 1072 3100 centemplationibus
1101 3031 1508 3086 ascendentes:
1547 3044 1554 3048 ·

734 3137 1047 3212 Μυειεήιωι
1067 3137 1252 3196 teletae
1284 3140 1440 3212 myri.

375 3231 540 3286 .lux'a
577 3231 834 3288 eumdem
873 3215 1412 3305 synaxeos'modam
1459 3231 1908 3304 imperfectorum

303 3323 662 3377 absolvuntur
704 3323 948 3390 ordines,
983 3323 1370 3382 accedentibus
1401 3323 1608 3379 scilicet
1632 3331 1692 3379 et
1731 3323 1908 3378 ierar-

305 3416 466 3470 cbico
495 3415 552 3472 in
589 3431 752 3471 omne
781 3415 1040 3489 templum
1067 3417 1208 3474 bene
1236 3415 1402 3472 olenti
1430 3409 1660 3480 ani'bitu,
1691 3424 1746 3470 et
1768 3415 1900 3486 psal-

303 3505 446 3563 mica
472 3521 629 3562 sacra
657 3506 932 3573 cautione,
975 3517 1036 3563 et
1061 3507 1528 3563 divinissimorum
1565 3504 1908 3576 eloquioram

305 3594 558 3652 lectione.
592 3595 796 3654 Deinde
827 3612 1022 3670 myron
1049 3613 1298 3657 sumums
1323 3599 1578 3654 sacerdos
1607 3598 1907 3668 accipiens,

303 3687 627 3759 superponit
660 3689 843 3746 divino
870 3689 1033 3746 altari
1065 3689 1513 3748 circumvelatam
1561 3673 1909 3747 a-dnodeeim

303 3785 505 3856 pennis
543 3785 734 3844 sacris.
776 3787 1130 3844 reboantibos
1175 3787 1337 3845 simul
1389 3789 1644 3845 omnibus
1673 3788 1910 3844 sanctis-

306 3876 446 3932 sima
476 3891 611 3932 voce
653 3887 904 3934 sanctum
935 3877 1049 3934 Deo
1071 3879 1492 3951 acceptabilium
1517 3879 1910 3949 prophetarum

223 3963 229 3970 ’
308 3964 670 4038 inspiratione
706 3967 1031 4025 melodema.
1055 3967 1124 4024 Et
1153 3968 1211 4024 in
1239 3968 1358 4040 ipso
1383 3968 1758 4040 perficienlem
1785 3984 1912 4024 ora-

305 4059 517 4116 tionem
567 4060 870 4132 complens,
899 4061 954 4118 in
1005 4061 1370 4119 sanctissimis
1413 4063 1909 4120 consecrandornm

307 4153 488 4214 teletis
533 4169 602 4209 eo
637 4154 810 4210 utitur
829 4156 900 4212 ad
931 4169 1152 4213 omnem
1181 4147 1302 4212 fere
1329 4155 1690 4214 ierarebicam
1725 4155 1910 4226 perfe-

307 4245 511 4321 ctivam
539 4248 942 4319 Operationem.

405 4409 408 4412 ἢ
987 4339 1234 4399 ΤΙιεοτὲη.

283 4436 319 4489 .’
378 4427 500 4500 ipsa
565 4430 731 4502 igitur
791 4433 1153 4490 iutroductiva
1209 4432 1675 4492 eonsnmmativae
1749 4433 1910 4503 hujus

307 4518 760 4578 sanctiﬁcationis
829 4539 1074 4596 anagoge
1128 4537 1228 4596 per
1274 4539 1358 4590 ea,
1413 4539 1557 4596 quae
1607 4526 1908 4582 scentulum

306 4605 550 4664 divinum
575 4625 767 4681 myron
794 4627 950 4669 sacre
975 4623 1235 4685 aguntur,
1269 4615 1418 4679 illud,
1442 4615 1700 4682 aestimo,
1726 4617 1913 4672 decla-

307 4707 419 4766 rat,
472 4702 618 4771 quod
667 4703 1093 4761 circumvelatur
1154 4704 1364 4762 sanctis
1415 4707 1553 4761 viris
1614 4707 1666 4762 in
1725 4707 1912 4762 animo

307 4805 527 4848 sacrant
552 4799 607 4847 et
645 4792 784 4850 bene
818 4795 1091 4861 redoleas,
1121 4811 1263 4868 quae
1303 4797 1564 4858 divinitus
1600 4797 1758 4866 jubet
1787 4787 1912 4855 san-

309 4882 415 4936 etis
464 4881 616 4946 viris,
656 4899 763 4940 non
822 4883 1144 4944 manifestas
1203 4888 1410 4944 habere
1454 4888 1508 4944 in
1559 4889 1732 4960 gloria
1773 4905 1910 4944 vana

309 4973 608 5028 secundum
628 4973 889 5032 virtutem
909 4977 1106 5035 occulti
1129 4979 1225 5036 Dei
1249 4980 1422 5036 lmnas
1443 4991 1498 5036 et
1527 4982 1909 5040 suaveolentes

309 5062 716 5122 similitudines.
732 5066 1118 5142 Mundaeenim
1143 5082 1272 5127 sunt
1292 5071 1388 5126 Dei
1407 5080 1652 5128 secretae
1671 5083 1727 5128 et
1747 5089 1911 5143 super

309 5153 552 5209 animum
579 5159 954 5215 saaveolentes
979 5159 1430 5231 pulchritudines,
1459 5173 1514 5218 et
1567 5163 1911 5219 invisibiliter

311 5247 672 5302 ostenduntur
707 5251 1048 5307 solummodo
1073 5253 1553 5320 iutellectualibus.
1602 5254 1911 5310 conici-mes

311 5332 519 5422 babcre
541 5337 784 5396 volentes
812 5355 914 5414 per
934 5341 1188 5398 virtutem
1240 5343 1294 5398 in
1340 5342 1627 5400 aninmbus
1657 5343 1910 5401 incorru-

1999 1849 2258 1904 virtutum
2291 1851 2343 1905 in
2371 1851 2779 1923 adspiciendum
2801 1849 2971 1921 jnxta-
2985 1854 3255 1923 eloquium
3299 1853 3327 1894 ιι
3362 1855 3594 1912 homini-

1999 1945 2120 2006 bus,
2137 1943 2233 1998 sed
2255 1953 2442 1998 sancte
2465 1943 2756 2015 inspiciunt
2781 1927 3113 2016 tanquam-in
3141 1946 3392 2019 imagine,
3409 1945 3594 2002 divino

2001 2049 2155 2107 myro
2188 2034 2258 2090 ab
2278 2033 2520 2091 Ecclesia
2539 2035 2904 2092 sacratissima
2933 2036 3340 2098 circumvelata.
3366 2037 3600 2109 Propter

2000 2128 2142 2198 quod
2173 2137 2228 2182 et
2265 2126 2367 2198 ipsi
2415 2129 2714 2184 secundum
2764 2127 3042 2194 virtutem,
3093 2140 3342 2185 sanctum
3400 2137 3457 2184 et
3483 2131 3599 2186 dei-

2003 2221 2454 2277 t'ormosissimum
2477 2220 2621 2276 intus
2651 2223 2818 2278 Deum
2847 2222 3144 2284 imitantes,
3178 2232 3232 2282 et
3262 2223 3373 2278 Deo
3399 2223 3602 2281 descri-

2003 2314 2078 2386 pti
2111 2315 2277 2369 animi
2300 2329 2458 2370 sacre
2478 2314 2954 2380 circamvelantes,
2978 2316 3044 2369 ad
3070 2315 3241 2371 solam
3259 2315 3280 2348 δ
3305 2317 3602 2387 rcSpicinnt

2006 2403 2390 2462 arclriformem
2409 2405 2841 2478 intelligentiam.
2877 2405 3064 2478 Neque
3085 2404 3231 2462 enim
3260 2407 3598 2477 contempla-

2004 2496 2142 2552 biles
2173 2504 2382 2552 tantum
2439 2507 2566 2552 sunt
2619 2495 2988 2556 dis~itnilibas.
3036 2497 3128 2552 sed
3163 2511 3340 2566 [neque
3385 2497 3484 2566 ipsi
3533 2497 3603 2550 ad

2008 2589 2220 2646 illorum
2259 2591 2549 2646 trahuntur
2589 2590 2878 2655 visionem,
2909 2590 3126 2646 sibimet
3157 2600 3553 2662 consequenter
3586 2608 3602 2643 :

2005 2692 2184 2750 neque
2215 2678 2506 2734 visibilium
2541 2663 2805 2751 imagines
2829 2681 3096 2737 bonorum
3120 2688 3174 2733 et
3190 2681 3482 2748 iustorum,
3506 2681 3607 2762 sed

2006 2785 2215 2836 eorum,
2264 2787 2404 2844 quae
2435 2781 2564 2829 sunt
2587 2788 2736 2836 vere,
2766 2788 2898 2829 vere
2928 2783 3150 2829 amant:
3183 2788 3357 2844 neque
3379 2774 3446 2828 ad
3490 2773 3606 2846 glu-

2008 2863 2148 2920 riam
2173 2863 2359 2921 vident
2379 2880 2410 2919 a
2437 2863 2782 2921 multitudine
2805 2864 3250 2924 irrationabiliter
3273 2863 3601 2926 beatiﬁcam,

2009 2955 2107 3014 sed
2143 2958 2358 3015 bonum
2395 2964 2492 3014 aut
2533 2957 2736 3014 nmium
2769 2957 2843 3026 in
2872 2958 3053 3028 seipso
3092 2957 3272 3013 divina
3305 2957 3608 3013 imitatione

2004 3047 2334 3120 iudicantes,
2359 3048 2629 3121 agalmata
2653 3047 2834 3104 divina
2864 3048 3239 3104 divinissimae
3285 3056 3410 3103 sunt
3438 3049 3602 3103 bene.

1933 3127 1980 3190 (ἒ
2011 3140 2262 3206 olentiae,
2284 3154 2352 3197 ex
2376 3140 2554 3213 scipsa
2577 3155 2767 3213 verum
2797 3139 3083 3196 bene-clas
3117 3140 3344 3202 habens,
3364 3137 3432 3192 ad
3464 3139 3608 3194 mul-

2009 3233 2080 3290 tis
2103 3233 2444 3291 dissimiliter
2469 3209 2755 3304 opinabil!
2773 3247 2882 3289 non
2907 3233 3270 3306 convertitur,
3300 3231 3445 3286 veris
3489 3229 3606 3286 suis

2005 3324 2514 3396 pulchritudinibus
2543 3341 2709 3380 annui
2734 3315 3005 3390 formans,
3020 3325 3166 3394 quod
3189 3331 3274 3379 est
3298 3325 3418 3380 sine
3439 3314 3609 3378 sima--

2010 3417 2231 3477 latione.
2263 3417 2371 3474 Fer
2429 3417 2718 3489 reliquum,
2749 3419 3008 3489 quoniam
3034 3426 3058 3459 ⁸
3087 3415 3330 3472 exterius
3363 3413 3610 3487 pulchri-

2011 3513 2252 3568 tudinem
2309 3511 2660 3584 contemplati
2692 3527 2882 3568 sumus
2913 3511 3077 3568 totius
3111 3511 3285 3567 bonae
3315 3519 3370 3566 et
3415 3507 3610 3566 sacrae

2011 3604 2264 3670 actionis,
2311 3603 2367 3659 in
2419 3603 2744 3660 diviniorem
2791 3603 2912 3675 ejus
2959 3602 3310 3674 respicicnnis
3352 3600 3606 3662 formant.

2011 3697 2186 3768 ipsam
2210 3697 2266 3751 in
2287 3697 2464 3769 scipsa
2488 3695 2785 3752 revelatam
2837 3693 3099 3752 velamina
3121 3735 3136 3761 ,
3167 3692 3610 3765 contemplantes

2011 3788 2248 3852 beatam,
2293 3787 2688 3861 splendentem,
2743 3786 3044 3843 manifeste
3085 3785 3312 3851 claram,
3343 3795 3401 3841 et
3434 3786 3604 3842 incir-

2011 3879 2316 3936 cnmvclate
2345 3878 2708 3936 ititellectibns
2731 3879 3028 3950 rapientem
3056 3893 3154 3934 nos
3179 3876 3606 3935 suaveolentiae.

2010 3969 2200 4041 Neque
2233 3969 2378 4026 enim
2411 3967 2696 4032 manifesta
2751 3968 2890 4039 myri
2938 3969 3182 4038 perfecta
3221 3967 3465 4038 operatio
3499 3966 3608 4030 his,

2010 4062 2105 4134 qui
2136 4061 2281 4118 circa
2313 4077 2585 4118 summam
2622 4063 2964 4118 sacerdotem
2994 4069 3141 4127 Sillli,
3174 4059 3608 4117 incomnnmita-

2010 4154 2140 4210 bilis
2170 4163 2254 4212 est
2303 4161 2399 4209 aut
2437 4152 2749 4218 invisibilis,
2791 4153 2885 4208 sed
2933 4152 3245 4209 ccontrario
3295 4166 3468 4222 usque
3514 4165 3612 4206 eos

2010 4247 2357 4322 perveniens,
2387 4254 2445 4302 et
2478 4253 2724 4302 statuens
2763 4260 2925 4316 supra
2969 4244 3167 4300 multus
3192 4236 3613 4314 contemplatio-

1947 4382 1950 4386 .
2015 4353 2157 4401 netu.
2213 4341 2281 4393 ab
2333 4336 2468 4408 ipsis
2491 4349 2646 4392 sacro
2671 4335 3130 4400 circumvelatur,
3170 4344 3225 4390 et
3263 4334 3612 4393 multitudine

2016 4431 2320 4488 ierat-clueo
2366 4429 2736 4500 distinguitur.
2777 4428 2983 4483 Divinis
3009 4429 3155 4484 enim
3179 4427 3314 4484 viris
3356 4428 3612 4484 sacratis-

2003 4523 2276 4580 'simorum
2301 4521 2506 4585 radius,
2525 4531 2785 4590 tanquam
2799 4520 3333 4592 congeneratioui'ab
3355 4519 3613 4575 invisibili

2012 4629 2149 4685 pure
2193 4623 2253 4670 et
2296 4613 2608 4669 immediate
2631 4612 2876 4677 elucens,
2919 4619 2976 4666 et
3003 4610 3400 4666 intellectuales
3420 4626 3613 4665 eorum

2016 4706 2357 4778 rereptiones
2395 4703 2844 4763 incircmnvelate
2887 4703 3248 4767 suaviﬂeans,
3305 4703 3371 4757 ad
3427 4702 3611 4773 subje-

2015 4809 2164 4853 ctum
2193 4813 2299 4853 non
2329 4805 2578 4868 prompte
2600 4795 2869 4866 provenit,
2903 4795 2998 4852 sed
3029 4797 3098 4850 ab
3138 4794 3292 4864 ipsis,
3336 4803 3398 4849 ut
3431 4809 3612 4850 secre-

2019 4897 2196 4942 torum
2250 4886 2517 4942 invisibile
2548 4885 3068 4956 contemplantibus,
3123 4885 3243 4940 sine
3282 4899 3512 4954 poinpa,
3541 4884 3612 4939 ad

2012 4980 2368 5037 dissimilibus
2398 4979 2894 5042 incontmninabile,
2918 4981 3024 5034 sub
3045 4979 3302 5050 pennatis
3321 4978 3607 5049 aenigma-

2013 5074 2157 5128 tibus
2203 5071 2512 5143 cooperitur
2540 5086 2556 5126 :
2587 5087 2682 5142 per
2721 5086 2860 5141 quae
2904 5087 3061 5131 sacra
3112 5070 3420 5142 aenigmata
3469 5070 3608 5124 bene

2010 5165 2188 5221 ornati
2229 5165 2448 5220 ordines
2503 5166 2838 5219 reducuntur
2887 5162 2956 5216 ad
3004 5176 3216 5218 sacram
3247 5177 3401 5216 suam
3430 5159 3612 5216 analo-

2013 5259 2180 5326 giam.
2218 5256 2312 5310 Est
2366 5269 2516 5326 ergo,
2546 5257 2694 5324 quod
2735 5253 2953 5324 quidem
3009 5253 3276 5318 dixeram,
3317 5268 3462 5306 nunc
3497 5250 3612 5303 lau-

2017 5348 2192 5402 danda
2235 5347 2391 5402 nobis
2416 5361 2572 5402 sacra
2609 5347 2802 5402 teletae
2839 5345 3114 5419 operatio,
3140 5343 3610 5402 consummatiiae

1607 5459 1810 5516 VAliiA
1823 5461 1863 5516 Β
1897 5459 2305 5518 LECTIONES.

383 5544 404 5580 ⁸
439 5546 609 5602 nostri
645 5561 753 5604 om.
777 5545 894 5603 BH.
971 5549 993 5581 ³
1030 5549 1147 5604 eius
1175 5565 1285 5605 om.
1314 5551 1420 5608 BE.
1498 5553 1520 5584 ³
1558 5553 1602 5606 Α
1629 5565 1675 5608 et
1697 5555 1945 5618 ostendit,
1971 5553 2062 5608 ΒΗ
2091 5566 2147 5634 ut
2171 5555 2434 5612 ostendat.
2511 5552 2535 5588 “
2572 5556 2616 5610 Ε
2636 5555 2881 5612 solerent.
2959 5564 2985 5597 ι
3013 5553 3102 5610 Βιι
3126 5561 3405 5623 quanmto.

1835 5663 2086 5722 NOTAE.

367 5741 412 5826 :
443 5728 588 5790 Psai.
630 5729 870 5796 XXXIII,
905 5729 959 5786 9.
1271 5825 1283 5826 ἰ
1341 5739 1344 5743 ’
1728 5765 1767 5796 ,

429 5827 434 5834 ’
734 5827 1006 5888 Parua!"
1055 5825 1312 5890 CXXIX.

2063 5744 2088 5775 δ
2131 5735 2319 5793 Matth.
2353 5737 2416 5792 lll
2443 5756 2456 5798 :
2488 5737 2654 5794 XXlll

3247 5826 3326 5886 35
