4210 6260
679 339 812 398 ιοθι

2075 333 2363 393 JOANNIS
2402 331 2600 392 SCO'i'l

3833 332 3964 394 10θᾶ

677 431 1101 490 iemrcbioorum
1116 430 1468 493 ordinationis
1495 437 1552 486 et
1574 427 2056 504 virtutis.Propter
2081 432 2265 503 quod‘
2299 433 2344 489 A
2373 430 2442 486 ad
2472 431 2645 502 ipsam
2687 431 2739 486 in
2778 428 2979 486 malum
3018 429 3439 492 minorationem
3490 431 3968 504 incorruptibiliter

673 526 895 585 etfbanc
922 524 1088 580 divini
1115 526 1286 581 duces
1326 522 1497 581 nostri
1524 534 1781 593 tanquam
1815 522 2270 595 aequipotentem

675 630 732 673 et
779 619 919 674 idem
970 627 1314 690 peragentem
1369 633 1640 690 synaxeos
1661 632 1851 673 sacrae
1868 615 2276 686 perfectionis'

679 709 880 767 eisdem
922 709 1336 775 character-ibus
1361 723 1459 779 per
1487 707 1656 763 multa
1693 719 1748 763 et
1768 707 2016 780 mysticis
2040 705 2276 780 disposi-

676 802 914 861 tionibus
961 809 1018 864 εἰ
1087 801 1264 860 sacris
1329 801 1661 858 orationibus
1723 801 2146 856 ordinaverunt.
2207 799 2277 854 Et

675 895 895 967 quidem
927 910 1199 952 summum
1241 896 1604 956 sacerdotem,
1643 905 1902 963 tanquam
1942 891 2076 962 ipsis
2120 905 2276 961 aspe-

675 987 856 1044 ctibus
886 1001 955 1043 ex
983 986 1250 1043 diviniore
1276 984 1393 1042 loco
1424 986 1622 1042 bonam
1649 984 2076 1040 suaveolentiam
2106 983 2159 1037 in
2183 996 2273 1048 ea,

674 1093 816 1150 quae
868 1078 1062 1137 deinde
1114 1086 1263 1143 sunt,
1309 1084 1500 1134 sancta
1558 1075 1952 1147 proferentem,
2007 1081 2064 1130 et
2098 1073 2170 1128 ad
2215 1088 2276 1128 se

675 1168 1008 1224 resolutione
1042 1168 1351 1232 docentem,
1429 1167 1736 1222 divinorum
1796 1166 2274 1237 participationem

667 1260 833 1316 simul
857 1259 1108 1318 omnibus
1137 1260 1356 1329 quidem
1390 1258 1507 1312 ﬁeri
1543 1256 1698 1326 juxta
1724 1259 2048 1328 dignitatem
2077 1257 2272 1323 sacris,

672 1353 1054 1411 indiminutam
1107 1369 1238 1409 vero
1273 1367 1402 1411 esse
1437 1363 1496 1408 et
1524 1353 1920 1408 immutabilem
1950 1353 2192 1419 omnino,
2220 1363 2276 1410 et

672 1425 998 1512 aequalitate
1054 1442 1356 1498 secundum
1402 1441 1642 1498 divinam
1689 1442 2102 1498 collocationem
2149 1459 2276 1514 pro-

669 1534 923 1604 primatis
953 1530 1474 1590 incommutabiliter
1495 1541 1754 1588 stantem.
1783 1533 2070 1591 Desiderio
2091 1543 2274 1590 autem

672 1625 874 1682 iterum
925 1621 1265 1696 eloquiorum
1294 1633 1489 1680 cantus
1535 1633 1592 1682 et
1620 1624 1886 1682 lectiones
1926 1626 2275 1698 imperfectos

667 1717 893 1788 quidem
929 1716 1188 1772 erudiunt
1231 1717 1300 1772 ad
1340 1715 1628 1774 viviferam
1672 1716 2020 1784 filiolitatem,
2047 1733 2276 1774 conver-

2375 523 2684 594 dispositas,
2711 524 2767 579 in
2791 523 2906 593 ipsa
2929 523 2982 578 in
3008 524 3166 580 nobis
3185 523 3463 583 discretivi
3502 525 3738 588 naturali
3768 526 3790 560 "
3823 524 3972 597 vale-

2371 615 2582 680 tudine,
2608 614 2907 670 secundum
2953 614 3177 671 deificas
3203 629 3512 683 mensuras,
3531 623 3589 673 et
3610 615 3971 676 ooadunatam

2372 704 2544 760 animi
2567 703 2634 758 ad
2661 704 2832 760 Deum
2856 704 3297 775 conversionem,
3341 704 3396 762 in
3423 705 3736 778 receptione
3755 705 3973 767 divinae

2338 861 2341 865 η
2373 795 2778 853 suaveolentiae
2810 795 2952 863 fieri,
2977 803 3034 852 et
3066 795 3464 854 benefacientia
3491 806 3649 852 sacra
3675 794 3891 867 impleri
3919 803 3976 851 et

2374 888 2714 945 divinissimo
2783 888 3066 946 alimento.
3117 887 3235 945 Non
3293 904 3436 962 ergo
3483 888 3624 962 myri
3673 887 3972 962 symbolica

2375 980 2702 1051 compositio
2731 989 2990 1050 tanquam
3021 978 3406 1046 informatione
3432 977 3769 1046 iulormium,
3796 978 3975 1052 ipsum

2374 1072 2532 1128 nobis
2572 1071 2878 1129 subscribit
2910 1078 2935 1112 ⁸
2967 1070 3179 1140 Jcsum,
3227 1071 3436 1130 fontem
3481 1072 3807 1130 existentem
3837 1069 3978 1131 divi-

2376 1179 2570 1219 narum
2617 1165 2868 1220 suavium
2895 1166 3269 1237 receptionum
3318 1165 3566 1232 divitem,
3601 1164 3824 1222 beatum
3855 1180 3984 1238 pro—

2374 1256 2717 1327 portionibus
2739 1256 2939 1313 divinis
2991 1265 3047 1314 et
3077 1256 3472 1329 principalibus
3499 1241 3848 1315 deiformiora
3893 1256 3980 1313 in-

2379 1344 2766 1401 tellectualium
2799 1346 3143 1414 reddentem,
3189 1347 3562 1404 divinissimos
3604 1346 3978 1406 declarantem

2375 1453 2628 1509 vapores,
2664 1438 2718 1492 in
2751 1438 2949 1509 quibus
2977 1437 3148 1495 animi
3183 1437 3431 1495 benefice
3459 1437 3736 1506 delectati,
3759 1446 3816 1499 et
3835 1438 3983 1500 divi-

2377 1533 2460 1588 nis
2481 1533 2944 1605 assumptiunibus
2969 1533 3183 1603 repleti,
3205 1546 3333 1590 esca
3355 1531 3617 1589 invisibili
3638 1539 3889 1601 utuntur,
3911 1532 3982 1589 ad

2377 1624 2744 1682 iutellectuale
2773 1641 2963 1681 eorum
2993 1623 3460 1699 penetrantjuxta
3490 1624 3733 1682 divinam
3750 1625 3985 1698 partici-

2376 1717 2651 1786 pationem
2681 1715 3113 1773 suaveolentium
3155 1715 3622 1774 distributiouum.
3652 1716 3749 1774 Est
3772 1724 3980 1782 autem,

671 1809 992 1880 sionemque
1036 1808 1060 1842 ³
1104 1817 1355 1866 sanctam
1434 1807 1647 1867 faciunt
1695 1808 1903 1881 polluto
1951 1824 2277 1882 euergume-
2306 1796 2351 1856 Β
2380 1816 2438 1862 ut
2463 1809 2714 1874 aestimo,
2763 1808 2999 1875 clarum,
3029 1806 3159 1878 quia
3184 1821 3350 1880 super
3377 1823 3479 1864 nos
3518 1807 3780 1866 essentiis
3805 1815 3867 1865 ut
3892 1808 3981 1866 di-

673 1916 804 1956 num
835 1899 1132 1972 feruntque
1155 1901 1502 1958 manifestam
1534 1901 1977 1974 qualemcunque
2005 1903 2274 1961 trahendo

673 1991 1290 2064 iusane'energumeuis
1340 1991 1630 2051 deiformis
1683 1994 1904 2054 habitus
1953 2001 2010 2050 et
2055 1993 2275 2052 virtutis

671 2082 1116 2140 sublimissimum
1143 2125 1159 2152 ,
1216 2083 1703 2159 proportione-liter
1768 2085 1852 2142 eis
1899 2084 2270 2150 ostendentes.

600 2251 602 2253 _
667 2176 834 2254 Juxta
859 2192 1024 2248 quam
1051 2180 1344 2247 terrebunt",
1365 2179 1605 2236 maxime
1627 2177 1736 2248 ipsi
1761 2177 2072 2234 contrarias
2102 2177 2276 2241 virtu,-

671 2281 775 2337 tes,
804 2279 860 2328 et
903 2271 1133 2328 aliorum
1159 2272 1427 2332 medicina
1473 2274 1854 2344 praestabunt,
1878 2265 2066 2330 divina
2095 2272 2278 2329 intima

670 2362 818 2421 tione
855 2363 1132 2424 immobile
1182 2365 1403 2434 quidem
1432 2379 1500 2421 ex
1535 2366 1774 2436 propriis
1824 2365 2004 2428 bonis,
2027 2357 2117 2420 ad
2144 2377 2277 2419 vero

667 2457 978 2516 contrarios
1032 2459 1297 2516 tumultus
1335 2459 1574 2514 activum
1608 2473 1715 2520 non
1743 2445 2012 2515 habentes
2039 2465 2275 2525 tantum,

2379 1899 2682 1955 viuioribus
2720 1897 2938 1954 fontalis
2971 1897 3378 1956 suaveolentiao
3406 1899 3719 1968 retributio,
3749 1898 3984 1974 propin-

2379 1991 2538 2063 quior
2574 1991 2846 2062 quomodo
2900 1991 3080 2048 adhuc
3114 1996 3172 2048 et
3187 1992 3363 2066 magis
3403 1993 3640 2068 seipsam
3665 1993 3986 2058 manifestat

2377 2093 2434 2140 et
2462 2084 2762 2151 distribuit,
2810 2084 2865 2140 in
2899 2083 3304 2141 lucidissimum
3343 2099 3535 2142 earum
3555 2093 3614 2143 et
3639 2086 3782 2144 bene
3801 2085 3983 2143 habile

2371 2175 2526 2247 juxta
2555 2175 2889 2231 intellectum
2920 2175 3230 2246 receptivae
3275 2175 3498 2232 virtutis
3545 2176 3769 2249 copiose
3793 2192 3986 2247 super-

2379 2269 2631 2330 manans,
2675 2273 2732 2322 et
2772 2264 3151 2338 multipliciter
3172 2264 3466 2324 occultata.
3498 2265 3587 2322 Ad
3614 2281 3746 2324 vero
3774 2267 3987 2323 intelle~

2379 2358 2640 2414 ctualium
2685 2355 2952 2427 subjecta,
3005 2367 3063 2415 et
3093 2375 3202 2416 non
3247 2358 3442 2417 eodem
3477 2359 3641 2416 modo
3683 2362 3984 2432 acceptiva,

2379 2450 2545 2519 super
2573 2445 2830 2505 virtutem
2871 2449 3304 2506 incontaminate
3329 2448 3614 2509 occultans
3641 2438 3907 2509 visionem
3927 2462 3987 2508 et

670 2553 768 2609 sed
791 2557 853 2606 et
882 2548 1172 2618 donantes.
1225 2549 1326 2610 His
1360 2557 1546 2607 autem
1579 2551 1635 2605 in
1665 2548 2003 2626 intellectum
2033 2550 2278 2605 divinum
2377 2541 2875 2612 participationem.
2898 2540 3400 2622 proportioualibus
3417 2543 3870 2616 participantium
3886 2560 3956 2600 va

668 2654 740 2696 ex
759 2640 1013 2715 pessimis
1031 2642 1462 2709 transeuntibus,
1476 2641 1723 2698 habitum
1751 2657 1970 2699 sacrum
1994 2641 2277 2714 imponunt

2376 2632 2603 2704 poribus
2659 2633 2717 2688 in
2785 2635 3325 2694 commensuratione
3359 2637 3390 2671 ~'
3441 2635 3628 2694 divina
3673 2636 3983 2694 distribuit.

670 2730 741 2787 ad
766 2745 877 2789 non
922 2724 1119 2791 iterum
1175 2733 1277 2789 sub
1307 2733 1513 2788 malitia
1539 2732 1854 2793 errandum.
1887 2732 2188 2802 Quosdam,
2220 2742 2283 2790 ut
2337 2731 2345 2740 ’
2381 2723 2559 2796 Super
2598 2739 2698 2780 nos
2754 2725 2922 2796 ίεῑιιιι·
2981 2728 3300 2783 sanctarum
3357 2727 3723 2786 essentiarum
3771 2724 3986 2786 tantum

672 2822 785 2879 sint
824 2823 1143 2890 castissimi,
1173 2811 1480 2894 indigentes
1509 2829 1900 2884 consummate
1923 2825 2214 2882 absolvunt
2233 2833 2277 2892 ι,

2379 2816 2755 2887 superpositus
2816 2815 3108 2888 Serapbim
3144 2818 3280 2876 ordo
3309 2818 3364 2874 in
3395 2818 3604 2886 alarum
3642 2819 3988 2877 duodeuario

668 2902 936 2984 quosdam
963 2930 1152 2973 sacrm
1178 2916 1383 2972 ducunt
1404 2916 1459 2971 in
1488 2916 1702 2971 divinas
1733 2915 1996 2987 imagines
2023 2924 2080 2972 et
2102 2915 2283 2987 inspe-
2379 2907 2741 2980 Siglliﬁcaluri
2766 2907 2917 2964 Circa
2953 2906 3143 2966 desum
3169 2919 3323 2967 $1308
3349 2919 3405 2968 ει
3429 2911 3754 2981 οοιιοαιωε,
3784 2913 3986 2970 beatis-

671 3004 882 3068 ctiones
913 3019 1102 3062 earum
1128 3014 1184 3060 et
1209 3007 1754 3071 communicationes.
1785 3005 2057 3064 Reﬁciunt
2092 3016 2276 3064 autem
2379 3000 2534 3056 simis
2575 3002 2748 3086 iPSiljS
2783 2999 3340 3076 εοηιθιιιριειιίοῐιίιὶιιε
3361 3045 3376 3072 ν
3435 3013 3698 3078 qualum“
3748 2996 3988 3077 lusum)»

670 3095 936 3166 quosdam
963 3092 1338 3161 sacratissime
1368 3098 1423 3153 in
1450 3096 1629 3156 beatis
1656 3098 2006 3157 invisibiliter
2028 3107 2271 3156 contem-

2382 3092 2754 3161 obumbrans,
2801 3095 3206 3153 et‘invisibilis
3259 3096 3662 3164 distributionis
3712 3113 3872 3155 sacro
3931 3099 3992 3158 in

669 3187 1042 3258 plationibus,
1099 3190 1425 3264 complendo
1473 3189 1745 3248 uniforme
1806 3207 1996 3248 eorum
2045 3207 2158 3248 uno
2216 3187 2347 3248 et“
2380 3188 2706 3243 castissimis
2779 3188 3226 3260 susceptionibus
3287 3190 3574 3262 repletus,
3639 3199 3696 3248 et
3753 3191 3990 3250 multum

673 3279 1386 3354 unificante.Quidautem?
1403 3279 1598 3340 Nonne
1621 3293 1677 3343 et
1693 3299 1805 3338 non
1830 3283 2054 3340 omnino
2080 3299 2272 3356 puros,
2370 3277 2707 3334 laudabilem
2732 3319 2749 3344 ,
2813 3278 3148 3335 sensibiliter
3194 3279 3425 3337 dicendo
3450 3321 3466 3347 ,
3523 3295 3635 3344 non
3688 3280 3988 3339 silentibus

673 3387 905 3444 quorum
919 3370 1035 3442 jam
1063 3374 1383 3432 memoriam
1406 3372 1655 3441 fecimus,
1675 3375 1898 3434 ordines
1923 3374 2072 3445 clape
2098 3375 2278 3432 absol-
2377 3371 2566 3426 oribus
2611 3369 2916 3430 reclamans
2955 3371 3307 3443 theologiam.
3341 3371 3460 3444 ipsa
3486 3373 3632 3428 enim
3661 3381 3852 3432 sancta
3885 3388 3981 3430 su-

675 3463 754 3518 vit
805 3463 1104 3531 secundum
1152 3463 1390 3522 eundem
1435 3478 1712 3537 synaxeos
1750 3466 1978 3523 modum
2012 3480 2276 3537 praesens
2375 3460 2816 3533 'permundalium
2861 3461 3171 3518 animorum
3204 3462 3432 3520 scientia
3473 3463 3636 3519 simul
3661 3473 3849 3526 erecta
3877 3468 3989 3531 est,

671 3573 821 3620 nunc
868 3567 1058 3615 sancta
1122 3557 1318 3617 teletae
1359 3560 1644 3630 operatio,
1697 3558 1831 3616 solis
1885 3558 2278 3632 inimagiuibus
2377 3563 2435 3610 et
2463 3553 2842 3612 incessabilem
2865 3554 3030 3610 habet
3052 3553 3294 3610 divinum
3317 3569 3586 3638 amorem,
3610 3554 3990 3630 malitiamque

672 3651 868 3708 videns
907 3650 1189 3715 obtutibus
1227 3651 1448 3722 divinis,
1499 3661 1557 3707 et
1585 3667 1615 3705 a
1649 3651 1783 3708 solis
1835 3651 2150 3711 immediate
2190 3667 2277 3707 sa-
2380 3647 2541 3703 simul
2565 3643 2784 3703 omnem
2811 3657 3040 3718 superat
3064 3654 3119 3702 et
3163 3645 3516 3702 oblivionem.
3544 3645 3696 3716 little,
3727 3655 3788 3705 ut
3815 3647 3990 3710 aesti‘

674 3740 1000 3798 cratissimis
1050 3741 1367 3797 ierarchieis
1392 3743 1656 3816 anagogis
1702 3743 1948 3815 inspecta
1993 3752 2049 3799 et
2071 3742 2280 3800 sacriti-
2350 3754 2490 3803 .mo.
2518 3739 2620 3794 hoc
2641 3753 2748 3793 non
2771 3739 2950 3794 silenti
2972 3738 3211 3794 clamore
3233 3738 3769 3804 insinuataeternam
3793 3756 3986 3799 eorum

674 3832 832 3890 cata?
861 3830 1006 3902 llaec
1035 3833 1293 3906 ergojam
1323 3847 1488 3906 saepe
1507 3850 1538 3888 a
1561 3835 1718 3890 nobis
1746 3835 1916 3901 dicta,
1943 3833 2276 3909 superﬂuum
2367 3836 2436 3882 et
2489 3828 2988 3892 incommutabilem
3034 3831 3088 3884 in
3138 3829 3338 3890 virtute
3392 3829 3543 3885 omni
3574 3839 3631 3885 et
3675 3832 3985 3904 gratiarum

674 3924 833 3991 nobis
869 3932 972 3991 est,
1013 3933 1074 3984 ut
1124 3925 1377 3989 aestimo,
1408 3924 1619 3982 eisdem
1661 3925 1947 3982 revolvere
1990 3926 2193 3992 verbis,
2221 3936 2279 3981 et
2381 3921 2597 3976 actione
2623 3920 2928 3977 divinorum
2956 3923 3241 3979 scientiam
3268 3931 3324 3978 et
3347 3923 3990 3999 intelligentiamJncor-

677 4031 785 4074 non
840 4017 909 4072 ad
958 4029 1056 4082 ea,
1105 4025 1248 4089 quae
1305 4015 1503 4073 deinde
1557 4025 1684 4074 sunt
1736 4018 1794 4084 ⁸,
1854 4017 2275 4083 transcendere,
2379 4010 2600 4082 porales
2623 4024 2754 4084 ergo
2777 4010 3065 4083 Seraphim
3094 4014 3480 4085 proprietates,
3516 4015 3828 4086 ineloquiis
3860 4031 3988 4075 sen-

676 4122 951 4166 suminum
987 4107 1328 4166 sacerdotem
1357 4107 1619 4164 divinitus
1646 4107 1895 4179 videntes
1923 4123 1955 4162 a
1991 4106 2278 4163 duodecim
2382 4101 2630 4159 sibilibus
2661 4103 2991 4176 imaginibus
3043 4113 3099 4160 et
3138 4105 3492 4161 invisibilium
3537 4106 3989 4169 manifestatoriis

675 4196 869 4268 pennis
895 4196 1364 4262 circumvolutum,
1395 4195 1688 4257 habentem
1710 4185 1958 4252 divinum
1981 4211 2200 4268 myron',
2223 4204 2282 4252 et
2383 4203 2576 4251 sancte
2609 4196 2934 4267 descriptas,
2967 4197 3020 4250 in
3050 4199 3462 4255 exornamentis
3501 4198 3986 4271 supercaelestium

675 4287 1077 4342 sanetissintam
1121 4285 1177 4340 in
1204 4299 1274 4343 eo
1297 4286 1826 4344 consummationem
1852 4284 2275 4343 sacrificantem.

675 4378 931 4436 Dicamus
981 4379 1169 4450 igitur,
1198 4377 1472 4449 quomodo
1512 4377 1655 4450 myri
1693 4377 2280 4451 oompositiocongres

676 4468 826 4543 satio
856 4469 1124 4542 quaedam
1165 4479 1248 4526 est
1283 4469 1422 4528 bene
1457 4469 1784 4542 spirantium
1819 4471 2196 4536 materiarum,
2221 4471 2276 4526 in

676 4575 737 4616 se
778 4560 1000 4632 copiose
1044 4560 1253 4616 habens
1299 4560 1599 4633 qualitates
1639 4561 1970 4627 odoriferae,
2008 4571 2277 4635 quantum

676 4651 1005 4724 accipientes
1027 4649 1292 4709 olfaciunt
1331 4644 1630 4711 secundum
1675 4654 1985 4726 analogiam
2016 4663 2170 4710 tanto
2200 4657 2282 4710 in-

674 4745 892 4816 genitae
943 4743 1026 4799 eis
1073 4743 1227 4800 bono
1266 4744 1436 4804 odore
1474 4747 1940 4818 participationis.
1991 4746 2281 4803 Credimus

675 4844 860 4892 autem
911 4850 1038 4891 esse
1078 4836 1479 4894 divinissimum
1507 4835 1695 4894 Iesum
1748 4839 2282 4911 superesseltialiter

676 4926 1100 4992 suaveolentcm,
1147 4923 1514 4985 invisibilibus
1561 4930 2043 4988 distributionibus
2071 4916 2315 4988 ‘inteL'

676 5017 907 5076 lcctuale
929 5028 1176 5075 nostrum
1198 5017 1503 5090 replentem
1538 5021 1721 5092 divina
1749 5021 2126 5082 delectatione.
2157 5023 2280 5096 Ipsa

674 5110 823 5168 enim
847 5109 1185 5177 sensibilium
1214 5111 1545 5169 suavitatum
1579 5116 1883 5185 assumptio
1935 5116 2280 5171 saturitatem

675 5202 829 5272 facit,
856 5211 914 5270 et
963 5204 1134 5266 nutrit
1153 5219 1283 5262 eum
1311 5203 1676 5263 delectatione
1709 5207 1879 5262 multa
1897 5206 2279 5264 olfacientium

675 5295 1050 5362 discretlvum,
1100 5295 1371 5366 siquidem
1421 5297 1720 5354 innocuum
1765 5300 1879 5366 sit,
1917 5307 1975 5354 et
2037 5301 2105 5355 ad
2140 5300 2282 5355 bene

675 5394 802 5443 otax
823 5385 882 5442 in
905 5387 1439 5450 commensuratione
1481 5397 1852 5463 conmactum.
1886 5387 2277 5460 Proportiona-

680 5475 817 5541 liter,
846 5473 896 5534 si
917 5476 1044 5549 quis
1065 5476 1264 5533 dixerit
1285 5485 1345 5533 et
1377 5479 1776 5538 intellectuales
1803 5489 2022 5538 nostras
2044 5481 2279 5540 virtutes

2383 4287 2804 4353 Ierarcbiarum,
2845 4298 2904 4343 ut
2930 4288 3187 4356 arbitror,
3219 4289 3358 4348 bene
3389 4290 3743 4362 contemplati
3771 4307 3986 4360 sumus,

2372 4388 2439 4453 et
2489 4380 2597 4435 tuis
2643 4381 3105 4436 iutellectualibus
3139 4381 3314 4436 oculis
3358 4382 3719 4438 ostendimus.
3775 4381 3986 4445 Tamen

2384 4470 2643 4541 quoniam
2668 4472 2886 4540 quidem
2913 4481 2970 4526 et
2991 4487 3136 4528 nunc
3163 4487 3434 4527 summum
3463 4474 3804 4529 sacerdotem
3831 4489 3990 4530 sacro

2386 4563 2828 4629 circumstantes,
2855 4563 3028 4634 ipsam
3048 4563 3204 4620 nobis
3231 4564 3380 4619 illam
3412 4563 3711 4621 reformant
3729 4567 3994 4624 excelsis-

2387 4656 2585 4712 simam
2611 4657 3045 4728 dispositionem,
3085 4658 3139 4713 in
3174 4657 3330 4714 brevi
3359 4655 3416 4714 et
3441 4653 3586 4716 nunc
3623 4661 3993 4719 sanctissimis

2371 4751 2701 4822 aspectibus
2756 4750 3302 4820 deiformosissimam
3343 4767 3538 4816 eorum
3571 4753 3879 4813 claritatem
3909 4757 3995 4810 vi-

2390 4843 2636 4899 deamus.
2686 4841 3022 4899 Multiforme
3075 4845 3245 4914 igitur
3288 4859 3478 4907 eorum
3513 4853 3569 4902 et
3626 4846 3885 4917 multipes
3916 4845 3991 4912 '°,

2373 4935 2857 4992 .manifestativum
2881 4949 2984 5000 est,
3016 4948 3073 4991 ut
3094 4939 3348 5003 aestimo,
3373 4928 3692 4998 multividae
3711 4953 3903 4994 eorum
3934 4940 3992 4995 in

2390 5027 2762 5083 divinissimas
2797 5028 3222 5084 illuiuinatioues
3262 5027 3640 5098 proprietatis,
3669 5035 3726 5083 et
3772 5043 3994 5101 semper

2391 5131 2572 5177 motus
2592 5131 2647 5173 et
2663 5120 2898 5174 multivii
2918 5120 3226 5175 divinorum
3253 5120 3518 5177 bonorum
3537 5118 3988 5192 intelligibilium.

2386 5214 2613 5267 Alarum
2641 5220 2925 5276 autem,ut
2947 5211 3162 5282 eloquia
3189 5212 3410 5277 aiunta,
3431 5227 3731 5283 expansam
3755 5212 3992 5286 positio-

2386 5317 2531 5368 nem,
2547 5317 2654 5356 non
2678 5315 2962 5356 numerum
2986 5310 3231 5359 sanctum
3256 5301 3767 5369 indiearearbitror,
3785 5318 3990 5360 secun-

2386 5392 2511 5447 dum
2537 5391 2680 5462 quod
2704 5392 2880 5446 visum
2895 5400 2981 5446 est
3002 5391 3145 5456 aliis,
3170 5391 3264 5446 sed
3297 5391 3424 5461 quia
3450 5393 3596 5448 circa
3627 5392 3794 5448 Deum
3818 5393 3994 5464 ipsius

2345 5474 2348 5481 ’
2385 5483 2876 5544 excellentissimae
2891 5484 3161 5539 essentiae
3173 5484 3446 5557 etordinis
3462 5485 3502 5516 ¹¹
3519 5487 3813 5558 anagogica
3825 5495 3880 5542 et
3894 5488 3994 5543 ab-

1979 5573 2236 5630 γΑιιιΑε
2274 5573 2683 5633 LECTIONES.

752 5637 1089 5713 :WMW“:
1131 5639 1221 5698 BH
1315 5645 1337 5676 ²
1363 5643 1430 5699 Α’

685 5783 726 5815 ³⁸
754 5792 802 5836 et
830 5781 1034 5838 ordinis
1053 5798 1163 5838 orn.
1192 5783 1346 5842 ιςκιι.

751 5885 780 5914 ιι
807 5874 887 5928 lsa
946 5872 1030 5931 Vl.

1537 5643 1859 5718 rfectionem.
1938 5642 1961 5676 ³
1985 5644 2084 5718 illi
2125 5629 2690 5718 conversationemque.
2767 5646 2788 5677 ⁸
2818 5629 3072 5718 quosdam
3100 5653 3156 5702 ut
3189 5647 3292 5700 sint
3320 5676 3391 5688 —
3416 5645 3693 5718 absciram
3724 5661 3835 5718 om.
3869 5645 3984 5702 ειη.

753 5664 937 5713 -ιμιυα
972 5664 1082 5695 uin.
1131 5664 1220 5698 nn
1317 5664 1426 5699 'A'
1537 5664 1859 5714 rlecttonem.
1938 5664 1961 5676 ν
1995 5664 2084 5699 tm
2125 5664 2690 5718 conversationemque.
2767 5664 2788 5677 ν
2850 5664 2872 5717 ι

681 5714 705 5744 ⁸⁸
739 5709 786 5766 Ε
811 5709 1003 5767 deinde
1035 5710 1309 5768 ditasuut.
1337 5716 1361 5748 ⁸
1388 5664 1948 5773 Βῇἱεινιειίοηίὸω.
1983 5716 2002 5747 ⁷
2026 5715 2070 5770 Ε
2100 5726 2317 5772 natura.
2348 5722 2372 5755 ⁸
2403 5718 2447 5773 ιι
2484 5718 2750 5772 describit.
2783 5664 2872 5771 εἵς

2213 5797 2500 5882 ΝΟΤΑΕᾙ

2868 5713 2921 5771 ill
2952 5719 3464 5776 commemoratione.
3501 5717 3546 5750 η
3575 5717 3661 5772 illi
3687 5717 3978 5791 ntultipla.
