4210 6224
361 290 499 367 tuas

934 310 1187 373 YEBSIO
1225 309 1511 377 OPERUM
1551 319 1610 378 5.
1642 316 1926 386 ﬁlONYSl

2038 361 2066 371 -
2106 318 2641 391 ecctssusrtca
2664 331 3072 407 lEltARClliA.

3487 344 3625 404 1094

351 425 527 528 soluta
556 427 954 528 perfectissime
978 439 1111 528 sunt
1137 418 1673 505 et‘supermund/ana,
1697 439 1940 509 pri'ntaet
1966 450 2017 507 Α
2040 438 2227 503 Jesum
2272 460 2377 515 pro
2427 458 2612 503 nostra
2658 448 2839 506 divina
2888 452 3235 525 generatione
3289 455 3624 528 demersum,

356 516 536 576 Inedia
558 528 617 578 et
635 531 886 579 extremo
915 522 1359 582 intellectuale
1390 528 1568 585 sui‘et
1592 530 1938 601 deiformium

355 607 642 671 virtutum.
688 612 818 669 lude
849 614 1602 686 'eloqniorumsaeratissima
1639 624 1937 694 sapientia,

336 706 564 760 alarum
594 703 1015 775 duplicationem
1064 708 1254 763 sanae
1301 707 1639 777 describens,
1686 713 1837 770 circa
1864 714 1941 771 fa-

353 794 471 853 cies
486 803 543 851 et
570 797 759 852 media
787 809 842 852 et
868 798 1035 868 pedes
1057 811 1248 854 eorum
1290 799 1686 870 iunponit=alas,
1716 803 1938 860 univer-

350 884 545 942 saliter
581 885 815 942 volalrile
852 903 1041 968 eorum
1071 888 1372 955 insinuans,
1406 889 1772 968 largissimum
1801 894 1856 951 in
1885 895 1938 950 id

348 975 497 1049 quod
516 991 651 1033 vere
673 988 757 1032 est
779 965 1108 1049 anagogicae
1130 979 1371 1036 virtutis.
1395 979 1454 1037 Si
1484 990 1667 1038 autem
1687 965 1860 1057 iacies
1884 991 1941 1039 et

348 1066 516 1140 pedes
564 1075 773 1149 tegunt,
800 1076 859 1123 et
903 1069 1034 1149 solis
1079 1070 1264 1126 volant
1309 1072 1659 1138 mediis'alis,
1698 1074 1938 1149 intelligi:

348 1170 526 1223 sacro,
553 1143 695 1228 quia
712 1166 920 1213 tantum
942 1148 1814 1217 esaltatus‘excellentissimarum
1845 1143 1935 1219 es-

346 1250 648 1308 sentiantur
675 1253 811 1309 ordo
860 1253 1083 1309 timidus
1122 1266 1208 1311 εει
1263 1256 1412 1311 circa
1456 1255 1937 1329 intelligentiarum

342 1340 673 1412 eiusaltiora
698 1353 755 1400 et
778 1343 1154 1414 profundiora,
1171 1347 1433 1402 etmediis
1452 1346 1555 1402 alis
1578 1348 1629 1401 in
1656 1364 1937 1405 commen—

336 1434 624 1492 suratione
650 1434 717 1490 ad
746 1434 986 1491 divinam
1016 1436 1278 1494 visionem
1307 1437 1601 1503 exaltatur,
1628 1437 1937 1509 divinis'ju-

334 1528 430 1602 «gis
479 1542 792 1599 supponens
832 1529 1106 1599 propriam
1154 1529 1347 1597 vitam,
1378 1539 1436 1586 et
1483 1532 1553 1586 ab
1591 1532 1720 1603 ipsis
1747 1541 1938 1588 sancte

342 1618 586 1676 directus
613 1620 682 1677 ad
722 1620 923 1677 suimet
964 1621 1352 1693 cognitionem.
1384 1622 1540 1693 Quod
1592 1633 1775 1681 autem
1824 1624 1940 1681 elo-

342 1710 490 1781 quiis
524 1710 731 1767 dictum
757 1720 862 1778 est,
892 1711 1078 1776 veluti,
1112 1713 1386 1769 clamabat
1416 1714 1556 1769 alter
1582 1715 1650 1770 ad
1676 1715 1935 1779 alterum,

2042 536 2145 594 hoc
2183 536 2366 597 divino
2410 550 2466 595 et
2512 540 2907 627 potentissimo
2934 546 3217 610 descensu,
3279 549 3349 604 in.
3391 562 3624 621 mortem

2042 628 2195 708 Idam
2228 629 2384 701 juxta
2413 633 2683 689 occultum
2727 634 3000 707 eloquium
3040 639 3361 710 baptizatos,
3406 658 3474 700 ex
3499 660 3627 701 cor-

2031 721 2343 791 rumpentis
2421 723 2615 780 mortis
2687 728 2857 783 veteri
2930 730 3282 799 absorptione
3366 733 3627 793 divinitus

2040 824 2426 883 emergentem,
2453 823 2511 871 et
2536 828 2882 874 renovantem
2913 820 2981 875 'a'd
3002 820 3239 878 divinam
3268 832 3324 879 et
3346 835 3625 883 aeternam

2036 904 2468 963 subsistendum.
2516 904 2626 964 Sed
2673 920 2728 965 et
2782 911 2900 981 ipso
2948 913 3264 983 perficiente
3320 918 3627 975 sacratissi-

2040 1007 2184 1049 mam
2230 994 2452 1051 divinae
2496 997 2861 1067 generaiionis
2898 1001 3140 1068 teletam,
3186 1003 3356 1061 divini
3401 1007 3628 1077 spiritus

2029 1086 2494 1155 superadventum
2524 1092 2782 1161 unguenti
2838 1094 3005 1161 donat
3048 1099 3476 1156 consummativa
3519 1118 3625 1158 uu-

2036 1177 2173 1240 etio,
2210 1169 2694 1249 «ﬁliaracterizante,
2720 1190 2779 1237 ut
2807 1156 3055 1250 aestimo,
3087 1191 3243 1244 sacra
3260 1183 3625 1262 symbOlorum

2041 1266 2366 1351 imaginaria
2398 1270 2758 1341 descriptione
2789 1273 2999 1345 abipr
3012 1284 3247 1349 propter
3267 1272 3388 1337 ’nos
3428 1282 3626 1340 huma-

2040 1357 2187 1414 nitus
2245 1358 2430 1415 divino
2479 1360 2671 1433 spiritu
2716 1360 3069 1431 sanetiﬂcati,
3128 1369 3447 1427 immutabili
3498 1375 3621 1429 sub.

2040 1450 2313 1507 stantialis
2370 1451 2672 1510 divinitatis
2720 1455 2950 1524 ltabitu‘,
3005 1458 3401 1518 diviniSsimum
3466 1466 3630 1534 spiri-

2042 1550 2154 1595 tum
2182 1540 2461 1597 donatmn.
2493 1543 2559 1598 Et
2589 1544 2692 1600 hoc
2736 1545 3036 1627 ierarcltice
3069 1548 3343 1625 'lutetlige,
3388 1554 3517 1625 quia
3570 1566 3627 1611 et

2040 1631 2208 1687 divini
2235 1630 2426 1687 altaris
2448 1642 2662 1689 sacram
2700 1638 3225 1696 consummationem
3257 1645 3627 1702 sanctissima-

2041 1736 2163 1777 rum
2200 1721 2519 1779 hostiarum
2590 1723 2867 1798 'legislatio
2938 1717 3298 1789 sacratissimi
3368 1735 3640 1807 unguenti

343 1800 491 1858 istud
537 1802 767 1858 aestimo
795 1802 1262 1875 declarare,-quia
1312 1804 1328 1836 '
1359 1803 1589 1860 deividis
1630 1805 1748 1862 suis
1777 1804 1936 1861 intel-
1968 1793 2013 1854 Β
2041 1811 2254 1884 perﬁcit
2286 1793 3046 1877 sanctissimis'eﬂ‘usionibus.
3086 1820 3183 1879 Est
3212 1830 3394 1881 autem
3428 1793 3625 1896 super-

340 1896 585 1968 ligentiis
627 1896 729 1952 sibi
759 1896 991 1969 invicem
1021 1897 1240 1967 cepiose
1270 1899 1511 1953 tradunt.
1543 1898 1612 1953 Et
1638 1899 1741 1953 hoc
1774 1912 1931 1954 sacra
2025 1902 2371 1961 caelestiset
2408 1909 2883 1978 superessentialis
2924 1911 3155 1978 theoria,
3184 1916 3365 1970 omnis
3400 1914 3624 1972 deiﬁca-

339 1992 564 2063 dignum
586 1978 956 2062 indicavimus
984 1992 1268 2055 ntemoria,
1294 1991 1568 2062 quomodo
1589 1990 1933 2062 eioquiorum
2036 1992 2200 2049 tionis
2263 2001 2480 2051 nostrae
2527 2005 2595 2052 et
2664 1998 3112 2059 sanctiﬁcationis
3173 2004 3500 2077 principium
3569 2013 3627 2063 et

337 2083 765 2149 Hebraea‘vox,
807 2081 965 2153 juxta
1016 2083 1411 2157 intelligibilem
1458 2084 1929 2146 nominationem,

336 2183 501 2230 vorat
553 2173 930 2230 sanctissimas
972 2173 1263 2245 Seraphim
1306 2175 1588 2237 essentias.
1626 2191 1695 2232 ex
1751 2177 1865 2246 ipsa
1907 2177 1930 2209 ’

337 2266 639 2322 secundum
693 2266 935 2322 divinam
990 2278 1045 2321 et
1083 2266 1483 2322 immutabilem
1532 2266 1700 2322 vitam
1742 2265 1932 2338 perﬂa—

336 2356 571 2429 grantia.
604 2355 722 2411 Dixi
755 2371 905 2429 ergo,
927 2364 988 2412 ut
1014 2372 1155 2428 quae
1180 2356 1549 2414 Hebraeorum
1571 2367 1720 2423 sunt,
1767 2358 1931 2415 inter”

337 2450 623 2518 pretantes-
668 2446 841 2512 aiunt,
880 2447 1205 2504 divinissimi
1259 2446 1547 2520 Scrapltim
1574 2449 1829 2506 ardentes
1875 2457 1932 2505 et

320 2538 719 2598 ealel'acientes
732 2557 763 2596 a
784 2541 1052 2614 theologia
1083 2542 1345 2598 nominati
1361 2553 1509 2610 sunt,
1528 2536 1930 2603 manifestativo

333 2633 710 2691 substantialis
741 2650 927 2691 eorum
960 2636 1191 2695 babitus
1222 2636 1470 2704 nomine,
1511 2638 1790 2709 divinique
1823 2654 1928 2695 un-

331 2727 520 2795 guenti
560 2726 717 2798 juxta
751 2728 1105 2800 symbolieam
1153 2728 1449 2801 imaginum
1486 2728 1927 2799 descriptionem

331 2818 571 2875 motivas
594 2815 859 2878 habentes
876 2820 1125 2883 virtutes,
1158 2820 1212 2876 in
1240 2819 1734 2879 manifestationem
1758 2823 1927 2894 ipsius

331 2920 390 2965 et
430 2918 556 2967 actu
582 2909 811 2967 aliorum
859 2926 1121 2983 vaporum
1150 2912 1924 2972 distributionemevocantes.

328 2999 452 3072 Ipsa
496 3000 644 3056 enim
673 3016 838 3072 super
887 3000 1222 3057 intellectum
1267 3017 1438 3058 suave
1489 3005 1644 3060 olens
1681 3006 1927 3063 essentia

331 3094 403 3151 ab
428 3094 613 3166 ignitis
630 3103 689 3151 et
727 3095 1124 3167 purgatissimis
1147 3096 1422 3154 mentibus
1450 3096 1504 3153 in
1531 3098 1779 3155 notitiam
1802 3113 1923 3177 mo-

328 3184 446 3239 veri
476 3194 644 3251 amat,
677 3194 733 3240 et
774 3184 1142 3259 divinissimas
1176 3198 1307 3243 suas
1338 3188 1720 3259 inspirationes
1748 3189 1803 3245 in
1837 3192 1921 3246 di-

329 3274 557 3331 tissimis
576 3263 1049 3335 distributionibus
1079 3279 1247 3336 donat
1274 3279 1354 3336 sic
1376 3295 1436 3337 se
1480 3284 1925 3352 supermundane

324 3366 705 3424 evocantibus.
736 3367 853 3423 Non
883 3383 1012 3440 ergo
1037 3360 1408 3426 diviniSsimus
1437 3372 1925 3442 supercaelestium

326 3460 693 3518 essentiarum
740 3463 888 3519 ordo.
933 3461 1202 3535 ignoravit
1258 3464 1656 3523 divinissimum
1712 3467 1924 3524 intelle-

326 3559 477 3610 ctum
505 3553 560 3608 in
598 3554 1049 3609 sanctiﬁcanduni
1076 3554 1518 3610 descendentem.
1552 3553 1808 3627 lntelligit
1828 3572 1925 3612 au-

322 3651 439 3700 tem
493 3661 617 3701 eum
656 3661 813 3702 sacre
872 3644 926 3701 in
974 3646 1078 3711 his,
1127 3661 1247 3716 qure
1293 3645 1591 3703 secundum
1638 3661 1738 3705 nos
1772 3656 1920 3715 sunt,

262 3771 269 3778 ο
325 3734 567 3808 seipsum
620 3737 643 3769 ³
700 3737 1077 3809 subjicicntem
1100 3722 1235 3810 'pcr
1293 3738 1532 3793 divinam
1610 3748 1668 3794 et
1729 3737 1923 3795 inetia-

324 3827 490 3884 bilem
541 3828 868 3895 bonitatem,
921 3840 977 3886 et
1029 3844 1059 3884 a
1106 3830 1268 3886 Patre
1314 3846 1447 3895 suo,
1501 3838 1558 3885 et
1618 3846 1651 3885 ει
1714 3829 1921 3902 Spiritu

324 3920 644 3977 humanitus
729 3923 1150 3985 sanctiﬁcatum.
1235 3924 1523 3995 Aspiciens
1585 3939 1716 3981 vero
1789 3940 1920 3996 pro-

323 4013 507 4085 prium
559 4014 708 4071 novit
761 4016 1111 4086 principium,
1183 4015 1239 4071 in
1307 4016 1721 4088 quibuscunque
1785 4017 1922 4074 divi-

323 4103 475 4159 nitus
520 4104 656 4176 agit,
714 4105 1010 4161 secundum
1059 4106 1353 4166 essentiam
1399 4106 1660 4163 mutabile
1709 4107 1918 4165 haben-

325 4203 457 4250 tem.
519 4194 644 4250 Inde
701 4211 980 4252 sacrorum
1055 4196 1427 4269 symbolarum
1482 4198 1726 4269 traditio,
1788 4216 1918 4256 san-

323 4284 564 4343 ctiticato
617 4286 808 4342 dirino
880 4296 1158 4359 unguento
1222 4287 1504 4359 Seraphim
1572 4289 1917 4358 circumdat,

323 4375 826 4434 incommutabilem
854 4378 1047 4434 videns
1074 4386 1130 4433 et
1175 4378 1492 4437 describens
1537 4379 1816 4437 Christum
1862 4381 1919 4438 id

321 4481 409 4533 ea,
432 4484 555 4539 qua:
578 4470 879 4525 secundum
901 4486 1000 4526 nos
1015 4479 1119 4535 est,
1135 4471 1427 4527 universali
1443 4471 1512 4528 ad
1529 4473 1811 4531 veritatem
1836 4474 1919 4529 in-

246 4564 254 4570 ’
320 4559 732 4617 humanatione.
750 4562 814 4617 Et
829 4562 1006 4617 adhuc
1027 4562 1286 4627 divinius,
1306 4563 1433 4633 quia
1452 4572 1731 4636 unguento
1749 4566 1925 4647 utitur

320 4647 641 4707 ad‘omnis
682 4651 849 4708 divini
906 4651 1314 4723 perfectionem,
1373 4663 1561 4723 aperte
1605 4656 1955 4737 ostendens“;

313 4743 472 4814 juxta
512 4742 813 4814 eloquium,
866 4745 1298 4800 sanetiticantem
1352 4744 1923 4812 sanetilicatum,tan-

312 4848 483 4906 quam
534 4849 750 4907 semper
798 4836 973 4906 ipsum
1022 4837 1346 4893 existentem
1395 4836 1577 4905 seipse
1620 4840 1919 4895 secundum

317 4942 540 4985 omnem
595 4928 833 4984 divinam
886 4928 1328 4985 beneﬁcentiam.
1382 4928 1611 5000 Propter
1657 4931 1806 5000 quod
1860 4941 1919 4989 ct

315 5034 510 5078 sacrae
551 5020 768 5078 divinae
824 5022 1195 5093 generationis
1243 5023 1537 5092 perte-clivo
1593 5026 1817 5082 donatio
1860 5036 1918 5081 et

315 5117 495 5189 gratia
520 5116 574 5173 in
596 5119 853 5188 unguenti
879 5117 1165 5189 perﬁcitur
1183 5119 1539 5177 divinissimis
1565 5136 1912 5178 consmnma-

252 5202 257 5206 ’
318 5203 578 5261 tionibus.
609 5204 756 5275 Inde.
787 5215 850 5261 ut
896 5208 1150 5273 aestimo,
1190 5217 1246 5263 et
1274 5211 1561 5279 purgativo
1592 5210 1912 5281 baptisterio

317 5307 652 5368 unguentum
716 5299 770 5377 in
827 5297 1255 5370 cruciformibus
1302 5301 1565 5374 symbolis
1620 5304 1912 5360 infundens

316 5399 566 5444 summus
588 5394 860 5459 sacerdos,
897 5408 1065 5464 super
1089 5404 1444 5465 conspectum
1464 5435 1471 5442 .
1488 5395 1637 5452 ducit
1664 5405 1911 5451 contem-

316 5473 537 5548 plativis
548 5479 741 5537 oculis.
761 5496 936 5554 usque
961 5484 1124 5539 etiam
1147 5498 1301 5539 suam
1318 5493 1547 5541 mortem
1571 5499 1670 5556 per
1688 5500 1906 5540 crucem

1506 5651 1512 5657 .
1569 5577 1826 5634 VARlAE
1862 5573 2265 5634 LECTIONES.

389 5681 409 5717 ¹
444 5668 545 5740 Ml
562 5685 724 5740 quod.

830 5688 850 5720 ³
879 5705 943 5744 ea:
965 5689 1078 5760 ipsa
1116 5705 1227 5745 om.
1252 5688 1314 5747 Ε.

317 5746 432 5808 Βιι.
507 5746 642 5811 ⁶ΒΗ
676 5772 814 5827 quae

925 5761 943 5794 ν
976 5760 1042 5816 sit
1072 5776 1181 5817 om.
1207 5761 1319 5818 BH.

1419 5690 1442 5725 ³
1461 5691 1683 5764 “ipsum
1730 5709 1839 5749 om.
1869 5690 1983 5749 ΒΗ.

2032 2084 2270 2139 essentia
2298 2094 2353 2142 et
2382 2085 2682 2156 perfectiva
2717 2087 2908 2145 virtus.
2951 2088 3009 2147 Si
3051 2092 3197 2147 extim
3240 2102 3328 2149 est
3352 2092 3628 2152 divinlssi-

2033 2187 2179 2229 mum
2219 2184 2469 2231 nostrum
2498 2176 2673 2233 altare
2708 2176 2870 2236 Iesus
2900 2180 3216 2254 principalis
3251 2183 3434 2240 divina
3483 2180 3627 2241 divi-

2033 2279 2227 2320 norum
2274 2266 2844 2336 animorumroblatib,
2899 2272 2953 2326 in
2994 2287 3102 2343 quo
3140 2273 3296 2345 juxta
3347 2274 3624 2348 eloquium

2032 2357 2196 2414 oblati
2217 2367 2275 2414 et
2288 2359 2516 2432 mystice
2532 2360 2982 2419 holocaustomati
2995 2379 3275 2435 accessum
3292 2365 3565 2425 trahemus
3576 2367 3622 2435 ⁸,

2031 2452 2485 2523 supermundanis
2538 2455 2715 2513 oculis
2756 2456 3079 2515 videbimus
3125 2458 3303 2530 ipsum
3350 2456 3629 2517 divinissi-

2029 2547 2181 2598 mum
2208 2543 2401 2608 altare,
2427 2544 2493 2601 in
2518 2560 2629 2617 quo
2654 2534 2899 2616 perfecta
2941 2548 3300 2620 perﬁciuntur
3321 2559 3375 2606 et
3403 2552 3622 2608 sancti-

2028 2633 2285 2700 ticantur,
2330 2636 2405 2691 ab
2447 2635 2567 2706 ipso
2611 2636 2953 2695 divinissimo
2997 2649 3274 2713 unguento
3296 2638 3621 2713 perfectum.

2030 2724 2348 2798 Sanctiﬁcat
2389 2728 2548 2784 enim
2598 2742 2700 2799 pro
2742 2728 2902 2786 nobis
2945 2729 3185 2802 seipsum
3245 2731 3624 2792 sanctissimus

2029 2815 2207 2883 Iesus,
2258 2827 2323 2874 'et
2379 2819 2529 2877 omni
2584 2835 2685 2877 nos
2743 2820 3178 2881 sanctiﬁcatione
3231 2825 3403 2896 replet
3446 2824 3505 2882 in
3560 2838 3623 2891 se

2028 2907 2421 2978 perfectionum
2437 2909 2831 2981 dispensatorie
2857 2911 2913 2968 in
2937 2927 3039 2969 nos
3068 2921 3326 2987 tanquam
3349 2913 3623 2987 Deogeni-

2032 3008 2116 3057 tos
2136 3002 2202 3057 de
2235 3010 2420 3059 cetero
2444 3004 2675 3075 benigne
2696 3004 3158 3062 descendentium.
3186 3005 3335 3074 lude,
3364 3008 3616 3075 aestimo,

2029 3091 2327 3165 secundum
2373 3091 2710 3150 intellectum
2789 3094 3152 3153 ierarcbicum
3200 3096 3315 3154 Deo
3361 3097 3619 3156 traditum

2031 3181 2198 3237 divini
2223 3192 2445 3239 nostrae
2479 3184 2783 3242 lerarchiac
2818 3187 2987 3244 duces
3031 3186 3439 3258 pudicissimam
3471 3191 3622 3250 hanc

2030 3274 2323 3347 ierurgiam
2382 3267 2638 3348 unguenti
2691 3278 2914 3335 teletam
2960 3294 3030 3336 ex
3090 3280 3339 3352 perfecto
3396 3286 3622 3341 actuose

2028 3369 2331 3433 nominant,
2401 3376 2659 3439 tauquam
2703 3370 2752 3427 si
2799 3371 2924 3443 quis
2977 3370 3176 3431 dixerit
3224 3373 3321 3430 Dei
3370 3374 3617 3441 teletam,

2026 3467 2260 3528 utroque
2298 3458 2570 3515 intellectu
2610 3460 2854 3518 divinam
2898 3462 3068 3533 ipsius
3094 3462 3396 3534 perfectam
3426 3473 3623 3538 opera-

2023 3551 2230 3607 tionem
2270 3551 2572 3609 landantes.
2613 3552 2709 3608 Est
2752 3554 2900 3610 enim
2944 3555 3114 3626 ipsius
3145 3556 3358 3623 hostia,
3394 3567 3451 3614 et
3487 3574 3619 3631 pro-

2028 3652 2150 3714 pter
2184 3659 2284 3699 nos
2320 3644 2634 3700 humanitus
2686 3646 3040 3710 sanctillcari,
3090 3656 3148 3703 et
3190 3645 3386 3704 deifice
3434 3650 3617 3704 omnia

2016 3734 2319 3807 perlicere,
2364 3744 2421 3789 et
2471 3735 2815 3793 sanetilicare
2877 3735 3139 3807 perfecta.
3189 3737 3439 3793 Divinum
3485 3752 3620 3797 vero

2026 3824 2140 3883 Deo
2183 3826 2623 3898 acceptabilium
2686 3827 3045 3899 inspiratione
3088 3829 3413 3895 melodema,
3467 3830 3622 3888 aiunt

2024 3920 2117 3991 qui
2146 3920 2169 3954 ⁸
2210 3919 2575 3978 Hebraeorum
2611 3930 2738 3977 sunt
2769 3922 3025 3987 scientes,
3054 3921 3173 3978 laus
3196 3921 3290 3978 Dei
3314 3923 3618 3990 declarant,

2025 4021 2119 4067 aut
2144 4012 2370 4068 laudare
2398 4011 2705 4067 Dominum.
2738 4011 2930 4069 Totius
2978 4014 3141 4086 igitur
3183 4024 3404 4071 sanctae
3459 4017 3617 4073 then-

2024 4104 2262 4174 pbaniae
2302 4110 2359 4158 et
2398 4103 2697 4159 ereationis
2741 4104 2795 4158 in
2833 4104 2987 4159 varia
3019 4106 3408 4176 compositione
3450 4106 3620 4164 ierar-

1986 4236 1995 4241 -
2025 4194 2304 4249 clticorum
2336 4194 2703 4265 symbolorum
2753 4194 2909 4250 sacre
2937 4196 3261 4267 descriptae,
3292 4206 3400 4253 non
3425 4198 3618 4254 incon-

2022 4286 2248 4342 veniens
2258 4294 2345 4342 est
2362 4286 2634 4342 recordari
2650 4286 2761 4343 Deo
2772 4297 2974 4343 motam
2991 4289 3373 4358 prepbetarum
3390 4288 3619 4362 hymno-

2027 4379 2243 4452 legium.
2276 4380 2442 4435 Docet
2474 4381 2620 4435 enim
2648 4388 2702 4435 et
2727 4389 2877 4436 caste
2904 4382 3143 4437 simulet
3186 4382 3464 4449 divinitus,
3495 4382 3617 4439 lau-

2030 4470 2185 4527 dibus
2205 4469 2577 4541 sacrisdignas
2589 4478 2709 4525 esSe
2723 4471 2935 4526 divinas
2956 4473 3216 4527 actiones.
3236 4471 3378 4529 llaec
3399 4474 3616 4544 quidem

2029 4564 2347 4620 divinissimi
2381 4564 2639 4631 unguenti
2680 4562 2921 4633 perfecta
2965 4566 3209 4634 operatio
3236 4573 3341 4621 est.
3364 4563 3618 4627 Tempus

2029 4663 2210 4709 autem
2254 4652 2510 4708 fortassis
2539 4637 2614 4723 sit
2637 4649 2691 4716 ',
2733 4662 2852 4721 post
2900 4652 3113 4709 divmas
3151 4666 3338 4711 sacras
3374 4656 3617 4711 actiones

2030 4746 2176 4817 ipsas
2199 4759 2472 4817 exponere
2511 4745 2878 4801 sacerdotales
2917 4742 3287 4802 ordinationes
3312 4756 3375 4803 et
3408 4758 3616 4817 partes,
3688 4752 3693 4757 ’

2029 4837 2363 4907 virtutesque
2384 4850 2566 4891 earutr.
2595 4845 2651 4890 et
2674 4836 3020 4906 operatiooes
3031 4843 3085 4890 et
3099 4838 3613 4902 consummationes,

2025 4938 2084 4984 et
2123 4944 2287 4999 super
2315 4929 2413 4981 has
2442 4925 2765 4983 Trinitatem
2792 4927 3289 4997 supertirmantium
3337 4928 3613 4993 ordinum,

2028 5033 2319 5091 utcumque
2345 5020 2717 5076 demonstrata
2761 5020 2834 5075 sit
2853 5019 3150 5075 secundum
3183 5034 3284 5075 nos
3308 5018 3616 5076 lerarcltiae

2025 5112 2328 5183 dispositio,
2345 5111 2712 5166 inordinatum
2734 5112 2953 5181 quidem
2975 5122 3031 5167 et
3053 5112 3359 5167 inornatum
3385 5118 3441 5168 et
3458 5129 3610 5168 eom-

2019 5205 2249 5260 mixtum
2274 5203 2421 5258 clare
2451 5192 2812 5273 distinguens,
2846 5202 3059 5273 replens
3110 5217 3238 5257 vero
3280 5213 3531 5259 ornatum
3559 5215 3615 5262 et

2017 5296 2328 5351 ordinatum
2356 5303 2411 5349 et
2439 5293 2580 5349 bene
2607 5294 2898 5356 ﬁrmatum,
2928 5292 2981 5346 in
3007 5291 3140 5360 ipsis
3166 5306 3265 5362 per
3284 5307 3345 5349 se
3377 5293 3612 5363 seipsam

2020 5389 2374 5444 manifestans
2397 5397 2711 5445 sanctorum
2738 5386 2989 5442 ordinum
3040 5385 3320 5457 analngiis.
3345 5384 3414 5443 Et
3434 5388 3612 5444 omnis

2019 5482 2237 5551 quidem
2265 5480 2571 5536 lerarcbiae
2586 5488 2737 5534 terna
2746 5480 2882 5536 riam
2898 5475 3283 5545 divisionemin
3300 5478 3434 5549 ipsis
3439 5478 3552 5551 jam
3576 5495 3608 5534 a

2080 5691 2101 5724 ⁸
2132 5691 2200 5747 Et
2238 5692 2413 5749 adhuc
2440 5723 2509 5735 —-
2539 5697 2709 5751 utitur
2728 5694 2798 5750 ad
2825 5706 2930 5749 om.
2960 5690 3073 5749 BH.
3177 5693 3198 5726 ³
3222 5692 3470 5751 habemus
3493 5709 3601 5764 orn,
