  <div class='ocr_page' id='page_1' title='image "/cluster/home/n/w/nwhite01/storage/ocr_20150623/122/uva.x000503459/587.png"; bbox 0 0 4210 6242; ppageno 0'>
   <div class='ocr_carea' id='block_1_1' title="bbox 472 14 1563 39">
    <p class='ocr_par' dir='ltr' id='par_1_1' title="bbox 472 14 1563 39">
     <span class='ocr_line' id='line_1_1' title="bbox 472 14 1563 39; baseline 0.002 -6"><span class='ocrx_word' id='word_1_1' title='bbox 472 24 491 33; x_wconf 67' lang='grc' dir='ltr'><strong>η.</strong></span> <span class='ocrx_word' id='word_1_2' title='bbox 502 16 639 39; x_wconf 59' lang='grc' dir='ltr'><strong>.-ι-ιη</strong></span> <span class='ocrx_word' id='word_1_3' title='bbox 652 14 1563 39; x_wconf 55' lang='grc' dir='ltr'><strong>Γ-ῗτᾙΜ-κωιι-ε-ι--η-</strong></span> 
     </span>
    </p>
   </div>
   <div class='ocr_carea' id='block_1_2' title="bbox 676 312 813 370">
    <p class='ocr_par' dir='ltr' id='par_1_2' title="bbox 676 312 813 370">
     <span class='ocr_line' id='line_1_2' title="bbox 676 312 813 370; baseline 0 -1"><span class='ocrx_word' id='word_1_4' title='bbox 676 312 813 370; x_wconf 78' lang='grc'><strong>1095</strong></span> 
     </span>
    </p>
   </div>
   <div class='ocr_carea' id='block_1_3' title="bbox 2061 307 2578 369">
    <p class='ocr_par' dir='ltr' id='par_1_3' title="bbox 2061 307 2578 369">
     <span class='ocr_line' id='line_1_3' title="bbox 2061 307 2578 369; baseline -0.002 -2"><span class='ocrx_word' id='word_1_5' title='bbox 2061 307 2344 367; x_wconf 72' lang='lat' dir='ltr'><strong>JOANNIS</strong></span> <span class='ocrx_word' id='word_1_6' title='bbox 2380 309 2578 369; x_wconf 81' lang='lat' dir='ltr'><strong>SCOTl</strong></span> 
     </span>
    </p>
   </div>
   <div class='ocr_carea' id='block_1_4' title="bbox 2554 226 2576 253">
    <p class='ocr_par' dir='ltr' id='par_1_4' title="bbox 2554 226 2576 253">
     <span class='ocr_line' id='line_1_4' title="bbox 2554 226 2576 253; baseline 0 0"><span class='ocrx_word' id='word_1_7' title='bbox 2554 226 2576 253; x_wconf 71' lang='grc' dir='ltr'><strong>ι</strong></span> 
     </span>
    </p>
   </div>
   <div class='ocr_carea' id='block_1_5' title="bbox 3280 286 3449 310">
    <p class='ocr_par' dir='ltr' id='par_1_5' title="bbox 3280 286 3449 310">
     <span class='ocr_line' id='line_1_5' title="bbox 3280 286 3449 310; baseline -0.006 -17"><span class='ocrx_word' id='word_1_8' title='bbox 3280 305 3286 310; x_wconf 27' lang='grc' dir='ltr'><strong><em>η</em></strong></span> <span class='ocrx_word' id='word_1_9' title='bbox 3339 286 3449 302; x_wconf 43' lang='grc' dir='ltr'><strong>θ..-</strong></span> 
     </span>
    </p>
   </div>
   <div class='ocr_carea' id='block_1_6' title="bbox 3821 297 3964 361">
    <p class='ocr_par' dir='ltr' id='par_1_6' title="bbox 3821 297 3964 361">
     <span class='ocr_line' id='line_1_6' title="bbox 3821 297 3964 361; baseline 0.007 -1"><span class='ocrx_word' id='word_1_10' title='bbox 3821 297 3964 361; x_wconf 71' lang='lat'><strong>1096</strong></span> 
     </span>
    </p>
   </div>
   <div class='ocr_carea' id='block_1_7' title="bbox 666 417 3962 493">
    <p class='ocr_par' dir='ltr' id='par_1_7' title="bbox 666 417 3962 493">
     <span class='ocr_line' id='line_1_7' title="bbox 666 417 3962 493; baseline -0.004 -7"><span class='ocrx_word' id='word_1_11' title='bbox 666 426 830 487; x_wconf 84' lang='lat' dir='ltr'><strong>nobis</strong></span> <span class='ocrx_word' id='word_1_12' title='bbox 855 424 1089 483; x_wconf 84' lang='lat' dir='ltr'><strong>laudatis</strong></span> <span class='ocrx_word' id='word_1_13' title='bbox 1139 425 1446 489; x_wconf 75' lang='lat' dir='ltr'><strong>lerarchits,</strong></span> <span class='ocrx_word' id='word_1_14' title='bbox 1491 433 1546 478; x_wconf 93' lang='lat' dir='ltr'><strong>ut</strong></span> <span class='ocrx_word' id='word_1_15' title='bbox 1572 421 1819 490; x_wconf 84' lang='lat' dir='ltr'><strong>aestimo,</strong></span> <span class='ocrx_word' id='word_1_16' title='bbox 1842 420 1983 479; x_wconf 78' lang='lat' dir='ltr'><strong>bene</strong></span> <span class='ocrx_word' id='word_1_17' title='bbox 2010 422 2262 493; x_wconf 80' lang='lat' dir='ltr'><strong>exposui-</strong></span> <span class='ocrx_word' id='word_1_18' title='bbox 2290 426 2341 488; x_wconf 73' lang='grc' dir='ltr'><strong>Α</strong></span> <span class='ocrx_word' id='word_1_19' title='bbox 2367 422 2569 478; x_wconf 86' lang='lat' dir='ltr'><strong>virtute</strong></span> <span class='ocrx_word' id='word_1_20' title='bbox 2598 462 2614 490; x_wconf 87' lang='lat'><strong>,</strong></span> <span class='ocrx_word' id='word_1_21' title='bbox 2658 428 2715 478; x_wconf 91' lang='lat' dir='ltr'><strong>et</strong></span> <span class='ocrx_word' id='word_1_22' title='bbox 2762 419 2943 476; x_wconf 86' lang='lat' dir='ltr'><strong>divina</strong></span> <span class='ocrx_word' id='word_1_23' title='bbox 2996 417 3245 493; x_wconf 76' lang='lat' dir='ltr'><strong>analogia</strong></span> <span class='ocrx_word' id='word_1_24' title='bbox 3297 418 3566 491; x_wconf 74' lang='lat' dir='ltr'><strong>praevisa,</strong></span> <span class='ocrx_word' id='word_1_25' title='bbox 3612 425 3668 474; x_wconf 89' lang='lat' dir='ltr'><strong>et</strong></span> <span class='ocrx_word' id='word_1_26' title='bbox 3713 418 3962 475; x_wconf 87' lang='lat' dir='ltr'><strong>unmium</strong></span> 
     </span>
    </p>
   </div>
   <div class='ocr_carea' id='block_1_8' title="bbox 677 513 4034 593">
    <p class='ocr_par' dir='ltr' id='par_1_8' title="bbox 677 513 4034 593">
     <span class='ocr_line' id='line_1_8' title="bbox 677 513 4034 593; baseline -0.001 -20"><span class='ocrx_word' id='word_1_27' title='bbox 677 533 820 584; x_wconf 87' lang='lat' dir='ltr'><strong>mus,</strong></span> <span class='ocrx_word' id='word_1_28' title='bbox 843 514 1110 581; x_wconf 87' lang='lat' dir='ltr'><strong>dicentes,</strong></span> <span class='ocrx_word' id='word_1_29' title='bbox 1135 515 1391 586; x_wconf 85' lang='lat' dir='ltr'><strong>quoniam</strong></span> <span class='ocrx_word' id='word_1_30' title='bbox 1422 513 1718 573; x_wconf 86' lang='lat' dir='ltr'><strong>secundum</strong></span> <span class='ocrx_word' id='word_1_31' title='bbox 1738 528 1838 569; x_wconf 89' lang='lat' dir='ltr'><strong>nos</strong></span> <span class='ocrx_word' id='word_1_32' title='bbox 1866 528 2019 570; x_wconf 86' lang='lat' dir='ltr'><strong>saera</strong></span> <span class='ocrx_word' id='word_1_33' title='bbox 2043 513 2265 573; x_wconf 88' lang='lat' dir='ltr'><strong>traditio</strong></span> <span class='ocrx_word' id='word_1_34' title='bbox 2366 516 2509 593; x_wconf 74' lang='lat' dir='ltr'><strong>bono</strong></span> <span class='ocrx_word' id='word_1_35' title='bbox 2534 526 2753 581; x_wconf 84' lang='lat' dir='ltr'><strong>ornatu,</strong></span> <span class='ocrx_word' id='word_1_36' title='bbox 2812 524 2867 570; x_wconf 88' lang='lat' dir='ltr'><strong>et</strong></span> <span class='ocrx_word' id='word_1_37' title='bbox 2918 515 3218 572; x_wconf 87' lang='lat' dir='ltr'><strong>secundum</strong></span> <span class='ocrx_word' id='word_1_38' title='bbox 3270 514 3519 569; x_wconf 81' lang='lat' dir='ltr'><strong>ordinem</strong></span> <span class='ocrx_word' id='word_1_39' title='bbox 3566 520 3966 589; x_wconf 9' lang='lat' dir='ltr'><strong>compacta‘et</strong></span> <span class='ocrx_word' id='word_1_40' title='bbox 4031 528 4034 531; x_wconf 54' lang='grc' dir='ltr'>λ</span> 
     </span>
    </p>
   </div>
   <div class='ocr_carea' id='block_1_9' title="bbox 663 603 2261 672">
    <p class='ocr_par' dir='ltr' id='par_1_9' title="bbox 663 603 2261 672">
     <span class='ocr_line' id='line_1_9' title="bbox 663 603 2261 672; baseline -0.003 -9"><span class='ocrx_word' id='word_1_41' title='bbox 663 607 862 672; x_wconf 90' lang='lat' dir='ltr'><strong>.habet,</strong></span> <span class='ocrx_word' id='word_1_42' title='bbox 893 621 1112 662; x_wconf 87' lang='lat' dir='ltr'><strong>omnem</strong></span> <span class='ocrx_word' id='word_1_43' title='bbox 1140 605 1495 661; x_wconf 88' lang='lat' dir='ltr'><strong>ierarchicam</strong></span> <span class='ocrx_word' id='word_1_44' title='bbox 1523 604 1864 661; x_wconf 86' lang='lat' dir='ltr'><strong>actionemin</strong></span> <span class='ocrx_word' id='word_1_45' title='bbox 1887 603 2261 661; x_wconf 87' lang='lat' dir='ltr'><strong>sanctissimas</strong></span> 
     </span>
    </p>
   </div>
   <div class='ocr_carea' id='block_1_10' title="bbox 638 690 2263 765">
    <p class='ocr_par' dir='ltr' id='par_1_10' title="bbox 638 690 2263 765">
     <span class='ocr_line' id='line_1_10' title="bbox 638 690 2263 765; baseline -0.004 -7"><span class='ocrx_word' id='word_1_46' title='bbox 638 698 865 758; x_wconf 64' lang='lat' dir='ltr'><strong>xteletas</strong></span> <span class='ocrx_word' id='word_1_47' title='bbox 900 697 1087 765; x_wconf 90' lang='lat' dir='ltr'><strong>dividi,</strong></span> <span class='ocrx_word' id='word_1_48' title='bbox 1118 707 1176 752; x_wconf 90' lang='lat' dir='ltr'><strong>et</strong></span> <span class='ocrx_word' id='word_1_49' title='bbox 1198 698 1409 753; x_wconf 86' lang='lat' dir='ltr'><strong>divinas</strong></span> <span class='ocrx_word' id='word_1_50' title='bbox 1452 712 1642 756; x_wconf 87' lang='lat' dir='ltr'><strong>earum</strong></span> <span class='ocrx_word' id='word_1_51' title='bbox 1682 694 1940 753; x_wconf 86' lang='lat' dir='ltr'><strong>Scientias</strong></span> <span class='ocrx_word' id='word_1_52' title='bbox 1981 706 2037 752; x_wconf 89' lang='lat' dir='ltr'><strong>et</strong></span> <span class='ocrx_word' id='word_1_53' title='bbox 2063 690 2263 752; x_wconf 82' lang='lat' dir='ltr'><strong>doctri-</strong></span> 
     </span>
    </p>
   </div>
   <div class='ocr_carea' id='block_1_11' title="bbox 668 785 2260 857">
    <p class='ocr_par' dir='ltr' id='par_1_11' title="bbox 668 785 2260 857">
     <span class='ocr_line' id='line_1_11' title="bbox 668 785 2260 857; baseline 0 -15"><span class='ocrx_word' id='word_1_54' title='bbox 668 803 792 856; x_wconf 87' lang='lat' dir='ltr'><strong>nas,</strong></span> <span class='ocrx_word' id='word_1_55' title='bbox 820 796 876 844; x_wconf 91' lang='lat' dir='ltr'><strong>et</strong></span> <span class='ocrx_word' id='word_1_56' title='bbox 931 789 1000 843; x_wconf 91' lang='lat' dir='ltr'><strong>ab</strong></span> <span class='ocrx_word' id='word_1_57' title='bbox 1028 788 1159 857; x_wconf 73' lang='lat' dir='ltr'><strong>ipsis</strong></span> <span class='ocrx_word' id='word_1_58' title='bbox 1195 802 1351 843; x_wconf 86' lang='lat' dir='ltr'><strong>sacre</strong></span> <span class='ocrx_word' id='word_1_59' title='bbox 1379 786 1667 857; x_wconf 72' lang='lat' dir='ltr'><strong>perfectos.</strong></span> <span class='ocrx_word' id='word_1_60' title='bbox 1723 785 1839 842; x_wconf 86' lang='lat' dir='ltr'><strong>Non</strong></span> <span class='ocrx_word' id='word_1_61' title='bbox 1866 801 1996 855; x_wconf 81' lang='lat' dir='ltr'><strong>ergo</strong></span> <span class='ocrx_word' id='word_1_62' title='bbox 2025 786 2260 843; x_wconf 85' lang='lat' dir='ltr'><strong>sanctis-</strong></span> 
     </span>
    </p>
   </div>
   <div class='ocr_carea' id='block_1_12' title="bbox 666 877 2260 949">
    <p class='ocr_par' dir='ltr' id='par_1_12' title="bbox 666 877 2260 949">
     <span class='ocr_line' id='line_1_12' title="bbox 666 877 2260 949; baseline 0.001 -17"><span class='ocrx_word' id='word_1_63' title='bbox 666 879 805 939; x_wconf 84' lang='lat' dir='ltr'><strong>sima</strong></span> <span class='ocrx_word' id='word_1_64' title='bbox 835 878 1050 949; x_wconf 78' lang='lat' dir='ltr'><strong>quidem</strong></span> <span class='ocrx_word' id='word_1_65' title='bbox 1093 878 1574 949; x_wconf 89' lang='lat' dir='ltr'><strong>supercaclestium</strong></span> <span class='ocrx_word' id='word_1_66' title='bbox 1604 880 1967 933; x_wconf 87' lang='lat' dir='ltr'><strong>cssentiarnm</strong></span> <span class='ocrx_word' id='word_1_67' title='bbox 1989 877 2260 935; x_wconf 86' lang='lat' dir='ltr'><strong>lerarchia</strong></span> 
     </span>
    </p>
   </div>
   <div class='ocr_carea' id='block_1_13' title="bbox 662 969 2261 1041">
    <p class='ocr_par' dir='ltr' id='par_1_13' title="bbox 662 969 2261 1041">
     <span class='ocr_line' id='line_1_13' title="bbox 662 969 2261 1041; baseline 0.001 -17"><span class='ocrx_word' id='word_1_68' title='bbox 662 969 886 1025; x_wconf 85' lang='lat' dir='ltr'><strong>teletam</strong></span> <span class='ocrx_word' id='word_1_69' title='bbox 916 969 1136 1040; x_wconf 81' lang='lat' dir='ltr'><strong>quidem</strong></span> <span class='ocrx_word' id='word_1_70' title='bbox 1166 969 1331 1025; x_wconf 83' lang='lat' dir='ltr'><strong>habet</strong></span> <span class='ocrx_word' id='word_1_71' title='bbox 1366 970 1662 1025; x_wconf 87' lang='lat' dir='ltr'><strong>secundum</strong></span> <span class='ocrx_word' id='word_1_72' title='bbox 1694 970 1951 1025; x_wconf 75' lang='lat' dir='ltr'><strong>virtutem</strong></span> <span class='ocrx_word' id='word_1_73' title='bbox 1982 969 2261 1041; x_wconf 80' lang='lat' dir='ltr'><strong>propriam</strong></span> 
     </span>
    </p>
   </div>
   <div class='ocr_carea' id='block_1_14' title="bbox 667 1060 2256 1133">
    <p class='ocr_par' dir='ltr' id='par_1_14' title="bbox 667 1060 2256 1133">
     <span class='ocr_line' id='line_1_14' title="bbox 667 1060 2256 1133; baseline 0 -16"><span class='ocrx_word' id='word_1_74' title='bbox 667 1060 764 1118; x_wconf 87' lang='lat' dir='ltr'><strong>Dei</strong></span> <span class='ocrx_word' id='word_1_75' title='bbox 793 1072 850 1117; x_wconf 84' lang='lat' dir='ltr'><strong>et</strong></span> <span class='ocrx_word' id='word_1_76' title='bbox 878 1063 1189 1129; x_wconf 82' lang='lat' dir='ltr'><strong>divinorum</strong></span> <span class='ocrx_word' id='word_1_77' title='bbox 1216 1061 1789 1119; x_wconf 88' lang='lat' dir='ltr'><strong>immaterialissimam</strong></span> <span class='ocrx_word' id='word_1_78' title='bbox 1819 1062 2256 1133; x_wconf 68' lang='lat' dir='ltr'><strong>intelligentiam,</strong></span> 
     </span>
    </p>
   </div>
   <div class='ocr_carea' id='block_1_15' title="bbox 666 1153 2261 1227">
    <p class='ocr_par' dir='ltr' id='par_1_15' title="bbox 666 1153 2261 1227">
     <span class='ocr_line' id='line_1_15' title="bbox 666 1153 2261 1227; baseline 0.001 -18"><span class='ocrx_word' id='word_1_79' title='bbox 666 1162 724 1210; x_wconf 88' lang='lat' dir='ltr'><strong>et</strong></span> <span class='ocrx_word' id='word_1_80' title='bbox 778 1153 1163 1213; x_wconf 80' lang='lat' dir='ltr'><strong>deiformitatis</strong></span> <span class='ocrx_word' id='word_1_81' title='bbox 1196 1154 1591 1227; x_wconf 75' lang='lat' dir='ltr'><strong>integritatem,</strong></span> <span class='ocrx_word' id='word_1_82' title='bbox 1612 1163 1670 1211; x_wconf 89' lang='lat' dir='ltr'><strong>et</strong></span> <span class='ocrx_word' id='word_1_83' title='bbox 1695 1155 1795 1210; x_wconf 72' lang='lat' dir='ltr'><strong>ut1</strong></span> <span class='ocrx_word' id='word_1_84' title='bbox 1826 1154 2110 1225; x_wconf 83' lang='lat' dir='ltr'><strong>possibile,</strong></span> <span class='ocrx_word' id='word_1_85' title='bbox 2151 1155 2261 1211; x_wconf 88' lang='lat' dir='ltr'><strong>Deo</strong></span> 
     </span>
    </p>
   </div>
   <div class='ocr_carea' id='block_1_16' title="bbox 664 1234 2257 1327">
    <p class='ocr_par' dir='ltr' id='par_1_16' title="bbox 664 1234 2257 1327">
     <span class='ocr_line' id='line_1_16' title="bbox 664 1234 2257 1327; baseline -0.001 -24"><span class='ocrx_word' id='word_1_86' title='bbox 664 1245 896 1311; x_wconf 86' lang='lat' dir='ltr'><strong>similem</strong></span> <span class='ocrx_word' id='word_1_87' title='bbox 924 1247 1211 1305; x_wconf 88' lang='lat' dir='ltr'><strong>habitum:</strong></span> <span class='ocrx_word' id='word_1_88' title='bbox 1243 1246 1299 1302; x_wconf 84' lang='lat' dir='ltr'><strong>in</strong></span> <span class='ocrx_word' id='word_1_89' title='bbox 1324 1234 1631 1327; x_wconf 72' lang='lat' dir='ltr'><strong>lucemque</strong></span> <span class='ocrx_word' id='word_1_90' title='bbox 1674 1238 1900 1313; x_wconf 85' lang='lat' dir='ltr'><strong>ducens,</strong></span> <span class='ocrx_word' id='word_1_91' title='bbox 1940 1255 1999 1325; x_wconf 75' lang='lat' dir='ltr'><strong>et</strong></span> <span class='ocrx_word' id='word_1_92' title='bbox 2026 1246 2093 1302; x_wconf 92' lang='lat' dir='ltr'><strong>ad</strong></span> <span class='ocrx_word' id='word_1_93' title='bbox 2135 1256 2257 1302; x_wconf 83' lang='lat' dir='ltr'><strong>san-</strong></span> 
     </span>
    </p>
   </div>
   <div class='ocr_carea' id='block_1_17' title="bbox 660 1331 2260 1419">
    <p class='ocr_par' dir='ltr' id='par_1_17' title="bbox 660 1331 2260 1419">
     <span class='ocr_line' id='line_1_17' title="bbox 660 1331 2260 1419; baseline 0.002 -24"><span class='ocrx_word' id='word_1_94' title='bbox 660 1348 807 1396; x_wconf 80' lang='lat' dir='ltr'><strong>etam</strong></span> <span class='ocrx_word' id='word_1_95' title='bbox 852 1339 1024 1411; x_wconf 89' lang='lat' dir='ltr'><strong>ipsam</strong></span> <span class='ocrx_word' id='word_1_96' title='bbox 1075 1341 1600 1397; x_wconf 81' lang='lat' dir='ltr'><strong>consummationem</strong></span> <span class='ocrx_word' id='word_1_97' title='bbox 1646 1331 1848 1409; x_wconf 82' lang='lat' dir='ltr'><strong>ducens</strong></span> <span class='ocrx_word' id='word_1_98' title='bbox 1872 1343 1894 1374; x_wconf 83' lang='grc'>²</span> <span class='ocrx_word' id='word_1_99' title='bbox 1919 1341 2065 1419; x_wconf 83' lang='lat' dir='ltr'><strong>circa</strong></span> <span class='ocrx_word' id='word_1_100' title='bbox 2090 1342 2260 1398; x_wconf 87' lang='lat' dir='ltr'><strong>Deum</strong></span> 
     </span>
    </p>
   </div>
   <div class='ocr_carea' id='block_1_18' title="bbox 664 1420 2261 1506">
    <p class='ocr_par' dir='ltr' id='par_1_18' title="bbox 664 1420 2261 1506">
     <span class='ocr_line' id='line_1_18' title="bbox 664 1420 2261 1506; baseline -0.001 -17"><span class='ocrx_word' id='word_1_101' title='bbox 664 1434 972 1506; x_wconf 88' lang='lat' dir='ltr'><strong>primitivas</strong></span> <span class='ocrx_word' id='word_1_102' title='bbox 1016 1434 1286 1492; x_wconf 89' lang='lat' dir='ltr'><strong>essentias</strong></span> <span class='ocrx_word' id='word_1_103' title='bbox 1330 1420 1628 1506; x_wconf 84' lang='lat' dir='ltr'><strong>sacrosque</strong></span> <span class='ocrx_word' id='word_1_104' title='bbox 1671 1434 1892 1490; x_wconf 84' lang='lat' dir='ltr'><strong>ordines</strong></span> <span class='ocrx_word' id='word_1_105' title='bbox 1922 1432 2261 1491; x_wconf 82' lang='lat' dir='ltr'><strong>deiformiter</strong></span> 
     </span>
    </p>
   </div>
   <div class='ocr_carea' id='block_1_19' title="bbox 661 1525 2261 1603">
    <p class='ocr_par' dir='ltr' id='par_1_19' title="bbox 661 1525 2261 1603">
     <span class='ocr_line' id='line_1_19' title="bbox 661 1525 2261 1603; baseline 0.001 -23"><span class='ocrx_word' id='word_1_106' title='bbox 661 1532 720 1580; x_wconf 88' lang='lat' dir='ltr'><strong>et</strong></span> <span class='ocrx_word' id='word_1_107' title='bbox 745 1526 1230 1603; x_wconf 84' lang='lat' dir='ltr'><strong>proportionaliter</strong></span> <span class='ocrx_word' id='word_1_108' title='bbox 1268 1526 1570 1582; x_wconf 79' lang='lat' dir='ltr'><strong>transvehit</strong></span> <span class='ocrx_word' id='word_1_109' title='bbox 1617 1525 1688 1581; x_wconf 88' lang='lat' dir='ltr'><strong>ad</strong></span> <span class='ocrx_word' id='word_1_110' title='bbox 1728 1525 1957 1581; x_wconf 90' lang='lat' dir='ltr'><strong>donatas</strong></span> <span class='ocrx_word' id='word_1_111' title='bbox 1994 1525 2075 1580; x_wconf 88' lang='lat' dir='ltr'><strong>eis</strong></span> <span class='ocrx_word' id='word_1_112' title='bbox 2116 1539 2261 1582; x_wconf 80' lang='lat' dir='ltr'><strong>scm—</strong></span> 
     </span>
    </p>
   </div>
   <div class='ocr_carea' id='block_1_20' title="bbox 566 1614 2258 1688">
    <p class='ocr_par' dir='ltr' id='par_1_20' title="bbox 566 1614 2258 1688">
     <span class='ocr_line' id='line_1_20' title="bbox 566 1614 2258 1688; baseline -0.001 -16"><span class='ocrx_word' id='word_1_113' title='bbox 566 1652 576 1659; x_wconf 82' lang='lat'><strong>-</strong></span> <span class='ocrx_word' id='word_1_114' title='bbox 661 1631 752 1688; x_wconf 85' lang='lat' dir='ltr'><strong>pet</strong></span> <span class='ocrx_word' id='word_1_115' title='bbox 784 1614 1009 1674; x_wconf 87' lang='lat' dir='ltr'><strong>deiﬁcas</strong></span> <span class='ocrx_word' id='word_1_116' title='bbox 1038 1617 1296 1674; x_wconf 84' lang='lat' dir='ltr'><strong>scientias</strong></span> <span class='ocrx_word' id='word_1_117' title='bbox 1338 1617 1407 1672; x_wconf 87' lang='lat' dir='ltr'><strong>ab</strong></span> <span class='ocrx_word' id='word_1_118' title='bbox 1434 1618 1551 1688; x_wconf 86' lang='lat' dir='ltr'><strong>ipsa</strong></span> <span class='ocrx_word' id='word_1_119' title='bbox 1598 1632 1696 1687; x_wconf 88' lang='lat' dir='ltr'><strong>per</strong></span> <span class='ocrx_word' id='word_1_120' title='bbox 1740 1614 2258 1687; x_wconf 77' lang='lat' dir='ltr'><strong>seipsamperl‘ecta</strong></span> 
     </span>
    </p>
   </div>
   <div class='ocr_carea' id='block_1_21' title="bbox 664 1704 2254 1783">
    <p class='ocr_par' dir='ltr' id='par_1_21' title="bbox 664 1704 2254 1783">
     <span class='ocr_line' id='line_1_21' title="bbox 664 1704 2254 1783; baseline -0.003 -20"><span class='ocrx_word' id='word_1_121' title='bbox 664 1715 722 1763; x_wconf 83' lang='lat' dir='ltr'><strong>et</strong></span> <span class='ocrx_word' id='word_1_122' title='bbox 791 1706 1129 1779; x_wconf 88' lang='lat' dir='ltr'><strong>sapientilica</strong></span> <span class='ocrx_word' id='word_1_123' title='bbox 1205 1706 1515 1763; x_wconf 85' lang='lat' dir='ltr'><strong>divinorum</strong></span> <span class='ocrx_word' id='word_1_124' title='bbox 1587 1706 1893 1783; x_wconf 86' lang='lat' dir='ltr'><strong>animorum</strong></span> <span class='ocrx_word' id='word_1_125' title='bbox 1950 1704 2254 1761; x_wconf 78' lang='lat' dir='ltr'><strong>divinitate.</strong></span> 
     </span>
    </p>
   </div>
   <div class='ocr_carea' id='block_1_22' title="bbox 2361 592 3968 673">
    <p class='ocr_par' dir='ltr' id='par_1_22' title="bbox 2361 592 3968 673">
     <span class='ocr_line' id='line_1_22' title="bbox 2361 592 3968 673; baseline -0.002 -13"><span class='ocrx_word' id='word_1_126' title='bbox 2361 592 2711 673; x_wconf 72' lang='lat' dir='ltr'><strong>coniunctiva</strong></span> <span class='ocrx_word' id='word_1_127' title='bbox 2727 604 3008 661; x_wconf 82' lang='lat' dir='ltr'><strong>societate.</strong></span> <span class='ocrx_word' id='word_1_128' title='bbox 3035 601 3392 667; x_wconf 86' lang='lat' dir='ltr'><strong>Sanctissima</strong></span> <span class='ocrx_word' id='word_1_129' title='bbox 3406 592 3536 672; x_wconf 78' lang='lat' dir='ltr'><strong>ergo</strong></span> <span class='ocrx_word' id='word_1_130' title='bbox 3555 602 3858 659; x_wconf 89' lang='lat' dir='ltr'><strong>hostiarum</strong></span> <span class='ocrx_word' id='word_1_131' title='bbox 3880 615 3968 657; x_wconf 79' lang='lat' dir='ltr'><strong>sa-</strong></span> 
     </span>
    </p>
   </div>
   <div class='ocr_carea' id='block_1_23' title="bbox 2364 694 3963 767">
    <p class='ocr_par' dir='ltr' id='par_1_23' title="bbox 2364 694 3963 767">
     <span class='ocr_line' id='line_1_23' title="bbox 2364 694 3963 767; baseline -0.001 -16"><span class='ocrx_word' id='word_1_132' title='bbox 2364 696 2630 752; x_wconf 87' lang='lat' dir='ltr'><strong>criﬁcatio</strong></span> <span class='ocrx_word' id='word_1_133' title='bbox 2645 694 2667 728; x_wconf 72' lang='grc'>⁸</span> <span class='ocrx_word' id='word_1_134' title='bbox 2684 697 2915 767; x_wconf 77' lang='lat' dir='ltr'><strong>primum</strong></span> <span class='ocrx_word' id='word_1_135' title='bbox 2937 696 3154 767; x_wconf 83' lang='lat' dir='ltr'><strong>quidem</strong></span> <span class='ocrx_word' id='word_1_136' title='bbox 3178 696 3338 752; x_wconf 85' lang='lat' dir='ltr'><strong>habet</strong></span> <span class='ocrx_word' id='word_1_137' title='bbox 3364 696 3447 752; x_wconf 88' lang='lat' dir='ltr'><strong>dei</strong></span> <span class='ocrx_word' id='word_1_138' title='bbox 3457 695 3681 752; x_wconf 79' lang='lat' dir='ltr'><strong>formem</strong></span> <span class='ocrx_word' id='word_1_139' title='bbox 3705 695 3963 751; x_wconf 83' lang='lat' dir='ltr'><strong>virtutem</strong></span> 
     </span>
    </p>
   </div>
   <div class='ocr_carea' id='block_1_24' title="bbox 2358 777 3962 867">
    <p class='ocr_par' dir='ltr' id='par_1_24' title="bbox 2358 777 3962 867">
     <span class='ocr_line' id='line_1_24' title="bbox 2358 777 3962 867; baseline -0.002 -23"><span class='ocrx_word' id='word_1_140' title='bbox 2358 798 2617 845; x_wconf 83' lang='lat' dir='ltr'><strong>sanctam</strong></span> <span class='ocrx_word' id='word_1_141' title='bbox 2674 788 3117 861; x_wconf 84' lang='lat' dir='ltr'><strong>imperfectorum</strong></span> <span class='ocrx_word' id='word_1_142' title='bbox 3163 777 3650 867; x_wconf 30' lang='lat' dir='ltr'><strong>lpurgationem&#39;:</strong></span> <span class='ocrx_word' id='word_1_143' title='bbox 3725 787 3962 843; x_wconf 88' lang='lat' dir='ltr'><strong>mediam</strong></span> 
     </span>
    </p>
   </div>
   <div class='ocr_carea' id='block_1_25' title="bbox 2363 882 3973 953">
    <p class='ocr_par' dir='ltr' id='par_1_25' title="bbox 2363 882 3973 953">
     <span class='ocr_line' id='line_1_25' title="bbox 2363 882 3973 953; baseline -0.002 -16"><span class='ocrx_word' id='word_1_144' title='bbox 2363 891 2548 939; x_wconf 87' lang='lat' dir='ltr'><strong>autem</strong></span> <span class='ocrx_word' id='word_1_145' title='bbox 2574 890 2924 953; x_wconf 80' lang='lat' dir='ltr'><strong>purgatarum</strong></span> <span class='ocrx_word' id='word_1_146' title='bbox 2968 882 3411 939; x_wconf 88' lang='lat' dir='ltr'><strong>illuminatricem</strong></span> <span class='ocrx_word' id='word_1_147' title='bbox 3461 883 3767 938; x_wconf 83' lang='lat' dir='ltr'><strong>doctrinam</strong></span> <span class='ocrx_word' id='word_1_148' title='bbox 3801 898 3815 934; x_wconf 89' lang='lat'><strong>:</strong></span> <span class='ocrx_word' id='word_1_149' title='bbox 3858 895 3973 939; x_wconf 11' lang='lat' dir='ltr'><strong>no-c</strong></span> 
     </span>
    </p>
   </div>
   <div class='ocr_carea' id='block_1_26' title="bbox 2361 973 3962 1045">
    <p class='ocr_par' dir='ltr' id='par_1_26' title="bbox 2361 973 3962 1045">
     <span class='ocr_line' id='line_1_26' title="bbox 2361 973 3962 1045; baseline -0.001 -16"><span class='ocrx_word' id='word_1_150' title='bbox 2361 974 2644 1029; x_wconf 82' lang='lat' dir='ltr'><strong>vissimam</strong></span> <span class='ocrx_word' id='word_1_151' title='bbox 2708 989 2839 1029; x_wconf 85' lang='lat' dir='ltr'><strong>vero</strong></span> <span class='ocrx_word' id='word_1_152' title='bbox 2890 983 2947 1030; x_wconf 88' lang='lat' dir='ltr'><strong>et</strong></span> <span class='ocrx_word' id='word_1_153' title='bbox 2990 976 3233 1045; x_wconf 81' lang='lat' dir='ltr'><strong>priorum</strong></span> <span class='ocrx_word' id='word_1_154' title='bbox 3296 973 3782 1031; x_wconf 85' lang='lat' dir='ltr'><strong>consummativam</strong></span> <span class='ocrx_word' id='word_1_155' title='bbox 3828 987 3962 1028; x_wconf 83' lang='lat' dir='ltr'><strong>eru-</strong></span> 
     </span>
    </p>
   </div>
   <div class='ocr_carea' id='block_1_27' title="bbox 2364 1064 3961 1139">
    <p class='ocr_par' dir='ltr' id='par_1_27' title="bbox 2364 1064 3961 1139">
     <span class='ocr_line' id='line_1_27' title="bbox 2364 1064 3961 1139; baseline -0.002 -18"><span class='ocrx_word' id='word_1_156' title='bbox 2364 1068 2601 1124; x_wconf 89' lang='lat' dir='ltr'><strong>ditorum</strong></span> <span class='ocrx_word' id='word_1_157' title='bbox 2689 1067 2743 1121; x_wconf 92' lang='lat' dir='ltr'><strong>in</strong></span> <span class='ocrx_word' id='word_1_158' title='bbox 2832 1068 3065 1124; x_wconf 83' lang='lat' dir='ltr'><strong>scientia</strong></span> <span class='ocrx_word' id='word_1_159' title='bbox 3111 1064 3510 1139; x_wconf 73' lang='lat' dir='ltr'><strong>&#39;pulchrarum</strong></span> <span class='ocrx_word' id='word_1_160' title='bbox 3589 1066 3961 1122; x_wconf 81' lang='lat' dir='ltr'><strong>doctrinarum</strong></span> 
     </span>
    </p>
   </div>
   <div class='ocr_carea' id='block_1_28' title="bbox 2364 1150 3966 1230">
    <p class='ocr_par' dir='ltr' id='par_1_28' title="bbox 2364 1150 3966 1230">
     <span class='ocr_line' id='line_1_28' title="bbox 2364 1150 3966 1230; baseline -0.004 -12"><span class='ocrx_word' id='word_1_161' title='bbox 2364 1159 2915 1218; x_wconf 90' lang='lat' dir='ltr'><strong>consummationem.</strong></span> <span class='ocrx_word' id='word_1_162' title='bbox 2994 1160 3114 1230; x_wconf 86' lang='lat' dir='ltr'><strong>Ipsa</strong></span> <span class='ocrx_word' id='word_1_163' title='bbox 3169 1170 3355 1217; x_wconf 84' lang='lat' dir='ltr'><strong>autem</strong></span> <span class='ocrx_word' id='word_1_164' title='bbox 3419 1150 3840 1218; x_wconf 82' lang='lat' dir='ltr'><strong>sacriﬁcantium</strong></span> <span class='ocrx_word' id='word_1_165' title='bbox 3871 1156 3966 1212; x_wconf 83' lang='lat' dir='ltr'><strong>di-</strong></span> 
     </span>
    </p>
   </div>
   <div class='ocr_carea' id='block_1_29' title="bbox 2364 1251 3966 1330">
    <p class='ocr_par' dir='ltr' id='par_1_29' title="bbox 2364 1251 3966 1330">
     <span class='ocr_line' id='line_1_29' title="bbox 2364 1251 3966 1330; baseline -0.004 -18"><span class='ocrx_word' id='word_1_166' title='bbox 2364 1254 2631 1327; x_wconf 81' lang='lat' dir='ltr'><strong>spositio,</strong></span> <span class='ocrx_word' id='word_1_167' title='bbox 2690 1257 2747 1312; x_wconf 90' lang='lat' dir='ltr'><strong>in</strong></span> <span class='ocrx_word' id='word_1_168' title='bbox 2807 1255 3018 1330; x_wconf 87' lang='lat' dir='ltr'><strong>potenti</strong></span> <span class='ocrx_word' id='word_1_169' title='bbox 3072 1255 3289 1310; x_wconf 76' lang='lat' dir='ltr'><strong>virtute</strong></span> <span class='ocrx_word' id='word_1_170' title='bbox 3347 1256 3562 1326; x_wconf 85' lang='lat' dir='ltr'><strong>prima,</strong></span> <span class='ocrx_word' id='word_1_171' title='bbox 3617 1267 3718 1324; x_wconf 87' lang='lat' dir='ltr'><strong>per</strong></span> <span class='ocrx_word' id='word_1_172' title='bbox 3768 1251 3966 1308; x_wconf 85' lang='lat' dir='ltr'><strong>teletas</strong></span> 
     </span>
    </p>
   </div>
   <div class='ocr_carea' id='block_1_30' title="bbox 2364 1341 3967 1422">
    <p class='ocr_par' dir='ltr' id='par_1_30' title="bbox 2364 1341 3967 1422">
     <span class='ocr_line' id='line_1_30' title="bbox 2364 1341 3967 1422; baseline -0.005 -17"><span class='ocrx_word' id='word_1_173' title='bbox 2364 1362 2560 1422; x_wconf 82' lang='lat' dir='ltr'><strong>purgat</strong></span> <span class='ocrx_word' id='word_1_174' title='bbox 2586 1349 2976 1422; x_wconf 83' lang='lat' dir='ltr'><strong>imperfectos:</strong></span> <span class='ocrx_word' id='word_1_175' title='bbox 3028 1348 3081 1403; x_wconf 91' lang='lat' dir='ltr'><strong>in</strong></span> <span class='ocrx_word' id='word_1_176' title='bbox 3129 1345 3309 1403; x_wconf 90' lang='lat' dir='ltr'><strong>media</strong></span> <span class='ocrx_word' id='word_1_177' title='bbox 3355 1354 3541 1401; x_wconf 90' lang='lat' dir='ltr'><strong>autem</strong></span> <span class='ocrx_word' id='word_1_178' title='bbox 3584 1343 3762 1400; x_wconf 88' lang='lat' dir='ltr'><strong>lucem</strong></span> <span class='ocrx_word' id='word_1_179' title='bbox 3810 1341 3967 1397; x_wconf 82' lang='lat' dir='ltr'><strong>ducit</strong></span> 
     </span>
    </p>
   </div>
   <div class='ocr_carea' id='block_1_31' title="bbox 2346 1434 3968 1519">
    <p class='ocr_par' dir='ltr' id='par_1_31' title="bbox 2346 1434 3968 1519">
     <span class='ocr_line' id='line_1_31' title="bbox 2346 1434 3968 1519; baseline -0.006 -19"><span class='ocrx_word' id='word_1_180' title='bbox 2346 1454 2662 1519; x_wconf 78' lang='lat' dir='ltr'><strong>purgatos:</strong></span> <span class='ocrx_word' id='word_1_181' title='bbox 2716 1445 2770 1501; x_wconf 90' lang='lat' dir='ltr'><strong>in</strong></span> <span class='ocrx_word' id='word_1_182' title='bbox 2820 1443 3010 1499; x_wconf 87' lang='lat' dir='ltr'><strong>ultima</strong></span> <span class='ocrx_word' id='word_1_183' title='bbox 3050 1457 3181 1499; x_wconf 75' lang='lat' dir='ltr'><strong>vero</strong></span> <span class='ocrx_word' id='word_1_184' title='bbox 3217 1438 3705 1497; x_wconf 83' lang='lat' dir='ltr'><strong>et-sublimissima</strong></span> <span class='ocrx_word' id='word_1_185' title='bbox 3754 1434 3968 1494; x_wconf 78' lang='lat' dir='ltr'><strong>sacriﬁ-</strong></span> 
     </span>
    </p>
   </div>
   <div class='ocr_carea' id='block_1_32' title="bbox 2363 1524 3968 1607">
    <p class='ocr_par' dir='ltr' id='par_1_32' title="bbox 2363 1524 3968 1607">
     <span class='ocr_line' id='line_1_32' title="bbox 2363 1524 3968 1607; baseline -0.009 -11"><span class='ocrx_word' id='word_1_186' title='bbox 2363 1541 2605 1596; x_wconf 84' lang='lat' dir='ltr'><strong>cautium</strong></span> <span class='ocrx_word' id='word_1_187' title='bbox 2628 1534 2892 1593; x_wconf 84' lang='lat' dir='ltr'><strong>virtutum</strong></span> <span class='ocrx_word' id='word_1_188' title='bbox 2925 1535 3140 1607; x_wconf 79' lang='lat' dir='ltr'><strong>perﬁcit</strong></span> <span class='ocrx_word' id='word_1_189' title='bbox 3180 1533 3366 1589; x_wconf 83' lang='lat' dir='ltr'><strong>divino</strong></span> <span class='ocrx_word' id='word_1_190' title='bbox 3414 1531 3615 1607; x_wconf 82' lang='lat' dir='ltr'><strong>lumine</strong></span> <span class='ocrx_word' id='word_1_191' title='bbox 3657 1524 3968 1586; x_wconf 76' lang='lat' dir='ltr'><strong>Communi-</strong></span> 
     </span>
    </p>
   </div>
   <div class='ocr_carea' id='block_1_33' title="bbox 2361 1601 3966 1700">
    <p class='ocr_par' dir='ltr' id='par_1_33' title="bbox 2361 1601 3966 1700">
     <span class='ocr_line' id='line_1_33' title="bbox 2361 1601 3966 1700; baseline -0.008 -12"><span class='ocrx_word' id='word_1_192' title='bbox 2361 1643 2553 1688; x_wconf 87' lang='lat' dir='ltr'><strong>cantes</strong></span> <span class='ocrx_word' id='word_1_193' title='bbox 2582 1632 2634 1687; x_wconf 91' lang='lat' dir='ltr'><strong>in</strong></span> <span class='ocrx_word' id='word_1_194' title='bbox 2658 1601 3162 1700; x_wconf 76' lang='lat' dir='ltr'><strong>contémptabilinm</strong></span> <span class='ocrx_word' id='word_1_195' title='bbox 3194 1601 3653 1682; x_wconf 65' lang='lat' dir='ltr'><strong>illtttttittatiortutn</strong></span> <span class='ocrx_word' id='word_1_196' title='bbox 3669 1620 3966 1678; x_wconf 71' lang='lat' dir='ltr'><strong>&#39;scibilibus</strong></span> 
     </span>
    </p>
   </div>
   <div class='ocr_carea' id='block_1_34' title="bbox 2363 1708 4019 1791">
    <p class='ocr_par' dir='ltr' id='par_1_34' title="bbox 2363 1708 4019 1791">
     <span class='ocr_line' id='line_1_34' title="bbox 2363 1708 4019 1791; baseline -0.009 -14"><span class='ocrx_word' id='word_1_197' title='bbox 2363 1719 2940 1791; x_wconf 83' lang='lat' dir='ltr'><strong>contemplationibus.</strong></span> <span class='ocrx_word' id='word_1_198' title='bbox 3032 1715 3412 1771; x_wconf 75' lang='lat' dir='ltr'><strong>Perfectorum</strong></span> <span class='ocrx_word' id='word_1_199' title='bbox 3507 1720 3689 1767; x_wconf 90' lang='lat' dir='ltr'><strong>autem</strong></span> <span class='ocrx_word' id='word_1_200' title='bbox 3784 1708 4019 1775; x_wconf 15' lang='lat' dir='ltr'><strong>virtus,</strong></span> 
     </span>
    </p>
   </div>
   <div class='ocr_carea' id='block_1_35' title="bbox 660 1795 3962 1886">
    <p class='ocr_par' dir='ltr' id='par_1_35' title="bbox 660 1795 3962 1886">
     <span class='ocr_line' id='line_1_35' title="bbox 660 1795 3962 1886; baseline -0.005 -31"><span class='ocrx_word' id='word_1_201' title='bbox 660 1797 819 1870; x_wconf 86' lang='lat' dir='ltr'><strong>Ipsae</strong></span> <span class='ocrx_word' id='word_1_202' title='bbox 847 1807 1029 1857; x_wconf 89' lang='lat' dir='ltr'><strong>autem</strong></span> <span class='ocrx_word' id='word_1_203' title='bbox 1058 1799 1359 1871; x_wconf 86' lang='lat' dir='ltr'><strong>primarum</strong></span> <span class='ocrx_word' id='word_1_204' title='bbox 1376 1799 1750 1856; x_wconf 74' lang='lat' dir='ltr'><strong>&#39;essentiarum</strong></span> <span class='ocrx_word' id='word_1_205' title='bbox 1772 1795 2048 1866; x_wconf 82' lang='lat' dir='ltr'><strong>subjectae</strong></span> <span class='ocrx_word' id='word_1_206' title='bbox 2076 1795 2258 1867; x_wconf 83' lang='lat' dir='ltr'><strong>dispo-</strong></span> <span class='ocrx_word' id='word_1_207' title='bbox 2287 1816 2338 1880; x_wconf 73' lang='grc' dir='ltr'><strong>Β</strong></span> <span class='ocrx_word' id='word_1_208' title='bbox 2363 1813 2541 1886; x_wconf 66' lang='lat' dir='ltr'><strong>prima</strong></span> <span class='ocrx_word' id='word_1_209' title='bbox 2585 1811 2806 1882; x_wconf 57' lang='lat' dir='ltr'><strong>quidm“</strong></span> <span class='ocrx_word' id='word_1_210' title='bbox 2840 1817 2924 1866; x_wconf 64' lang='grc' dir='ltr'><strong>ρει</strong></span> <span class='ocrx_word' id='word_1_211' title='bbox 2965 1822 3243 1880; x_wconf 57' lang='lat' dir='ltr'><strong>purgans:</strong></span> <span class='ocrx_word' id='word_1_212' title='bbox 3285 1804 3471 1860; x_wconf 65' lang='lat' dir='ltr'><strong>media</strong></span> <span class='ocrx_word' id='word_1_213' title='bbox 3497 1819 3629 1859; x_wconf 57' lang='lat' dir='ltr'><strong>vero</strong></span> <span class='ocrx_word' id='word_1_214' title='bbox 3675 1811 3797 1873; x_wconf 54' lang='lat' dir='ltr'><strong>post</strong></span> <span class='ocrx_word' id='word_1_215' title='bbox 3828 1817 3962 1873; x_wconf 65' lang='lat' dir='ltr'><strong>pm-</strong></span> 
     </span>
    </p>
   </div>
   <div class='ocr_carea' id='block_1_36' title="bbox 664 1887 2258 1969">
    <p class='ocr_par' dir='ltr' id='par_1_36' title="bbox 664 1887 2258 1969">
     <span class='ocr_line' id='line_1_36' title="bbox 664 1887 2258 1969; baseline -0.003 -22"><span class='ocrx_word' id='word_1_216' title='bbox 664 1892 914 1969; x_wconf 76' lang='lat' dir='ltr'><strong>sitiones,</strong></span> <span class='ocrx_word' id='word_1_217' title='bbox 945 1902 1201 1962; x_wconf 88' lang='lat' dir='ltr'><strong>tanquam</strong></span> <span class='ocrx_word' id='word_1_218' title='bbox 1248 1890 1516 1967; x_wconf 23' lang='lat' dir='ltr'><strong>perﬁllas,</strong></span> <span class='ocrx_word' id='word_1_219' title='bbox 1554 1890 1814 1946; x_wconf 86' lang='lat' dir='ltr'><strong>divinitus</strong></span> <span class='ocrx_word' id='word_1_220' title='bbox 1868 1888 2141 1945; x_wconf 81' lang='lat' dir='ltr'><strong>exaltatae</strong></span> <span class='ocrx_word' id='word_1_221' title='bbox 2188 1887 2258 1947; x_wconf 85' lang='lat' dir='ltr'><strong>ad</strong></span> 
     </span>
    </p>
   </div>
   <div class='ocr_carea' id='block_1_37' title="bbox 665 1979 2260 2054">
    <p class='ocr_par' dir='ltr' id='par_1_37' title="bbox 665 1979 2260 2054">
     <span class='ocr_line' id='line_1_37' title="bbox 665 1979 2260 2054; baseline -0.003 -16"><span class='ocrx_word' id='word_1_222' title='bbox 665 1982 914 2039; x_wconf 84' lang='lat' dir='ltr'><strong>deiﬁcam</strong></span> <span class='ocrx_word' id='word_1_223' title='bbox 964 1984 1268 2042; x_wconf 80' lang='lat' dir='ltr'><strong>divinitatis</strong></span> <span class='ocrx_word' id='word_1_224' title='bbox 1318 1984 1801 2053; x_wconf 79' lang='lat' dir='ltr'><strong>illuminationem,</strong></span> <span class='ocrx_word' id='word_1_225' title='bbox 1849 1980 2082 2054; x_wconf 81' lang='lat' dir='ltr'><strong>perfecti</strong></span> <span class='ocrx_word' id='word_1_226' title='bbox 2111 1979 2260 2037; x_wconf 80' lang='lat' dir='ltr'><strong>ordi-</strong></span> 
     </span>
    </p>
   </div>
   <div class='ocr_carea' id='block_1_38' title="bbox 664 2075 2257 2135">
    <p class='ocr_par' dir='ltr' id='par_1_38' title="bbox 664 2075 2257 2135">
     <span class='ocr_line' id='line_1_38' title="bbox 664 2075 2257 2135; baseline -0.003 -1"><span class='ocrx_word' id='word_1_227' title='bbox 664 2093 763 2135; x_wconf 85' lang='lat' dir='ltr'><strong>nes</strong></span> <span class='ocrx_word' id='word_1_228' title='bbox 787 2088 843 2134; x_wconf 88' lang='lat' dir='ltr'><strong>et</strong></span> <span class='ocrx_word' id='word_1_229' title='bbox 891 2087 1019 2135; x_wconf 91' lang='lat' dir='ltr'><strong>sunt</strong></span> <span class='ocrx_word' id='word_1_230' title='bbox 1060 2088 1116 2135; x_wconf 91' lang='lat' dir='ltr'><strong>et</strong></span> <span class='ocrx_word' id='word_1_231' title='bbox 1154 2094 1284 2135; x_wconf 89' lang='lat' dir='ltr'><strong>vere</strong></span> <span class='ocrx_word' id='word_1_232' title='bbox 1331 2077 1702 2134; x_wconf 87' lang='lat' dir='ltr'><strong>nominantur.</strong></span> <span class='ocrx_word' id='word_1_233' title='bbox 1743 2076 1876 2135; x_wconf 86' lang='lat' dir='ltr'><strong>Post</strong></span> <span class='ocrx_word' id='word_1_234' title='bbox 1925 2075 2073 2131; x_wconf 87' lang='lat' dir='ltr'><strong>illam</strong></span> <span class='ocrx_word' id='word_1_235' title='bbox 2128 2087 2257 2130; x_wconf 85' lang='lat' dir='ltr'><strong>vero</strong></span> 
     </span>
    </p>
   </div>
   <div class='ocr_carea' id='block_1_39' title="bbox 659 2164 2253 2246">
    <p class='ocr_par' dir='ltr' id='par_1_39' title="bbox 659 2164 2253 2246">
     <span class='ocr_line' id='line_1_39' title="bbox 659 2164 2253 2246; baseline -0.003 -20"><span class='ocrx_word' id='word_1_236' title='bbox 659 2171 953 2229; x_wconf 79' lang='lat' dir='ltr'><strong>caelestem</strong></span> <span class='ocrx_word' id='word_1_237' title='bbox 1001 2180 1056 2228; x_wconf 89' lang='lat' dir='ltr'><strong>et</strong></span> <span class='ocrx_word' id='word_1_238' title='bbox 1112 2171 1609 2246; x_wconf 83' lang='lat' dir='ltr'><strong>supermundanam</strong></span> <span class='ocrx_word' id='word_1_239' title='bbox 1660 2169 1989 2226; x_wconf 85' lang='lat' dir='ltr'><strong>lerarchiam</strong></span> <span class='ocrx_word' id='word_1_240' title='bbox 2052 2164 2105 2222; x_wconf 90' lang='lat' dir='ltr'><strong>in</strong></span> <span class='ocrx_word' id='word_1_241' title='bbox 2164 2181 2253 2232; x_wconf 89' lang='lat' dir='ltr'><strong>ea,</strong></span> 
     </span>
    </p>
   </div>
   <div class='ocr_carea' id='block_1_40' title="bbox 661 2254 2261 2336">
    <p class='ocr_par' dir='ltr' id='par_1_40' title="bbox 661 2254 2261 2336">
     <span class='ocr_line' id='line_1_40' title="bbox 661 2254 2261 2336; baseline -0.001 -17"><span class='ocrx_word' id='word_1_242' title='bbox 661 2280 803 2336; x_wconf 89' lang='lat' dir='ltr'><strong>quae</strong></span> <span class='ocrx_word' id='word_1_243' title='bbox 841 2267 1144 2324; x_wconf 83' lang='lat' dir='ltr'><strong>secundum</strong></span> <span class='ocrx_word' id='word_1_244' title='bbox 1185 2282 1284 2323; x_wconf 91' lang='lat' dir='ltr'><strong>nos</strong></span> <span class='ocrx_word' id='word_1_245' title='bbox 1314 2274 1461 2332; x_wconf 89' lang='lat' dir='ltr'><strong>sunt,</strong></span> <span class='ocrx_word' id='word_1_246' title='bbox 1501 2266 1746 2325; x_wconf 83' lang='lat' dir='ltr'><strong>beneﬁce</strong></span> <span class='ocrx_word' id='word_1_247' title='bbox 1781 2265 1957 2323; x_wconf 87' lang='lat' dir='ltr'><strong>deitas</strong></span> <span class='ocrx_word' id='word_1_248' title='bbox 1996 2254 2261 2319; x_wconf 81' lang='lat' dir='ltr'><strong>sacratis-</strong></span> 
     </span>
    </p>
   </div>
   <div class='ocr_carea' id='block_1_41' title="bbox 659 2354 2259 2426">
    <p class='ocr_par' dir='ltr' id='par_1_41' title="bbox 659 2354 2259 2426">
     <span class='ocr_line' id='line_1_41' title="bbox 659 2354 2259 2426; baseline -0.002 -13"><span class='ocrx_word' id='word_1_249' title='bbox 659 2358 830 2413; x_wconf 87' lang='lat' dir='ltr'><strong>simas</strong></span> <span class='ocrx_word' id='word_1_250' title='bbox 858 2362 985 2414; x_wconf 81' lang='lat' dir='ltr'><strong>suas</strong></span> <span class='ocrx_word' id='word_1_251' title='bbox 1035 2359 1360 2415; x_wconf 86' lang='lat' dir='ltr'><strong>donationes</strong></span> <span class='ocrx_word' id='word_1_252' title='bbox 1410 2356 1587 2413; x_wconf 80' lang='lat' dir='ltr'><strong>atl‘ert.</strong></span> <span class='ocrx_word' id='word_1_253' title='bbox 1639 2356 1864 2412; x_wconf 77' lang='lat' dir='ltr'><strong>Milibus</strong></span> <span class='ocrx_word' id='word_1_254' title='bbox 1904 2356 2122 2426; x_wconf 87' lang='lat' dir='ltr'><strong>quidem</strong></span> <span class='ocrx_word' id='word_1_255' title='bbox 2164 2354 2259 2425; x_wconf 87' lang='lat' dir='ltr'><strong>qui</strong></span> 
     </span>
    </p>
   </div>
   <div class='ocr_carea' id='block_1_42' title="bbox 660 2434 2258 2518">
    <p class='ocr_par' dir='ltr' id='par_1_42' title="bbox 660 2434 2258 2518">
     <span class='ocr_line' id='line_1_42' title="bbox 660 2434 2258 2518; baseline -0.004 -13"><span class='ocrx_word' id='word_1_256' title='bbox 660 2434 815 2505; x_wconf 54' lang='lat' dir='ltr'><strong>sunt&#39;</strong></span> <span class='ocrx_word' id='word_1_257' title='bbox 845 2446 1144 2506; x_wconf 86' lang='lat' dir='ltr'><strong>secundum</strong></span> <span class='ocrx_word' id='word_1_258' title='bbox 1215 2448 1514 2518; x_wconf 86' lang='lat' dir='ltr'><strong>eloquium,</strong></span> <span class='ocrx_word' id='word_1_259' title='bbox 1575 2447 1797 2513; x_wconf 88' lang='lat' dir='ltr'><strong>donavit</strong></span> <span class='ocrx_word' id='word_1_260' title='bbox 1867 2446 2025 2516; x_wconf 74' lang='lat' dir='ltr'><strong>juxta</strong></span> <span class='ocrx_word' id='word_1_261' title='bbox 2080 2444 2258 2516; x_wconf 84' lang='lat' dir='ltr'><strong>legem</strong></span> 
     </span>
    </p>
   </div>
   <div class='ocr_carea' id='block_1_43' title="bbox 658 2536 2260 2599">
    <p class='ocr_par' dir='ltr' id='par_1_43' title="bbox 658 2536 2260 2599">
     <span class='ocr_line' id='line_1_43' title="bbox 658 2536 2260 2599; baseline -0.001 -5"><span class='ocrx_word' id='word_1_262' title='bbox 658 2538 993 2597; x_wconf 89' lang='lat' dir='ltr'><strong>lerarchiam</strong></span> <span class='ocrx_word' id='word_1_263' title='bbox 1019 2541 1270 2598; x_wconf 90' lang='lat' dir='ltr'><strong>obscuris</strong></span> <span class='ocrx_word' id='word_1_264' title='bbox 1296 2555 1551 2597; x_wconf 83' lang='lat' dir='ltr'><strong>verorum</strong></span> <span class='ocrx_word' id='word_1_265' title='bbox 1585 2539 1997 2599; x_wconf 86' lang='lat' dir='ltr'><strong>characteribus</strong></span> <span class='ocrx_word' id='word_1_266' title='bbox 2034 2544 2092 2594; x_wconf 87' lang='lat' dir='ltr'><strong>et</strong></span> <span class='ocrx_word' id='word_1_267' title='bbox 2136 2536 2260 2592; x_wconf 86' lang='lat' dir='ltr'><strong>lon-</strong></span> 
     </span>
    </p>
   </div>
   <div class='ocr_carea' id='block_1_44' title="bbox 661 2628 2297 2703">
    <p class='ocr_par' dir='ltr' id='par_1_44' title="bbox 661 2628 2297 2703">
     <span class='ocr_line' id='line_1_44' title="bbox 661 2628 2297 2703; baseline -0.002 -15"><span class='ocrx_word' id='word_1_268' title='bbox 661 2632 903 2701; x_wconf 81' lang='lat' dir='ltr'><strong>gissimis</strong></span> <span class='ocrx_word' id='word_1_269' title='bbox 945 2631 1328 2703; x_wconf 84' lang='lat' dir='ltr'><strong>principalium</strong></span> <span class='ocrx_word' id='word_1_270' title='bbox 1375 2629 1745 2701; x_wconf 81' lang='lat' dir='ltr'><strong>exemplorum</strong></span> <span class='ocrx_word' id='word_1_271' title='bbox 1797 2628 2297 2701; x_wconf 74' lang='lat' dir='ltr'><strong>inco’nsequentiis</strong></span> 
     </span>
    </p>
   </div>
   <div class='ocr_carea' id='block_1_45' title="bbox 662 2717 2259 2796">
    <p class='ocr_par' dir='ltr' id='par_1_45' title="bbox 662 2717 2259 2796">
     <span class='ocr_line' id='line_1_45' title="bbox 662 2717 2259 2796; baseline -0.003 -18"><span class='ocrx_word' id='word_1_272' title='bbox 662 2722 958 2796; x_wconf 82' lang='lat' dir='ltr'><strong>etﬁguris,</strong></span> <span class='ocrx_word' id='word_1_273' title='bbox 1008 2739 1118 2780; x_wconf 92' lang='lat' dir='ltr'><strong>non</strong></span> <span class='ocrx_word' id='word_1_274' title='bbox 1157 2725 1295 2780; x_wconf 89' lang='lat' dir='ltr'><strong>bene</strong></span> <span class='ocrx_word' id='word_1_275' title='bbox 1326 2724 1617 2781; x_wconf 82' lang='lat' dir='ltr'><strong>discretam</strong></span> <span class='ocrx_word' id='word_1_276' title='bbox 1666 2717 2021 2787; x_wconf 80' lang='lat' dir='ltr'><strong>habentibus,</strong></span> <span class='ocrx_word' id='word_1_277' title='bbox 2074 2719 2259 2776; x_wconf 89' lang='lat' dir='ltr'><strong>occul-</strong></span> 
     </span>
    </p>
   </div>
   <div class='ocr_carea' id='block_1_46' title="bbox 660 2809 2258 2883">
    <p class='ocr_par' dir='ltr' id='par_1_46' title="bbox 660 2809 2258 2883">
     <span class='ocr_line' id='line_1_46' title="bbox 660 2809 2258 2883; baseline 0.002 -19"><span class='ocrx_word' id='word_1_278' title='bbox 660 2822 771 2868; x_wconf 88' lang='lat' dir='ltr'><strong>tam</strong></span> <span class='ocrx_word' id='word_1_279' title='bbox 808 2814 890 2869; x_wconf 91' lang='lat' dir='ltr'><strong>eis</strong></span> <span class='ocrx_word' id='word_1_280' title='bbox 936 2813 1449 2883; x_wconf 76' lang='lat' dir='ltr'><strong>contemplationem</strong></span> <span class='ocrx_word' id='word_1_281' title='bbox 1500 2812 1558 2867; x_wconf 91' lang='lat' dir='ltr'><strong>in</strong></span> <span class='ocrx_word' id='word_1_282' title='bbox 1613 2811 1746 2883; x_wconf 85' lang='lat' dir='ltr'><strong>ipsis</strong></span> <span class='ocrx_word' id='word_1_283' title='bbox 1797 2811 1974 2867; x_wconf 87' lang='lat' dir='ltr'><strong>lucem</strong></span> <span class='ocrx_word' id='word_1_284' title='bbox 2024 2809 2258 2867; x_wconf 88' lang='lat' dir='ltr'><strong>inﬁrmis</strong></span> 
     </span>
    </p>
   </div>
   <div class='ocr_carea' id='block_1_47' title="bbox 654 2900 2259 2976">
    <p class='ocr_par' dir='ltr' id='par_1_47' title="bbox 654 2900 2259 2976">
     <span class='ocr_line' id='line_1_47' title="bbox 654 2900 2259 2976; baseline -0.002 -16"><span class='ocrx_word' id='word_1_285' title='bbox 654 2904 969 2976; x_wconf 81' lang='lat' dir='ltr'><strong>aspectibus</strong></span> <span class='ocrx_word' id='word_1_286' title='bbox 1006 2905 1242 2962; x_wconf 85' lang='lat' dir='ltr'><strong>innocue</strong></span> <span class='ocrx_word' id='word_1_287' title='bbox 1289 2904 1597 2962; x_wconf 86' lang='lat' dir='ltr'><strong>declarans.</strong></span> <span class='ocrx_word' id='word_1_288' title='bbox 1646 2901 1787 2959; x_wconf 88' lang='lat' dir='ltr'><strong>lluic</strong></span> <span class='ocrx_word' id='word_1_289' title='bbox 1831 2900 2013 2958; x_wconf 82' lang='lat' dir='ltr'><strong>autem</strong></span> <span class='ocrx_word' id='word_1_290' title='bbox 2064 2916 2259 2957; x_wconf 89' lang='lat' dir='ltr'><strong>secun-</strong></span> 
     </span>
    </p>
   </div>
   <div class='ocr_carea' id='block_1_48' title="bbox 664 2992 2255 3069">
    <p class='ocr_par' dir='ltr' id='par_1_48' title="bbox 664 2992 2255 3069">
     <span class='ocr_line' id='line_1_48' title="bbox 664 2992 2255 3069; baseline -0.001 -20"><span class='ocrx_word' id='word_1_291' title='bbox 664 2996 794 3051; x_wconf 88' lang='lat' dir='ltr'><strong>dum</strong></span> <span class='ocrx_word' id='word_1_292' title='bbox 823 2995 997 3069; x_wconf 83' lang='lat' dir='ltr'><strong>legem</strong></span> <span class='ocrx_word' id='word_1_293' title='bbox 1030 2995 1335 3053; x_wconf 88' lang='lat' dir='ltr'><strong>lcrarchiae</strong></span> <span class='ocrx_word' id='word_1_294' title='bbox 1365 2995 1523 3052; x_wconf 87' lang='lat' dir='ltr'><strong>tcleta</strong></span> <span class='ocrx_word' id='word_1_295' title='bbox 1555 2994 1771 3066; x_wconf 87' lang='lat' dir='ltr'><strong>quidem</strong></span> <span class='ocrx_word' id='word_1_296' title='bbox 1808 2994 1875 3049; x_wconf 91' lang='lat' dir='ltr'><strong>ad</strong></span> <span class='ocrx_word' id='word_1_297' title='bbox 1913 2992 2255 3063; x_wconf 85' lang='lat' dir='ltr'><strong>spiritualem</strong></span> 
     </span>
    </p>
   </div>
   <div class='ocr_carea' id='block_1_49' title="bbox 660 3070 2256 3161">
    <p class='ocr_par' dir='ltr' id='par_1_49' title="bbox 660 3070 2256 3161">
     <span class='ocr_line' id='line_1_49' title="bbox 660 3070 2256 3161; baseline -0.004 -17"><span class='ocrx_word' id='word_1_298' title='bbox 660 3086 756 3144; x_wconf 84' lang='lat' dir='ltr'><strong>Dei</strong></span> <span class='ocrx_word' id='word_1_299' title='bbox 784 3087 989 3161; x_wconf 87' lang='lat' dir='ltr'><strong>cultum</strong></span> <span class='ocrx_word' id='word_1_300' title='bbox 1020 3103 1262 3161; x_wconf 74' lang='lat' dir='ltr'><strong>anagoge</strong></span> <span class='ocrx_word' id='word_1_301' title='bbox 1293 3105 1307 3142; x_wconf 88' lang='lat'><strong>:</strong></span> <span class='ocrx_word' id='word_1_302' title='bbox 1354 3070 1777 3144; x_wconf 84' lang='lat' dir='ltr'><strong>manuductores</strong></span> <span class='ocrx_word' id='word_1_303' title='bbox 1828 3093 2010 3141; x_wconf 87' lang='lat' dir='ltr'><strong>autem</strong></span> <span class='ocrx_word' id='word_1_304' title='bbox 2037 3086 2105 3139; x_wconf 89' lang='lat' dir='ltr'><strong>ad</strong></span> <span class='ocrx_word' id='word_1_305' title='bbox 2132 3099 2256 3139; x_wconf 83' lang='lat' dir='ltr'><strong>eam</strong></span> 
     </span>
    </p>
   </div>
   <div class='ocr_carea' id='block_1_50' title="bbox 657 3177 2337 3257">
    <p class='ocr_par' dir='ltr' id='par_1_50' title="bbox 657 3177 2337 3257">
     <span class='ocr_line' id='line_1_50' title="bbox 657 3177 2337 3257; baseline -0.003 -20"><span class='ocrx_word' id='word_1_306' title='bbox 657 3183 762 3253; x_wconf 83' lang='lat' dir='ltr'><strong>ipsi</strong></span> <span class='ocrx_word' id='word_1_307' title='bbox 824 3191 1073 3257; x_wconf 80' lang='lat' dir='ltr'><strong>sanctum</strong></span> <span class='ocrx_word' id='word_1_308' title='bbox 1132 3182 1264 3237; x_wconf 86' lang='lat' dir='ltr'><strong>illud</strong></span> <span class='ocrx_word' id='word_1_309' title='bbox 1313 3180 1725 3238; x_wconf 88' lang='lat' dir='ltr'><strong>tabernaculum</strong></span> <span class='ocrx_word' id='word_1_310' title='bbox 1775 3194 1807 3234; x_wconf 95' lang='lat' dir='ltr'><strong>a</strong></span> <span class='ocrx_word' id='word_1_311' title='bbox 1863 3177 2046 3250; x_wconf 75' lang='lat' dir='ltr'><strong>Moyse</strong></span> <span class='ocrx_word' id='word_1_312' title='bbox 2099 3180 2337 3244; x_wconf 16' lang='lat' dir='ltr'><strong>sacreC.</strong></span> 
     </span>
    </p>
   </div>
   <div class='ocr_carea' id='block_1_51' title="bbox 657 3272 2382 3346">
    <p class='ocr_par' dir='ltr' id='par_1_51' title="bbox 657 3272 2382 3346">
     <span class='ocr_line' id='line_1_51' title="bbox 657 3272 2382 3346; baseline -0.002 -14"><span class='ocrx_word' id='word_1_313' title='bbox 657 3274 878 3339; x_wconf 82' lang='lat' dir='ltr'><strong>eruditi,</strong></span> <span class='ocrx_word' id='word_1_314' title='bbox 906 3276 1085 3346; x_wconf 89' lang='lat' dir='ltr'><strong>primo</strong></span> <span class='ocrx_word' id='word_1_315' title='bbox 1128 3277 1427 3333; x_wconf 89' lang='lat' dir='ltr'><strong>secundum</strong></span> <span class='ocrx_word' id='word_1_316' title='bbox 1469 3275 1645 3346; x_wconf 80' lang='lat' dir='ltr'><strong>legem</strong></span> <span class='ocrx_word' id='word_1_317' title='bbox 1684 3272 1998 3345; x_wconf 87' lang='lat' dir='ltr'><strong>pontiﬁcum</strong></span> <span class='ocrx_word' id='word_1_318' title='bbox 2033 3273 2257 3329; x_wconf 86' lang='lat' dir='ltr'><strong>doctore</strong></span> <span class='ocrx_word' id='word_1_319' title='bbox 2347 3284 2382 3317; x_wconf 73' lang='lat'><strong>.&#39;</strong></span> 
     </span>
    </p>
   </div>
   <div class='ocr_carea' id='block_1_52' title="bbox 651 3363 2260 3439">
    <p class='ocr_par' dir='ltr' id='par_1_52' title="bbox 651 3363 2260 3439">
     <span class='ocr_line' id='line_1_52' title="bbox 651 3363 2260 3439; baseline -0.005 -13"><span class='ocrx_word' id='word_1_320' title='bbox 651 3376 715 3427; x_wconf 83' lang='lat' dir='ltr'><strong>et</strong></span> <span class='ocrx_word' id='word_1_321' title='bbox 763 3370 920 3425; x_wconf 89' lang='lat' dir='ltr'><strong>duce.</strong></span> <span class='ocrx_word' id='word_1_322' title='bbox 963 3367 1047 3425; x_wconf 83' lang='lat' dir='ltr'><strong>Ad</strong></span> <span class='ocrx_word' id='word_1_323' title='bbox 1096 3369 1241 3439; x_wconf 90' lang='lat' dir='ltr'><strong>quod</strong></span> <span class='ocrx_word' id='word_1_324' title='bbox 1284 3378 1532 3423; x_wconf 88' lang='lat' dir='ltr'><strong>sanctum</strong></span> <span class='ocrx_word' id='word_1_325' title='bbox 1562 3363 1971 3423; x_wconf 88' lang='lat' dir='ltr'><strong>tabernaculum</strong></span> <span class='ocrx_word' id='word_1_326' title='bbox 2016 3364 2260 3418; x_wconf 88' lang='lat' dir='ltr'><strong>introdu-</strong></span> 
     </span>
    </p>
   </div>
   <div class='ocr_carea' id='block_1_53' title="bbox 654 3457 2255 3531">
    <p class='ocr_par' dir='ltr' id='par_1_53' title="bbox 654 3457 2255 3531">
     <span class='ocr_line' id='line_1_53' title="bbox 654 3457 2255 3531; baseline -0.004 -15"><span class='ocrx_word' id='word_1_327' title='bbox 654 3460 800 3518; x_wconf 87' lang='lat' dir='ltr'><strong>ctive</strong></span> <span class='ocrx_word' id='word_1_328' title='bbox 862 3460 1274 3519; x_wconf 83' lang='lat' dir='ltr'><strong>saeroseribens</strong></span> <span class='ocrx_word' id='word_1_329' title='bbox 1325 3461 1621 3517; x_wconf 88' lang='lat' dir='ltr'><strong>sccundmn</strong></span> <span class='ocrx_word' id='word_1_330' title='bbox 1670 3459 1844 3531; x_wconf 78' lang='lat' dir='ltr'><strong>legem</strong></span> <span class='ocrx_word' id='word_1_331' title='bbox 1900 3457 2255 3524; x_wconf 86' lang='lat' dir='ltr'><strong>lcrarchiam,</strong></span> 
     </span>
    </p>
   </div>
   <div class='ocr_carea' id='block_1_54' title="bbox 654 3551 2253 3624">
    <p class='ocr_par' dir='ltr' id='par_1_54' title="bbox 654 3551 2253 3624">
     <span class='ocr_line' id='line_1_54' title="bbox 654 3551 2253 3624; baseline -0.003 -14"><span class='ocrx_word' id='word_1_332' title='bbox 654 3553 976 3612; x_wconf 88' lang='lat' dir='ltr'><strong>charactere</strong></span> <span class='ocrx_word' id='word_1_333' title='bbox 1007 3554 1217 3611; x_wconf 83' lang='lat' dir='ltr'><strong>formae</strong></span> <span class='ocrx_word' id='word_1_334' title='bbox 1258 3566 1480 3611; x_wconf 86' lang='lat' dir='ltr'><strong>ostenso</strong></span> <span class='ocrx_word' id='word_1_335' title='bbox 1505 3552 1556 3610; x_wconf 89' lang='lat' dir='ltr'><strong>ei</strong></span> <span class='ocrx_word' id='word_1_336' title='bbox 1579 3568 1742 3624; x_wconf 87' lang='lat' dir='ltr'><strong>super</strong></span> <span class='ocrx_word' id='word_1_337' title='bbox 1771 3551 1903 3607; x_wconf 88' lang='lat' dir='ltr'><strong>Sina</strong></span> <span class='ocrx_word' id='word_1_338' title='bbox 1931 3560 2171 3607; x_wconf 90' lang='lat' dir='ltr'><strong>montem</strong></span> <span class='ocrx_word' id='word_1_339' title='bbox 2189 3562 2216 3591; x_wconf 69' lang='grc' dir='ltr'><strong>ει</strong></span> <span class='ocrx_word' id='word_1_340' title='bbox 2234 3590 2253 3617; x_wconf 88' lang='lat'><strong>,</strong></span> 
     </span>
    </p>
   </div>
   <div class='ocr_carea' id='block_1_55' title="bbox 656 3632 2257 3718">
    <p class='ocr_par' dir='ltr' id='par_1_55' title="bbox 656 3632 2257 3718">
     <span class='ocr_line' id='line_1_55' title="bbox 656 3632 2257 3718; baseline -0.001 -20"><span class='ocrx_word' id='word_1_341' title='bbox 656 3653 819 3702; x_wconf 83' lang='lat' dir='ltr'><strong>vocat</strong></span> <span class='ocrx_word' id='word_1_342' title='bbox 883 3646 1069 3702; x_wconf 87' lang='lat' dir='ltr'><strong>omnia</strong></span> <span class='ocrx_word' id='word_1_343' title='bbox 1117 3647 1419 3703; x_wconf 83' lang='lat' dir='ltr'><strong>secundum</strong></span> <span class='ocrx_word' id='word_1_344' title='bbox 1488 3645 1662 3718; x_wconf 87' lang='lat' dir='ltr'><strong>legem</strong></span> <span class='ocrx_word' id='word_1_345' title='bbox 1729 3632 2059 3700; x_wconf 74' lang='lat' dir='ltr'><strong>sacriﬁcate.</strong></span> <span class='ocrx_word' id='word_1_346' title='bbox 2113 3643 2257 3697; x_wconf 83' lang='lat' dir='ltr'><strong>Ante</strong></span> 
     </span>
    </p>
   </div>
   <div class='ocr_carea' id='block_1_56' title="bbox 653 3732 2258 3813">
    <p class='ocr_par' dir='ltr' id='par_1_56' title="bbox 653 3732 2258 3813">
     <span class='ocr_line' id='line_1_56' title="bbox 653 3732 2258 3813; baseline -0.002 -20"><span class='ocrx_word' id='word_1_347' title='bbox 653 3754 787 3795; x_wconf 81' lang='lat' dir='ltr'><strong>vero</strong></span> <span class='ocrx_word' id='word_1_348' title='bbox 839 3732 1080 3811; x_wconf 80' lang='lat' dir='ltr'><strong>perfecta</strong></span> <span class='ocrx_word' id='word_1_349' title='bbox 1120 3756 1151 3795; x_wconf 87' lang='lat' dir='ltr'><strong>a</strong></span> <span class='ocrx_word' id='word_1_350' title='bbox 1201 3739 1467 3813; x_wconf 79' lang='lat' dir='ltr'><strong>legalibus</strong></span> <span class='ocrx_word' id='word_1_351' title='bbox 1517 3737 1782 3810; x_wconf 82' lang='lat' dir='ltr'><strong>symbolis</strong></span> <span class='ocrx_word' id='word_1_352' title='bbox 1829 3734 2258 3808; x_wconf 87' lang='lat' dir='ltr'><strong>preportionali-</strong></span> 
     </span>
    </p>
   </div>
   <div class='ocr_carea' id='block_1_57' title="bbox 660 3829 2253 3905">
    <p class='ocr_par' dir='ltr' id='par_1_57' title="bbox 660 3829 2253 3905">
     <span class='ocr_line' id='line_1_57' title="bbox 660 3829 2253 3905; baseline -0.004 -16"><span class='ocrx_word' id='word_1_353' title='bbox 660 3845 747 3889; x_wconf 84' lang='lat' dir='ltr'><strong>ter</strong></span> <span class='ocrx_word' id='word_1_354' title='bbox 792 3834 860 3888; x_wconf 89' lang='lat' dir='ltr'><strong>ad</strong></span> <span class='ocrx_word' id='word_1_355' title='bbox 913 3834 1299 3905; x_wconf 72' lang='lat' dir='ltr'><strong>pcrlectiorem’</strong></span> <span class='ocrx_word' id='word_1_356' title='bbox 1357 3832 1660 3891; x_wconf 87' lang='lat' dir='ltr'><strong>doctrinam</strong></span> <span class='ocrx_word' id='word_1_357' title='bbox 1734 3833 2068 3889; x_wconf 87' lang='lat' dir='ltr'><strong>reducimus.</strong></span> <span class='ocrx_word' id='word_1_358' title='bbox 2122 3829 2253 3884; x_wconf 83' lang='lat' dir='ltr'><strong>Per-</strong></span> 
     </span>
    </p>
   </div>
   <div class='ocr_carea' id='block_1_58' title="bbox 657 3922 2255 3996">
    <p class='ocr_par' dir='ltr' id='par_1_58' title="bbox 657 3922 2255 3996">
     <span class='ocr_line' id='line_1_58' title="bbox 657 3922 2255 3996; baseline 0 -20"><span class='ocrx_word' id='word_1_359' title='bbox 657 3922 942 3979; x_wconf 79' lang='lat' dir='ltr'><strong>fectioretn</strong></span> <span class='ocrx_word' id='word_1_360' title='bbox 974 3936 1155 3981; x_wconf 89' lang='lat' dir='ltr'><strong>autem</strong></span> <span class='ocrx_word' id='word_1_361' title='bbox 1186 3924 1493 3981; x_wconf 89' lang='lat' dir='ltr'><strong>doctrinam</strong></span> <span class='ocrx_word' id='word_1_362' title='bbox 1525 3924 1793 3996; x_wconf 78' lang='lat' dir='ltr'><strong>theologia</strong></span> <span class='ocrx_word' id='word_1_363' title='bbox 1825 3923 2124 3979; x_wconf 80' lang='lat' dir='ltr'><strong>secundent</strong></span> <span class='ocrx_word' id='word_1_364' title='bbox 2150 3934 2255 3976; x_wconf 86' lang='lat' dir='ltr'><strong>nos</strong></span> 
     </span>
    </p>
   </div>
   <div class='ocr_carea' id='block_1_59' title="bbox 655 4006 2253 4088">
    <p class='ocr_par' dir='ltr' id='par_1_59' title="bbox 655 4006 2253 4088">
     <span class='ocr_line' id='line_1_59' title="bbox 655 4006 2253 4088; baseline -0.001 -18"><span class='ocrx_word' id='word_1_365' title='bbox 655 4014 989 4072; x_wconf 86' lang='lat' dir='ltr'><strong>lerarchiam</strong></span> <span class='ocrx_word' id='word_1_366' title='bbox 1031 4016 1165 4072; x_wconf 88' lang='lat' dir='ltr'><strong>dicit</strong></span> <span class='ocrx_word' id='word_1_367' title='bbox 1223 4006 1617 4088; x_wconf 84' lang='lat' dir='ltr'><strong>plenitudinem</strong></span> <span class='ocrx_word' id='word_1_368' title='bbox 1665 4018 1807 4071; x_wconf 90' lang='lat' dir='ltr'><strong>hanc</strong></span> <span class='ocrx_word' id='word_1_369' title='bbox 1858 4015 2007 4072; x_wconf 79' lang='lat' dir='ltr'><strong>iilius</strong></span> <span class='ocrx_word' id='word_1_370' title='bbox 2050 4028 2253 4070; x_wconf 88' lang='lat' dir='ltr'><strong>vocans</strong></span> 
     </span>
    </p>
   </div>
   <div class='ocr_carea' id='block_1_60' title="bbox 645 4097 2254 4177">
    <p class='ocr_par' dir='ltr' id='par_1_60' title="bbox 645 4097 2254 4177">
     <span class='ocr_line' id='line_1_60' title="bbox 645 4097 2254 4177; baseline -0.001 -14"><span class='ocrx_word' id='word_1_371' title='bbox 645 4116 709 4164; x_wconf 85' lang='lat' dir='ltr'><strong>et</strong></span> <span class='ocrx_word' id='word_1_372' title='bbox 735 4122 953 4163; x_wconf 87' lang='lat' dir='ltr'><strong>sacrum</strong></span> <span class='ocrx_word' id='word_1_373' title='bbox 986 4106 1173 4164; x_wconf 88' lang='lat' dir='ltr'><strong>ﬁnem.</strong></span> <span class='ocrx_word' id='word_1_374' title='bbox 1224 4108 1319 4163; x_wconf 86' lang='lat' dir='ltr'><strong>Est</strong></span> <span class='ocrx_word' id='word_1_375' title='bbox 1362 4116 1542 4165; x_wconf 88' lang='lat' dir='ltr'><strong>autem</strong></span> <span class='ocrx_word' id='word_1_376' title='bbox 1579 4097 1633 4162; x_wconf 81' lang='lat' dir='ltr'><strong>et</strong></span> <span class='ocrx_word' id='word_1_377' title='bbox 1669 4106 1932 4164; x_wconf 83' lang='lat' dir='ltr'><strong>caelestis</strong></span> <span class='ocrx_word' id='word_1_378' title='bbox 1976 4116 2031 4161; x_wconf 89' lang='lat' dir='ltr'><strong>et</strong></span> <span class='ocrx_word' id='word_1_379' title='bbox 2065 4105 2254 4177; x_wconf 76' lang='lat' dir='ltr'><strong>legalis</strong></span> 
     </span>
    </p>
   </div>
   <div class='ocr_carea' id='block_1_61' title="bbox 658 4196 2253 4267">
    <p class='ocr_par' dir='ltr' id='par_1_61' title="bbox 658 4196 2253 4267">
     <span class='ocr_line' id='line_1_61' title="bbox 658 4196 2253 4267; baseline -0.003 -11"><span class='ocrx_word' id='word_1_380' title='bbox 658 4201 1153 4257; x_wconf 83' lang='lat' dir='ltr'><strong>communicativae</strong></span> <span class='ocrx_word' id='word_1_381' title='bbox 1199 4200 1489 4255; x_wconf 68' lang='lat' dir='ltr'><strong>medietati.</strong></span> <span class='ocrx_word' id='word_1_382' title='bbox 1525 4210 1896 4256; x_wconf 84' lang='lat' dir='ltr'><strong>extremarum</strong></span> <span class='ocrx_word' id='word_1_383' title='bbox 1923 4207 2164 4267; x_wconf 85' lang='lat' dir='ltr'><strong>recepta,</strong></span> <span class='ocrx_word' id='word_1_384' title='bbox 2199 4196 2253 4251; x_wconf 87' lang='lat' dir='ltr'><strong>ei</strong></span> 
     </span>
    </p>
   </div>
   <div class='ocr_carea' id='block_1_62' title="bbox 590 4290 2256 4363">
    <p class='ocr_par' dir='ltr' id='par_1_62' title="bbox 590 4290 2256 4363">
     <span class='ocr_line' id='line_1_62' title="bbox 590 4290 2256 4363; baseline -0.004 -14"><span class='ocrx_word' id='word_1_385' title='bbox 590 4300 595 4303; x_wconf 67' lang='grc'><strong>“</strong></span> <span class='ocrx_word' id='word_1_386' title='bbox 652 4293 871 4363; x_wconf 79' lang='lat' dir='ltr'><strong>quidem</strong></span> <span class='ocrx_word' id='word_1_387' title='bbox 912 4295 1324 4351; x_wconf 82' lang='lat' dir='ltr'><strong>communicans</strong></span> <span class='ocrx_word' id='word_1_388' title='bbox 1351 4292 1806 4349; x_wconf 79' lang='lat' dir='ltr'><strong>intellectuatihns</strong></span> <span class='ocrx_word' id='word_1_389' title='bbox 1843 4290 2256 4359; x_wconf 82' lang='lat' dir='ltr'><strong>contemplatio-</strong></span> 
     </span>
    </p>
   </div>
   <div class='ocr_carea' id='block_1_63' title="bbox 651 4380 2256 4457">
    <p class='ocr_par' dir='ltr' id='par_1_63' title="bbox 651 4380 2256 4457">
     <span class='ocr_line' id='line_1_63' title="bbox 651 4380 2256 4457; baseline -0.002 -17"><span class='ocrx_word' id='word_1_390' title='bbox 651 4386 866 4442; x_wconf 82' lang='lat' dir='ltr'><strong>nibus:</strong></span> <span class='ocrx_word' id='word_1_391' title='bbox 929 4387 1055 4441; x_wconf 89' lang='lat' dir='ltr'><strong>huic</strong></span> <span class='ocrx_word' id='word_1_392' title='bbox 1105 4401 1237 4443; x_wconf 76' lang='lat' dir='ltr'><strong>vero</strong></span> <span class='ocrx_word' id='word_1_393' title='bbox 1288 4385 1350 4453; x_wconf 89' lang='grc'><strong>³,</strong></span> <span class='ocrx_word' id='word_1_394' title='bbox 1407 4385 1538 4457; x_wconf 81' lang='lat' dir='ltr'><strong>quia</strong></span> <span class='ocrx_word' id='word_1_395' title='bbox 1595 4384 1856 4457; x_wconf 79' lang='lat' dir='ltr'><strong>symbolis</strong></span> <span class='ocrx_word' id='word_1_396' title='bbox 1906 4380 2256 4445; x_wconf 78' lang='lat' dir='ltr'><strong>sensibilibus</strong></span> 
     </span>
    </p>
   </div>
   <div class='ocr_carea' id='block_1_64' title="bbox 652 4474 2252 4550">
    <p class='ocr_par' dir='ltr' id='par_1_64' title="bbox 652 4474 2252 4550">
     <span class='ocr_line' id='line_1_64' title="bbox 652 4474 2252 4550; baseline -0.003 -17"><span class='ocrx_word' id='word_1_397' title='bbox 652 4478 919 4544; x_wconf 84' lang='lat' dir='ltr'><strong>variatur,</strong></span> <span class='ocrx_word' id='word_1_398' title='bbox 964 4488 1021 4534; x_wconf 91' lang='lat' dir='ltr'><strong>et</strong></span> <span class='ocrx_word' id='word_1_399' title='bbox 1050 4495 1146 4550; x_wconf 88' lang='lat' dir='ltr'><strong>per</strong></span> <span class='ocrx_word' id='word_1_400' title='bbox 1194 4494 1258 4535; x_wconf 87' lang='lat' dir='ltr'><strong>ea</strong></span> <span class='ocrx_word' id='word_1_401' title='bbox 1289 4494 1446 4535; x_wconf 84' lang='lat' dir='ltr'><strong>sacre</strong></span> <span class='ocrx_word' id='word_1_402' title='bbox 1482 4479 1539 4535; x_wconf 92' lang='lat' dir='ltr'><strong>in</strong></span> <span class='ocrx_word' id='word_1_403' title='bbox 1568 4478 1741 4533; x_wconf 88' lang='lat' dir='ltr'><strong>Deum</strong></span> <span class='ocrx_word' id='word_1_404' title='bbox 1785 4477 2082 4532; x_wconf 89' lang='lat' dir='ltr'><strong>reducitur.</strong></span> <span class='ocrx_word' id='word_1_405' title='bbox 2128 4474 2252 4529; x_wconf 89' lang='lat' dir='ltr'><strong>Tri-</strong></span> 
     </span>
    </p>
   </div>
   <div class='ocr_carea' id='block_1_65' title="bbox 2360 1897 3961 1977">
    <p class='ocr_par' dir='ltr' id='par_1_65' title="bbox 2360 1897 3961 1977">
     <span class='ocr_line' id='line_1_65' title="bbox 2360 1897 3961 1977; baseline -0.008 -19"><span class='ocrx_word' id='word_1_406' title='bbox 2360 1902 2982 1977; x_wconf 77' lang='lat' dir='ltr'><strong>gatiouemilluminans,</strong></span> <span class='ocrx_word' id='word_1_407' title='bbox 3015 1907 3070 1955; x_wconf 92' lang='lat' dir='ltr'><strong>et</strong></span> <span class='ocrx_word' id='word_1_408' title='bbox 3088 1897 3429 1969; x_wconf 86' lang='lat' dir='ltr'><strong>quorundam</strong></span> <span class='ocrx_word' id='word_1_409' title='bbox 3461 1902 3775 1952; x_wconf 87' lang='lat' dir='ltr'><strong>sanctorum</strong></span> <span class='ocrx_word' id='word_1_410' title='bbox 3827 1908 3961 1948; x_wconf 84' lang='lat' dir='ltr'><strong>con-</strong></span> 
     </span>
    </p>
   </div>
   <div class='ocr_carea' id='block_1_66' title="bbox 2363 1980 3959 2066">
    <p class='ocr_par' dir='ltr' id='par_1_66' title="bbox 2363 1980 3959 2066">
     <span class='ocr_line' id='line_1_66' title="bbox 2363 1980 3959 2066; baseline -0.007 -16"><span class='ocrx_word' id='word_1_411' title='bbox 2363 1980 2712 2066; x_wconf 76' lang='lat' dir='ltr'><strong>templativa:</strong></span> <span class='ocrx_word' id='word_1_412' title='bbox 2762 1994 2954 2051; x_wconf 88' lang='lat' dir='ltr'><strong>ultima</strong></span> <span class='ocrx_word' id='word_1_413' title='bbox 2993 1990 3179 2048; x_wconf 84' lang='lat' dir='ltr'><strong>autem</strong></span> <span class='ocrx_word' id='word_1_414' title='bbox 3205 2000 3260 2049; x_wconf 90' lang='lat' dir='ltr'><strong>et</strong></span> <span class='ocrx_word' id='word_1_415' title='bbox 3283 1989 3519 2046; x_wconf 87' lang='lat' dir='ltr'><strong>divinior</strong></span> <span class='ocrx_word' id='word_1_416' title='bbox 3560 1988 3812 2050; x_wconf 83' lang='lat' dir='ltr'><strong>aliarum,</strong></span> <span class='ocrx_word' id='word_1_417' title='bbox 3839 1985 3959 2055; x_wconf 70' lang='lat' dir='ltr'><strong>ipsa</strong></span> 
     </span>
    </p>
   </div>
   <div class='ocr_carea' id='block_1_67' title="bbox 2361 2080 3964 2164">
    <p class='ocr_par' dir='ltr' id='par_1_67' title="bbox 2361 2080 3964 2164">
     <span class='ocr_line' id='line_1_67' title="bbox 2361 2080 3964 2164; baseline -0.007 -18"><span class='ocrx_word' id='word_1_418' title='bbox 2361 2097 2678 2146; x_wconf 83' lang='lat' dir='ltr'><strong>sanctorum</strong></span> <span class='ocrx_word' id='word_1_419' title='bbox 2722 2089 3140 2164; x_wconf 75' lang='lat' dir='ltr'><strong>photismatum,</strong></span> <span class='ocrx_word' id='word_1_420' title='bbox 3185 2099 3418 2156; x_wconf 88' lang='lat' dir='ltr'><strong>quorum</strong></span> <span class='ocrx_word' id='word_1_421' title='bbox 3446 2080 3698 2148; x_wconf 76' lang='lat' dir='ltr'><strong>efﬁcitur,</strong></span> <span class='ocrx_word' id='word_1_422' title='bbox 3720 2090 3964 2138; x_wconf 82' lang='lat' dir='ltr'><strong>eontem-</strong></span> 
     </span>
    </p>
   </div>
   <div class='ocr_carea' id='block_1_68' title="bbox 2360 2164 3957 2252">
    <p class='ocr_par' dir='ltr' id='par_1_68' title="bbox 2360 2164 3957 2252">
     <span class='ocr_line' id='line_1_68' title="bbox 2360 2164 3957 2252; baseline -0.006 -19"><span class='ocrx_word' id='word_1_423' title='bbox 2360 2179 2559 2252; x_wconf 82' lang='lat' dir='ltr'><strong>platrix</strong></span> <span class='ocrx_word' id='word_1_424' title='bbox 2597 2220 2612 2246; x_wconf 88' lang='lat'><strong>,</strong></span> <span class='ocrx_word' id='word_1_425' title='bbox 2697 2164 3014 2235; x_wconf 85' lang='lat' dir='ltr'><strong>illuminans</strong></span> <span class='ocrx_word' id='word_1_426' title='bbox 3095 2174 3584 2233; x_wconf 74' lang='lat' dir='ltr'><strong>consummativam</strong></span> <span class='ocrx_word' id='word_1_427' title='bbox 3652 2171 3957 2233; x_wconf 82' lang='lat' dir='ltr'><strong>scientiam.</strong></span> 
     </span>
    </p>
   </div>
   <div class='ocr_carea' id='block_1_69' title="bbox 2364 2263 3961 2342">
    <p class='ocr_par' dir='ltr' id='par_1_69' title="bbox 2364 2263 3961 2342">
     <span class='ocr_line' id='line_1_69' title="bbox 2364 2263 3961 2342; baseline -0.006 -17"><span class='ocrx_word' id='word_1_428' title='bbox 2364 2272 2603 2328; x_wconf 83' lang='lat' dir='ltr'><strong>Sanctae</strong></span> <span class='ocrx_word' id='word_1_429' title='bbox 2668 2286 2798 2342; x_wconf 81' lang='lat' dir='ltr'><strong>ergo</strong></span> <span class='ocrx_word' id='word_1_430' title='bbox 2868 2270 3154 2326; x_wconf 82' lang='lat' dir='ltr'><strong>teletarum</strong></span> <span class='ocrx_word' id='word_1_431' title='bbox 3221 2265 3496 2337; x_wconf 79' lang='lat' dir='ltr'><strong>lerurgiae</strong></span> <span class='ocrx_word' id='word_1_432' title='bbox 3574 2263 3716 2320; x_wconf 89' lang='lat' dir='ltr'><strong>trina</strong></span> <span class='ocrx_word' id='word_1_433' title='bbox 3786 2263 3961 2319; x_wconf 80' lang='lat' dir='ltr'><strong>virtus</strong></span> 
     </span>
    </p>
   </div>
   <div class='ocr_carea' id='block_1_70' title="bbox 2363 2351 3961 2430">
    <p class='ocr_par' dir='ltr' id='par_1_70' title="bbox 2363 2351 3961 2430">
     <span class='ocr_line' id='line_1_70' title="bbox 2363 2351 3961 2430; baseline -0.005 -16"><span class='ocrx_word' id='word_1_434' title='bbox 2363 2359 2635 2425; x_wconf 83' lang='lat' dir='ltr'><strong>laudatur,</strong></span> <span class='ocrx_word' id='word_1_435' title='bbox 2681 2374 2873 2417; x_wconf 79' lang='lat' dir='ltr'><strong>sacrae</strong></span> <span class='ocrx_word' id='word_1_436' title='bbox 2900 2358 3139 2430; x_wconf 82' lang='lat' dir='ltr'><strong>quidem</strong></span> <span class='ocrx_word' id='word_1_437' title='bbox 3193 2354 3579 2427; x_wconf 80' lang='lat' dir='ltr'><strong>theogenesiae</strong></span> <span class='ocrx_word' id='word_1_438' title='bbox 3617 2368 3683 2408; x_wconf 80' lang='lat' dir='ltr'><strong>ex</strong></span> <span class='ocrx_word' id='word_1_439' title='bbox 3731 2351 3961 2422; x_wconf 77' lang='lat' dir='ltr'><strong>eloquiis</strong></span> 
     </span>
    </p>
   </div>
   <div class='ocr_carea' id='block_1_71' title="bbox 2361 2440 3956 2521">
    <p class='ocr_par' dir='ltr' id='par_1_71' title="bbox 2361 2440 3956 2521">
     <span class='ocr_line' id='line_1_71' title="bbox 2361 2440 3956 2521; baseline -0.006 -15"><span class='ocrx_word' id='word_1_440' title='bbox 2361 2450 2748 2520; x_wconf 86' lang='lat' dir='ltr'><strong>comprobatae</strong></span> <span class='ocrx_word' id='word_1_441' title='bbox 2793 2448 3116 2521; x_wconf 80' lang='lat' dir='ltr'><strong>purgatione</strong></span> <span class='ocrx_word' id='word_1_442' title='bbox 3137 2455 3192 2502; x_wconf 88' lang='lat' dir='ltr'><strong>et</strong></span> <span class='ocrx_word' id='word_1_443' title='bbox 3212 2445 3503 2516; x_wconf 87' lang='lat' dir='ltr'><strong>photistica</strong></span> <span class='ocrx_word' id='word_1_444' title='bbox 3530 2440 3956 2499; x_wconf 84' lang='lat' dir='ltr'><strong>illuminationc:</strong></span> 
     </span>
    </p>
   </div>
   <div class='ocr_carea' id='block_1_72' title="bbox 2362 2532 3959 2614">
    <p class='ocr_par' dir='ltr' id='par_1_72' title="bbox 2362 2532 3959 2614">
     <span class='ocr_line' id='line_1_72' title="bbox 2362 2532 3959 2614; baseline -0.008 -16"><span class='ocrx_word' id='word_1_445' title='bbox 2362 2556 2631 2614; x_wconf 75' lang='lat' dir='ltr'><strong>synaxeos</strong></span> <span class='ocrx_word' id='word_1_446' title='bbox 2683 2550 2867 2596; x_wconf 89' lang='lat' dir='ltr'><strong>autem</strong></span> <span class='ocrx_word' id='word_1_447' title='bbox 2916 2551 2973 2594; x_wconf 89' lang='lat' dir='ltr'><strong>et</strong></span> <span class='ocrx_word' id='word_1_448' title='bbox 3023 2537 3180 2610; x_wconf 76' lang='lat' dir='ltr'><strong>myri</strong></span> <span class='ocrx_word' id='word_1_449' title='bbox 3231 2534 3429 2593; x_wconf 87' lang='lat' dir='ltr'><strong>teletae</strong></span> <span class='ocrx_word' id='word_1_450' title='bbox 3494 2532 3959 2590; x_wconf 84' lang='lat' dir='ltr'><strong>consummativa&#39;e</strong></span> 
     </span>
    </p>
   </div>
   <div class='ocr_carea' id='block_1_73' title="bbox 2362 2628 3957 2701">
    <p class='ocr_par' dir='ltr' id='par_1_73' title="bbox 2362 2628 3957 2701">
     <span class='ocr_line' id='line_1_73' title="bbox 2362 2628 3957 2701; baseline -0.006 -11"><span class='ocrx_word' id='word_1_451' title='bbox 2362 2635 2923 2690; x_wconf 80' lang='lat' dir='ltr'><strong>divinorumactuum</strong></span> <span class='ocrx_word' id='word_1_452' title='bbox 2953 2630 3263 2701; x_wconf 82' lang='lat' dir='ltr'><strong>cognitione</strong></span> <span class='ocrx_word' id='word_1_453' title='bbox 3291 2638 3343 2684; x_wconf 90' lang='lat' dir='ltr'><strong>et</strong></span> <span class='ocrx_word' id='word_1_454' title='bbox 3380 2628 3631 2693; x_wconf 85' lang='lat' dir='ltr'><strong>scientia,</strong></span> <span class='ocrx_word' id='word_1_455' title='bbox 3663 2640 3761 2698; x_wconf 86' lang='lat' dir='ltr'><strong>per</strong></span> <span class='ocrx_word' id='word_1_456' title='bbox 3794 2640 3957 2699; x_wconf 86' lang='lat' dir='ltr'><strong>quam</strong></span> 
     </span>
    </p>
   </div>
   <div class='ocr_carea' id='block_1_74' title="bbox 2361 2718 3960 2791">
    <p class='ocr_par' dir='ltr' id='par_1_74' title="bbox 2361 2718 3960 2791">
     <span class='ocr_line' id='line_1_74' title="bbox 2361 2718 3960 2791; baseline -0.007 -7"><span class='ocrx_word' id='word_1_457' title='bbox 2361 2727 2708 2784; x_wconf 83' lang='lat' dir='ltr'><strong>sacerdotum</strong></span> <span class='ocrx_word' id='word_1_458' title='bbox 2733 2726 2836 2781; x_wconf 68' lang='lat' dir='ltr'><strong>“ad</strong></span> <span class='ocrx_word' id='word_1_459' title='bbox 2853 2723 3191 2780; x_wconf 85' lang='lat' dir='ltr'><strong>divinitatem</strong></span> <span class='ocrx_word' id='word_1_460' title='bbox 3213 2732 3473 2791; x_wconf 85' lang='lat' dir='ltr'><strong>tanquam</strong></span> <span class='ocrx_word' id='word_1_461' title='bbox 3493 2718 3691 2775; x_wconf 85' lang='lat' dir='ltr'><strong>uniﬁca</strong></span> <span class='ocrx_word' id='word_1_462' title='bbox 3716 2731 3960 2790; x_wconf 76' lang='lat' dir='ltr'><strong>anagogo</strong></span> 
     </span>
    </p>
   </div>
   <div class='ocr_carea' id='block_1_75' title="bbox 2360 2798 3958 2883">
    <p class='ocr_par' dir='ltr' id='par_1_75' title="bbox 2360 2798 3958 2883">
     <span class='ocr_line' id='line_1_75' title="bbox 2360 2798 3958 2883; baseline -0.007 -8"><span class='ocrx_word' id='word_1_463' title='bbox 2360 2827 2417 2875; x_wconf 89' lang='lat' dir='ltr'><strong>et</strong></span> <span class='ocrx_word' id='word_1_464' title='bbox 2442 2818 2763 2874; x_wconf 87' lang='lat' dir='ltr'><strong>beatissima</strong></span> <span class='ocrx_word' id='word_1_465' title='bbox 2791 2814 3221 2872; x_wconf 84' lang='lat' dir='ltr'><strong>communicatio</strong></span> <span class='ocrx_word' id='word_1_466' title='bbox 3262 2798 3562 2883; x_wconf 79' lang='lat' dir='ltr'><strong>perﬁcitur.</strong></span> <span class='ocrx_word' id='word_1_467' title='bbox 3591 2809 3749 2865; x_wconf 84' lang='lat' dir='ltr'><strong>Nunc</strong></span> <span class='ocrx_word' id='word_1_468' title='bbox 3775 2816 3958 2864; x_wconf 86' lang='lat' dir='ltr'><strong>autem</strong></span> 
     </span>
    </p>
   </div>
   <div class='ocr_carea' id='block_1_76' title="bbox 2361 2908 3960 2979">
    <p class='ocr_par' dir='ltr' id='par_1_76' title="bbox 2361 2908 3960 2979">
     <span class='ocr_line' id='line_1_76' title="bbox 2361 2908 3960 2979; baseline -0.01 -11"><span class='ocrx_word' id='word_1_469' title='bbox 2361 2910 2759 2968; x_wconf 87' lang='lat' dir='ltr'><strong>sacerdotalem</strong></span> <span class='ocrx_word' id='word_1_470' title='bbox 2810 2908 3239 2979; x_wconf 85' lang='lat' dir='ltr'><strong>dispositionem.</strong></span> <span class='ocrx_word' id='word_1_471' title='bbox 3278 2913 3674 2973; x_wconf 88' lang='lat' dir='ltr'><strong>consequenter</strong></span> <span class='ocrx_word' id='word_1_472' title='bbox 3699 2914 3960 2959; x_wconf 79' lang='lat' dir='ltr'><strong>enarran-</strong></span> 
     </span>
    </p>
   </div>
   <div class='ocr_carea' id='block_1_77' title="bbox 2360 2993 3960 3072">
    <p class='ocr_par' dir='ltr' id='par_1_77' title="bbox 2360 2993 3960 3072">
     <span class='ocr_line' id='line_1_77' title="bbox 2360 2993 3960 3072; baseline -0.007 -15"><span class='ocrx_word' id='word_1_473' title='bbox 2360 3002 2512 3067; x_wconf 86' lang='lat' dir='ltr'><strong>dum,</strong></span> <span class='ocrx_word' id='word_1_474' title='bbox 2543 3001 2599 3056; x_wconf 90' lang='lat' dir='ltr'><strong>in</strong></span> <span class='ocrx_word' id='word_1_475' title='bbox 2632 3000 2978 3072; x_wconf 81' lang='lat' dir='ltr'><strong>purgativam</strong></span> <span class='ocrx_word' id='word_1_476' title='bbox 3003 3008 3058 3054; x_wconf 89' lang='lat' dir='ltr'><strong>et</strong></span> <span class='ocrx_word' id='word_1_477' title='bbox 3097 2996 3512 3053; x_wconf 68' lang='lat' dir='ltr'><strong>isluminativam</strong></span> <span class='ocrx_word' id='word_1_478' title='bbox 3537 3001 3592 3051; x_wconf 88' lang='lat' dir='ltr'><strong>et</strong></span> <span class='ocrx_word' id='word_1_479' title='bbox 3616 2993 3960 3065; x_wconf 70' lang='lat' dir='ltr'><strong>consumma-</strong></span> 
     </span>
    </p>
   </div>
   <div class='ocr_carea' id='block_1_78' title="bbox 2364 3092 3539 3152">
    <p class='ocr_par' dir='ltr' id='par_1_78' title="bbox 2364 3092 3539 3152">
     <span class='ocr_line' id='line_1_78' title="bbox 2364 3092 3539 3152; baseline -0.007 -2"><span class='ocrx_word' id='word_1_480' title='bbox 2364 3096 2527 3151; x_wconf 81' lang='lat' dir='ltr'><strong>tivam</strong></span> <span class='ocrx_word' id='word_1_481' title='bbox 2557 3094 2964 3152; x_wconf 87' lang='lat' dir='ltr'><strong>ordinationem</strong></span> <span class='ocrx_word' id='word_1_482' title='bbox 2996 3092 3226 3148; x_wconf 84' lang='lat' dir='ltr'><strong>divisam</strong></span> <span class='ocrx_word' id='word_1_483' title='bbox 3534 3102 3539 3109; x_wconf 74' lang='lat'><strong>‘</strong></span> 
     </span>
    </p>
   </div>
   <div class='ocr_carea' id='block_1_79' title="bbox 2920 3182 3427 3243">
    <p class='ocr_par' dir='ltr' id='par_1_79' title="bbox 2920 3182 3427 3243">
     <span class='ocr_line' id='line_1_79' title="bbox 2920 3182 3427 3243; baseline -0.01 0"><span class='ocrx_word' id='word_1_484' title='bbox 2920 3183 3326 3243; x_wconf 72' lang='lat' dir='ltr'><strong>CAPITULUM</strong></span> <span class='ocrx_word' id='word_1_485' title='bbox 3365 3182 3427 3239; x_wconf 87' lang='lat' dir='ltr'><strong>V.</strong></span> 
     </span>
    </p>
   </div>
   <div class='ocr_carea' id='block_1_80' title="bbox 2605 3271 3696 3337">
    <p class='ocr_par' dir='ltr' id='par_1_80' title="bbox 2605 3271 3696 3337">
     <span class='ocr_line' id='line_1_80' title="bbox 2605 3271 3696 3337; baseline -0.011 0"><span class='ocrx_word' id='word_1_486' title='bbox 2605 3280 2683 3336; x_wconf 83' lang='lat' dir='ltr'><strong>De</strong></span> <span class='ocrx_word' id='word_1_487' title='bbox 2708 3276 3123 3337; x_wconf 72' lang='lat' dir='ltr'><strong>sacerdotalibus</strong></span> <span class='ocrx_word' id='word_1_488' title='bbox 3153 3271 3696 3329; x_wconf 78' lang='lat' dir='ltr'><strong>consummationibus</strong></span> 
     </span>
    </p>
   </div>
   <div class='ocr_carea' id='block_1_81' title="bbox 2432 3360 3962 3443">
    <p class='ocr_par' dir='ltr' id='par_1_81' title="bbox 2432 3360 3962 3443">
     <span class='ocr_line' id='line_1_81' title="bbox 2432 3360 3962 3443; baseline -0.01 -15"><span class='ocrx_word' id='word_1_489' title='bbox 2432 3372 2543 3428; x_wconf 79' lang='lat' dir='ltr'><strong>Lex</strong></span> <span class='ocrx_word' id='word_1_490' title='bbox 2570 3371 2792 3443; x_wconf 84' lang='lat' dir='ltr'><strong>quidem</strong></span> <span class='ocrx_word' id='word_1_491' title='bbox 2826 3371 2962 3426; x_wconf 87' lang='lat' dir='ltr'><strong>haec</strong></span> <span class='ocrx_word' id='word_1_492' title='bbox 2990 3375 3073 3422; x_wconf 90' lang='lat' dir='ltr'><strong>est</strong></span> <span class='ocrx_word' id='word_1_493' title='bbox 3102 3364 3416 3420; x_wconf 82' lang='lat' dir='ltr'><strong>thearchiae</strong></span> <span class='ocrx_word' id='word_1_494' title='bbox 3441 3360 3837 3426; x_wconf 74' lang='lat' dir='ltr'><strong>sacratissima,</strong></span> <span class='ocrx_word' id='word_1_495' title='bbox 3864 3372 3962 3430; x_wconf 78' lang='lat' dir='ltr'><strong>per</strong></span> 
     </span>
    </p>
   </div>
   <div class='ocr_carea' id='block_1_82' title="bbox 2360 3450 3963 3537">
    <p class='ocr_par' dir='ltr' id='par_1_82' title="bbox 2360 3450 3963 3537">
     <span class='ocr_line' id='line_1_82' title="bbox 2360 3450 3963 3537; baseline -0.011 -16"><span class='ocrx_word' id='word_1_496' title='bbox 2360 3467 2535 3537; x_wconf 88' lang='lat' dir='ltr'><strong>prima</strong></span> <span class='ocrx_word' id='word_1_497' title='bbox 2580 3463 2819 3520; x_wconf 87' lang='lat' dir='ltr'><strong>secunda</strong></span> <span class='ocrx_word' id='word_1_498' title='bbox 2867 3461 2935 3515; x_wconf 90' lang='lat' dir='ltr'><strong>ad</strong></span> <span class='ocrx_word' id='word_1_499' title='bbox 2964 3458 3360 3514; x_wconf 86' lang='lat' dir='ltr'><strong>divinissimam</strong></span> <span class='ocrx_word' id='word_1_500' title='bbox 3392 3468 3549 3509; x_wconf 88' lang='lat' dir='ltr'><strong>suam</strong></span> <span class='ocrx_word' id='word_1_501' title='bbox 3592 3450 3853 3507; x_wconf 86' lang='lat' dir='ltr'><strong>reducere</strong></span> <span class='ocrx_word' id='word_1_502' title='bbox 3880 3450 3963 3505; x_wconf 84' lang='lat' dir='ltr'><strong>ln-</strong></span> 
     </span>
    </p>
   </div>
   <div class='ocr_carea' id='block_1_83' title="bbox 2359 3540 3961 3612">
    <p class='ocr_par' dir='ltr' id='par_1_83' title="bbox 2359 3540 3961 3612">
     <span class='ocr_line' id='line_1_83' title="bbox 2359 3540 3961 3612; baseline -0.011 0"><span class='ocrx_word' id='word_1_503' title='bbox 2359 3571 2499 3612; x_wconf 89' lang='lat' dir='ltr'><strong>cem.</strong></span> <span class='ocrx_word' id='word_1_504' title='bbox 2532 3555 2613 3611; x_wconf 85' lang='lat' dir='ltr'><strong>An</strong></span> <span class='ocrx_word' id='word_1_505' title='bbox 2641 3569 2748 3610; x_wconf 89' lang='lat' dir='ltr'><strong>non</strong></span> <span class='ocrx_word' id='word_1_506' title='bbox 2778 3549 3064 3607; x_wconf 88' lang='lat' dir='ltr'><strong>sensibiles</strong></span> <span class='ocrx_word' id='word_1_507' title='bbox 3096 3548 3487 3604; x_wconf 85' lang='lat' dir='ltr'><strong>elementorum</strong></span> <span class='ocrx_word' id='word_1_508' title='bbox 3515 3543 3787 3599; x_wconf 88' lang='lat' dir='ltr'><strong>essentias</strong></span> <span class='ocrx_word' id='word_1_509' title='bbox 3813 3540 3961 3597; x_wconf 83' lang='lat' dir='ltr'><strong>vide-</strong></span> 
     </span>
    </p>
   </div>
   <div class='ocr_carea' id='block_1_84' title="bbox 2358 3636 3961 3717">
    <p class='ocr_par' dir='ltr' id='par_1_84' title="bbox 2358 3636 3961 3717">
     <span class='ocr_line' id='line_1_84' title="bbox 2358 3636 3961 3717; baseline -0.01 -13"><span class='ocrx_word' id='word_1_510' title='bbox 2358 3664 2482 3704; x_wconf 88' lang='lat' dir='ltr'><strong>nms</strong></span> <span class='ocrx_word' id='word_1_511' title='bbox 2516 3647 2571 3704; x_wconf 93' lang='lat' dir='ltr'><strong>in</strong></span> <span class='ocrx_word' id='word_1_512' title='bbox 2613 3647 2788 3717; x_wconf 84' lang='lat' dir='ltr'><strong>magis</strong></span> <span class='ocrx_word' id='word_1_513' title='bbox 2833 3644 2914 3701; x_wconf 90' lang='lat' dir='ltr'><strong>eis</strong></span> <span class='ocrx_word' id='word_1_514' title='bbox 2945 3639 3262 3715; x_wconf 82' lang='lat' dir='ltr'><strong>cognatiora</strong></span> <span class='ocrx_word' id='word_1_515' title='bbox 3308 3639 3545 3717; x_wconf 88' lang='lat' dir='ltr'><strong>primum</strong></span> <span class='ocrx_word' id='word_1_516' title='bbox 3573 3636 3874 3699; x_wconf 86' lang='lat' dir='ltr'><strong>venientes,</strong></span> <span class='ocrx_word' id='word_1_517' title='bbox 3904 3641 3961 3688; x_wconf 89' lang='lat' dir='ltr'><strong>et</strong></span> 
     </span>
    </p>
   </div>
   <div class='ocr_carea' id='block_1_85' title="bbox 2357 3724 3961 3810">
    <p class='ocr_par' dir='ltr' id='par_1_85' title="bbox 2357 3724 3961 3810">
     <span class='ocr_line' id='line_1_85' title="bbox 2357 3724 3961 3810; baseline -0.011 -15"><span class='ocrx_word' id='word_1_518' title='bbox 2357 3754 2457 3810; x_wconf 90' lang='lat' dir='ltr'><strong>per</strong></span> <span class='ocrx_word' id='word_1_519' title='bbox 2505 3737 2596 3793; x_wconf 88' lang='lat' dir='ltr'><strong>illa</strong></span> <span class='ocrx_word' id='word_1_520' title='bbox 2640 3738 2695 3793; x_wconf 91' lang='lat' dir='ltr'><strong>in</strong></span> <span class='ocrx_word' id='word_1_521' title='bbox 2733 3736 2838 3791; x_wconf 88' lang='lat' dir='ltr'><strong>alia</strong></span> <span class='ocrx_word' id='word_1_522' title='bbox 2883 3733 3173 3806; x_wconf 29' lang='lat' dir='ltr'><strong>propriam.</strong></span> <span class='ocrx_word' id='word_1_523' title='bbox 3201 3730 3505 3786; x_wconf 89' lang='lat' dir='ltr'><strong>dividentes</strong></span> <span class='ocrx_word' id='word_1_524' title='bbox 3549 3724 3961 3799; x_wconf 81' lang='lat' dir='ltr'><strong>operationem?</strong></span> 
     </span>
    </p>
   </div>
   <div class='ocr_carea' id='block_1_86' title="bbox 2359 3813 3959 3898">
    <p class='ocr_par' dir='ltr' id='par_1_86' title="bbox 2359 3813 3959 3898">
     <span class='ocr_line' id='line_1_86' title="bbox 2359 3813 3959 3898; baseline -0.01 -13"><span class='ocrx_word' id='word_1_525' title='bbox 2359 3829 2591 3885; x_wconf 84' lang='lat' dir='ltr'><strong>Pulchre</strong></span> <span class='ocrx_word' id='word_1_526' title='bbox 2640 3843 2770 3898; x_wconf 80' lang='lat' dir='ltr'><strong>ergo</strong></span> <span class='ocrx_word' id='word_1_527' title='bbox 2818 3824 2999 3881; x_wconf 90' lang='lat' dir='ltr'><strong>omnis</strong></span> <span class='ocrx_word' id='word_1_528' title='bbox 3045 3820 3329 3878; x_wconf 87' lang='lat' dir='ltr'><strong>invisibilis</strong></span> <span class='ocrx_word' id='word_1_529' title='bbox 3375 3828 3431 3874; x_wconf 88' lang='lat' dir='ltr'><strong>et</strong></span> <span class='ocrx_word' id='word_1_530' title='bbox 3479 3813 3707 3873; x_wconf 83' lang='lat' dir='ltr'><strong>visibilis</strong></span> <span class='ocrx_word' id='word_1_531' title='bbox 3735 3824 3959 3871; x_wconf 90' lang='lat' dir='ltr'><strong>ornatus</strong></span> 
     </span>
    </p>
   </div>
   <div class='ocr_carea' id='block_1_87' title="bbox 2357 3907 3962 3996">
    <p class='ocr_par' dir='ltr' id='par_1_87' title="bbox 2357 3907 3962 3996">
     <span class='ocr_line' id='line_1_87' title="bbox 2357 3907 3962 3996; baseline -0.011 -18"><span class='ocrx_word' id='word_1_532' title='bbox 2357 3923 2685 3996; x_wconf 83' lang='lat' dir='ltr'><strong>principium</strong></span> <span class='ocrx_word' id='word_1_533' title='bbox 2732 3929 2791 3976; x_wconf 88' lang='lat' dir='ltr'><strong>et</strong></span> <span class='ocrx_word' id='word_1_534' title='bbox 2832 3917 3247 3973; x_wconf 72' lang='lat' dir='ltr'><strong>fundamentum</strong></span> <span class='ocrx_word' id='word_1_535' title='bbox 3294 3913 3356 3968; x_wconf 81' lang='lat' dir='ltr'><strong>in</strong></span> <span class='ocrx_word' id='word_1_536' title='bbox 3409 3908 3789 3968; x_wconf 70' lang='lat' dir='ltr'><strong>deiformiores</strong></span> <span class='ocrx_word' id='word_1_537' title='bbox 3851 3907 3962 3978; x_wconf 86' lang='lat' dir='ltr'><strong>pri-</strong></span> 
     </span>
    </p>
   </div>
   <div class='ocr_carea' id='block_1_88' title="bbox 2339 4000 3957 4073">
    <p class='ocr_par' dir='ltr' id='par_1_88' title="bbox 2339 4000 3957 4073">
     <span class='ocr_line' id='line_1_88' title="bbox 2339 4000 3957 4073; baseline -0.011 -3"><span class='ocrx_word' id='word_1_538' title='bbox 2339 4031 2477 4071; x_wconf 22' lang='lat' dir='ltr'><strong>ﬂmos</strong></span> <span class='ocrx_word' id='word_1_539' title='bbox 2516 4014 2656 4069; x_wconf 91' lang='lat' dir='ltr'><strong>indit</strong></span> <span class='ocrx_word' id='word_1_540' title='bbox 2694 4012 2918 4068; x_wconf 89' lang='lat' dir='ltr'><strong>deiﬁcos</strong></span> <span class='ocrx_word' id='word_1_541' title='bbox 2950 4008 3132 4065; x_wconf 90' lang='lat' dir='ltr'><strong>radios</strong></span> <span class='ocrx_word' id='word_1_542' title='bbox 3168 4004 3354 4060; x_wconf 89' lang='lat' dir='ltr'><strong>venire</strong></span> <span class='ocrx_word' id='word_1_543' title='bbox 3381 4045 3396 4070; x_wconf 93' lang='lat'><strong>,</strong></span> <span class='ocrx_word' id='word_1_544' title='bbox 3445 4012 3501 4058; x_wconf 90' lang='lat' dir='ltr'><strong>et</strong></span> <span class='ocrx_word' id='word_1_545' title='bbox 3545 4016 3643 4073; x_wconf 88' lang='lat' dir='ltr'><strong>per</strong></span> <span class='ocrx_word' id='word_1_546' title='bbox 3687 4000 3807 4055; x_wconf 89' lang='lat' dir='ltr'><strong>illos</strong></span> <span class='ocrx_word' id='word_1_547' title='bbox 3838 4009 3957 4055; x_wconf 85' lang='lat' dir='ltr'><strong>tan-</strong></span> 
     </span>
    </p>
   </div>
   <div class='ocr_carea' id='block_1_89' title="bbox 2356 4080 3961 4181">
    <p class='ocr_par' dir='ltr' id='par_1_89' title="bbox 2356 4080 3961 4181">
     <span class='ocr_line' id='line_1_89' title="bbox 2356 4080 3961 4181; baseline -0.013 -15"><span class='ocrx_word' id='word_1_548' title='bbox 2356 4125 2520 4181; x_wconf 88' lang='lat' dir='ltr'><strong>quam</strong></span> <span class='ocrx_word' id='word_1_549' title='bbox 2552 4106 2843 4163; x_wconf 86' lang='lat' dir='ltr'><strong>lucidiores</strong></span> <span class='ocrx_word' id='word_1_550' title='bbox 2873 4104 3104 4167; x_wconf 87' lang='lat' dir='ltr'><strong>animos,</strong></span> <span class='ocrx_word' id='word_1_551' title='bbox 3123 4110 3178 4157; x_wconf 88' lang='lat' dir='ltr'><strong>et</strong></span> <span class='ocrx_word' id='word_1_552' title='bbox 3207 4100 3272 4155; x_wconf 86' lang='lat' dir='ltr'><strong>ad</strong></span> <span class='ocrx_word' id='word_1_553' title='bbox 3303 4096 3770 4170; x_wconf 87' lang='lat' dir='ltr'><strong>participationem</strong></span> <span class='ocrx_word' id='word_1_554' title='bbox 3798 4080 3961 4147; x_wconf 42' lang='lat' dir='ltr'><strong>lumi‘o</strong></span> 
     </span>
    </p>
   </div>
   <div class='ocr_carea' id='block_1_90' title="bbox 2358 4184 3961 4266">
    <p class='ocr_par' dir='ltr' id='par_1_90' title="bbox 2358 4184 3961 4266">
     <span class='ocr_line' id='line_1_90' title="bbox 2358 4184 3961 4266; baseline -0.011 -8"><span class='ocrx_word' id='word_1_555' title='bbox 2358 4202 2443 4259; x_wconf 91' lang='lat' dir='ltr'><strong>nis</strong></span> <span class='ocrx_word' id='word_1_556' title='bbox 2471 4210 2526 4257; x_wconf 90' lang='lat' dir='ltr'><strong>et</strong></span> <span class='ocrx_word' id='word_1_557' title='bbox 2563 4199 2910 4255; x_wconf 77' lang='lat' dir='ltr'><strong>traditionem</strong></span> <span class='ocrx_word' id='word_1_558' title='bbox 2952 4203 3334 4266; x_wconf 71' lang='lat' dir='ltr'><strong>opportunum.</strong></span> <span class='ocrx_word' id='word_1_559' title='bbox 3364 4190 3650 4252; x_wconf 83' lang='lat' dir='ltr'><strong>habentes,</strong></span> <span class='ocrx_word' id='word_1_560' title='bbox 3685 4187 3737 4241; x_wconf 90' lang='lat' dir='ltr'><strong>in</strong></span> <span class='ocrx_word' id='word_1_561' title='bbox 3778 4184 3961 4255; x_wconf 86' lang='lat' dir='ltr'><strong>subje-</strong></span> 
     </span>
    </p>
   </div>
   <div class='ocr_carea' id='block_1_91' title="bbox 2359 4286 3958 4364">
    <p class='ocr_par' dir='ltr' id='par_1_91' title="bbox 2359 4286 3958 4364">
     <span class='ocr_line' id='line_1_91' title="bbox 2359 4286 3958 4364; baseline -0.013 -13"><span class='ocrx_word' id='word_1_562' title='bbox 2359 4304 2476 4351; x_wconf 83' lang='lat' dir='ltr'><strong>ctos</strong></span> <span class='ocrx_word' id='word_1_563' title='bbox 2528 4290 3010 4364; x_wconf 86' lang='lat' dir='ltr'><strong>proportionalitcr</strong></span> <span class='ocrx_word' id='word_1_564' title='bbox 3071 4288 3152 4344; x_wconf 92' lang='lat' dir='ltr'><strong>eis</strong></span> <span class='ocrx_word' id='word_1_565' title='bbox 3203 4286 3387 4341; x_wconf 89' lang='lat' dir='ltr'><strong>illucet</strong></span> <span class='ocrx_word' id='word_1_566' title='bbox 3440 4294 3497 4339; x_wconf 89' lang='lat' dir='ltr'><strong>et</strong></span> <span class='ocrx_word' id='word_1_567' title='bbox 3549 4286 3958 4352; x_wconf 87' lang='lat' dir='ltr'><strong>superapparet.</strong></span> 
     </span>
    </p>
   </div>
   <div class='ocr_carea' id='block_1_92' title="bbox 2360 4373 3959 4456">
    <p class='ocr_par' dir='ltr' id='par_1_92' title="bbox 2360 4373 3959 4456">
     <span class='ocr_line' id='line_1_92' title="bbox 2360 4373 3959 4456; baseline -0.01 -15"><span class='ocrx_word' id='word_1_568' title='bbox 2360 4388 2564 4443; x_wconf 80' lang='lat' dir='ltr'><strong>llornm</strong></span> <span class='ocrx_word' id='word_1_569' title='bbox 2606 4385 2771 4456; x_wconf 81' lang='lat' dir='ltr'><strong>igitur</strong></span> <span class='ocrx_word' id='word_1_570' title='bbox 2798 4390 2883 4437; x_wconf 84' lang='lat' dir='ltr'><strong>est</strong></span> <span class='ocrx_word' id='word_1_571' title='bbox 2910 4380 3235 4452; x_wconf 83' lang='lat' dir='ltr'><strong>primorum,</strong></span> <span class='ocrx_word' id='word_1_572' title='bbox 3269 4374 3542 4431; x_wconf 86' lang='lat' dir='ltr'><strong>deividum</strong></span> <span class='ocrx_word' id='word_1_573' title='bbox 3581 4373 3839 4429; x_wconf 85' lang='lat' dir='ltr'><strong>secundis</strong></span> <span class='ocrx_word' id='word_1_574' title='bbox 3865 4385 3959 4426; x_wconf 85' lang='lat' dir='ltr'><strong>co-</strong></span> 
     </span>
    </p>
   </div>
   <div class='ocr_carea' id='block_1_93' title="bbox 2359 4468 3961 4551">
    <p class='ocr_par' dir='ltr' id='par_1_93' title="bbox 2359 4468 3961 4551">
     <span class='ocr_line' id='line_1_93' title="bbox 2359 4468 3961 4551; baseline -0.009 -18"><span class='ocrx_word' id='word_1_575' title='bbox 2359 4480 2509 4551; x_wconf 85' lang='lat' dir='ltr'><strong>piose</strong></span> <span class='ocrx_word' id='word_1_576' title='bbox 2547 4479 2602 4532; x_wconf 88' lang='lat' dir='ltr'><strong>itt</strong></span> <span class='ocrx_word' id='word_1_577' title='bbox 2639 4473 3202 4537; x_wconf 86' lang='lat' dir='ltr'><strong>commensuratiune,</strong></span> <span class='ocrx_word' id='word_1_578' title='bbox 3242 4484 3381 4539; x_wconf 88' lang='lat' dir='ltr'><strong>quae</strong></span> <span class='ocrx_word' id='word_1_579' title='bbox 3418 4468 3574 4539; x_wconf 78' lang='lat' dir='ltr'><strong>juxta</strong></span> <span class='ocrx_word' id='word_1_580' title='bbox 3616 4480 3712 4523; x_wconf 88' lang='lat' dir='ltr'><strong>eos</strong></span> <span class='ocrx_word' id='word_1_581' title='bbox 3734 4473 3836 4527; x_wconf 87' lang='lat' dir='ltr'><strong>est,</strong></span> <span class='ocrx_word' id='word_1_582' title='bbox 3869 4477 3961 4519; x_wconf 89' lang='lat' dir='ltr'><strong>os-</strong></span> 
     </span>
    </p>
   </div>
   <div class='ocr_carea' id='block_1_94' title="bbox 655 4542 3958 4641">
    <p class='ocr_par' dir='ltr' id='par_1_94' title="bbox 655 4542 3958 4641">
     <span class='ocr_line' id='line_1_94' title="bbox 655 4542 3958 4641; baseline -0.008 -5"><span class='ocrx_word' id='word_1_583' title='bbox 655 4583 785 4623; x_wconf 79' lang='lat' dir='ltr'><strong>mlm</strong></span> <span class='ocrx_word' id='word_1_584' title='bbox 813 4577 994 4623; x_wconf 57' lang='lat' dir='ltr'><strong>autem</strong></span> <span class='ocrx_word' id='word_1_585' title='bbox 1025 4568 1278 4624; x_wconf 68' lang='grc' dir='ltr'><strong>δίιιιίιίιθτ</strong></span> <span class='ocrx_word' id='word_1_586' title='bbox 1309 4568 1473 4624; x_wconf 65' lang='grc' dir='ltr'><strong>Ιιθιιθι</strong></span> <span class='ocrx_word' id='word_1_587' title='bbox 1499 4566 1839 4633; x_wconf 71' lang='lat' dir='ltr'><strong>ierarc‘nicae</strong></span> <span class='ocrx_word' id='word_1_588' title='bbox 1877 4564 2163 4621; x_wconf 69' lang='lat' dir='ltr'><strong>diViSiOIIiS</strong></span> <span class='ocrx_word' id='word_1_589' title='bbox 2198 4564 2251 4618; x_wconf 78' lang='lat' dir='ltr'><strong>in</strong></span> <span class='ocrx_word' id='word_1_590' title='bbox 2281 4542 2334 4603; x_wconf 69' lang='grc' dir='ltr'><strong>Β</strong></span> <span class='ocrx_word' id='word_1_591' title='bbox 2360 4542 2585 4628; x_wconf 71' lang='lat' dir='ltr'><strong>tendere</strong></span> <span class='ocrx_word' id='word_1_592' title='bbox 2605 4570 2673 4624; x_wconf 88' lang='lat' dir='ltr'><strong>ab</strong></span> <span class='ocrx_word' id='word_1_593' title='bbox 2697 4569 2828 4641; x_wconf 83' lang='lat' dir='ltr'><strong>ipsis</strong></span> <span class='ocrx_word' id='word_1_594' title='bbox 2850 4582 3005 4622; x_wconf 91' lang='lat' dir='ltr'><strong>sacre</strong></span> <span class='ocrx_word' id='word_1_595' title='bbox 3028 4562 3391 4632; x_wconf 86' lang='lat' dir='ltr'><strong>contemplata</strong></span> <span class='ocrx_word' id='word_1_596' title='bbox 3418 4560 3597 4615; x_wconf 82' lang='lat' dir='ltr'><strong>divina</strong></span> <span class='ocrx_word' id='word_1_597' title='bbox 3619 4554 3958 4630; x_wconf 85' lang='lat' dir='ltr'><strong>spectacula:</strong></span> 
     </span>
    </p>
   </div>
   <div class='ocr_carea' id='block_1_95' title="bbox 652 4655 2255 4723">
    <p class='ocr_par' dir='ltr' id='par_1_95' title="bbox 652 4655 2255 4723">
     <span class='ocr_line' id='line_1_95' title="bbox 652 4655 2255 4723; baseline -0.002 -7"><span class='ocrx_word' id='word_1_598' title='bbox 652 4660 1032 4717; x_wconf 87' lang='lat' dir='ltr'><strong>sanctissimas</strong></span> <span class='ocrx_word' id='word_1_599' title='bbox 1095 4660 1389 4717; x_wconf 86' lang='lat' dir='ltr'><strong>teletarum</strong></span> <span class='ocrx_word' id='word_1_600' title='bbox 1445 4655 1875 4716; x_wconf 56' lang='lat' dir='ltr'><strong>saeriﬁcatione’s</strong></span> <span class='ocrx_word' id='word_1_601' title='bbox 1938 4658 2133 4723; x_wconf 88' lang='lat' dir='ltr'><strong>divisa,</strong></span> <span class='ocrx_word' id='word_1_602' title='bbox 2198 4666 2255 4713; x_wconf 86' lang='lat' dir='ltr'><strong>et</strong></span> 
     </span>
    </p>
   </div>
   <div class='ocr_carea' id='block_1_96' title="bbox 556 4753 2254 4825">
    <p class='ocr_par' dir='ltr' id='par_1_96' title="bbox 556 4753 2254 4825">
     <span class='ocr_line' id='line_1_96' title="bbox 556 4753 2254 4825; baseline -0.004 -14"><span class='ocrx_word' id='word_1_603' title='bbox 556 4756 559 4759; x_wconf 84' lang='grc'><em>’</em></span> <span class='ocrx_word' id='word_1_604' title='bbox 648 4755 946 4816; x_wconf 76' lang='lat' dir='ltr'><strong>deiformes</strong></span> <span class='ocrx_word' id='word_1_605' title='bbox 998 4770 1283 4811; x_wconf 89' lang='lat' dir='ltr'><strong>sacrorum</strong></span> <span class='ocrx_word' id='word_1_606' title='bbox 1312 4755 1618 4824; x_wconf 81' lang='lat' dir='ltr'><strong>ministros,</strong></span> <span class='ocrx_word' id='word_1_607' title='bbox 1647 4762 1704 4810; x_wconf 86' lang='lat' dir='ltr'><strong>et</strong></span> <span class='ocrx_word' id='word_1_608' title='bbox 1733 4755 1801 4810; x_wconf 89' lang='lat' dir='ltr'><strong>ab</strong></span> <span class='ocrx_word' id='word_1_609' title='bbox 1847 4753 1979 4825; x_wconf 90' lang='lat' dir='ltr'><strong>ipsis</strong></span> <span class='ocrx_word' id='word_1_610' title='bbox 2025 4766 2254 4822; x_wconf 90' lang='lat' dir='ltr'><strong>propor-</strong></span> 
     </span>
    </p>
   </div>
   <div class='ocr_carea' id='block_1_97' title="bbox 654 4844 2256 4915">
    <p class='ocr_par' dir='ltr' id='par_1_97' title="bbox 654 4844 2256 4915">
     <span class='ocr_line' id='line_1_97' title="bbox 654 4844 2256 4915; baseline -0.004 -15"><span class='ocrx_word' id='word_1_611' title='bbox 654 4845 925 4901; x_wconf 87' lang='lat' dir='ltr'><strong>tionaliter</strong></span> <span class='ocrx_word' id='word_1_612' title='bbox 970 4845 1032 4901; x_wconf 90' lang='lat' dir='ltr'><strong>in</strong></span> <span class='ocrx_word' id='word_1_613' title='bbox 1081 4861 1241 4902; x_wconf 88' lang='lat' dir='ltr'><strong>sacra</strong></span> <span class='ocrx_word' id='word_1_614' title='bbox 1293 4846 1661 4902; x_wconf 85' lang='lat' dir='ltr'><strong>adduceudos.</strong></span> <span class='ocrx_word' id='word_1_615' title='bbox 1709 4844 2079 4915; x_wconf 85' lang='lat' dir='ltr'><strong>Unaquaeque</strong></span> <span class='ocrx_word' id='word_1_616' title='bbox 2127 4855 2256 4895; x_wconf 89' lang='lat' dir='ltr'><strong>vero</strong></span> 
     </span>
    </p>
   </div>
   <div class='ocr_carea' id='block_1_98' title="bbox 657 4937 2258 5006">
    <p class='ocr_par' dir='ltr' id='par_1_98' title="bbox 657 4937 2258 5006">
     <span class='ocr_line' id='line_1_98' title="bbox 657 4937 2258 5006; baseline -0.003 -14"><span class='ocrx_word' id='word_1_617' title='bbox 657 4937 821 4992; x_wconf 88' lang='lat' dir='ltr'><strong>trium</strong></span> <span class='ocrx_word' id='word_1_618' title='bbox 867 4947 1086 4994; x_wconf 87' lang='lat' dir='ltr'><strong>nostrae</strong></span> <span class='ocrx_word' id='word_1_619' title='bbox 1137 4938 1445 4994; x_wconf 87' lang='lat' dir='ltr'><strong>lerarcbiae</strong></span> <span class='ocrx_word' id='word_1_620' title='bbox 1483 4939 1809 4995; x_wconf 85' lang='lat' dir='ltr'><strong>divisionum</strong></span> <span class='ocrx_word' id='word_1_621' title='bbox 1857 4942 2258 5006; x_wconf 88' lang='lat' dir='ltr'><strong>consequenter</strong></span> 
     </span>
    </p>
   </div>
   <div class='ocr_carea' id='block_1_99' title="bbox 659 5028 2251 5102">
    <p class='ocr_par' dir='ltr' id='par_1_99' title="bbox 659 5028 2251 5102">
     <span class='ocr_line' id='line_1_99' title="bbox 659 5028 2251 5102; baseline 0.002 -23"><span class='ocrx_word' id='word_1_622' title='bbox 659 5028 908 5102; x_wconf 82' lang='lat' dir='ltr'><strong>etlegali</strong></span> <span class='ocrx_word' id='word_1_623' title='bbox 948 5040 1004 5086; x_wconf 90' lang='lat' dir='ltr'><strong>et</strong></span> <span class='ocrx_word' id='word_1_624' title='bbox 1045 5030 1301 5087; x_wconf 88' lang='lat' dir='ltr'><strong>diviniori</strong></span> <span class='ocrx_word' id='word_1_625' title='bbox 1327 5046 1543 5097; x_wconf 89' lang='lat' dir='ltr'><strong>eorum,</strong></span> <span class='ocrx_word' id='word_1_626' title='bbox 1597 5045 1739 5101; x_wconf 90' lang='lat' dir='ltr'><strong>quae</strong></span> <span class='ocrx_word' id='word_1_627' title='bbox 1778 5030 2078 5086; x_wconf 88' lang='lat' dir='ltr'><strong>secundum</strong></span> <span class='ocrx_word' id='word_1_628' title='bbox 2131 5042 2251 5092; x_wconf 74' lang='lat' dir='ltr'><strong>nos,</strong></span> 
     </span>
    </p>
   </div>
   <div class='ocr_carea' id='block_1_100' title="bbox 2302 4646 3961 4730">
    <p class='ocr_par' dir='ltr' id='par_1_100' title="bbox 2302 4646 3961 4730">
     <span class='ocr_line' id='line_1_100' title="bbox 2302 4646 3961 4730; baseline -0.012 -11"><span class='ocrx_word' id='word_1_629' title='bbox 2302 4670 2310 4676; x_wconf 83' lang='lat'><strong><em>&#39;</em></strong></span> <span class='ocrx_word' id='word_1_630' title='bbox 2360 4672 2417 4718; x_wconf 92' lang='lat' dir='ltr'><strong>et</strong></span> <span class='ocrx_word' id='word_1_631' title='bbox 2444 4664 2662 4726; x_wconf 87' lang='lat' dir='ltr'><strong>docere,</strong></span> <span class='ocrx_word' id='word_1_632' title='bbox 2694 4674 2836 4730; x_wconf 86' lang='lat' dir='ltr'><strong>quae</strong></span> <span class='ocrx_word' id='word_1_633' title='bbox 2886 4655 3192 4713; x_wconf 87' lang='lat' dir='ltr'><strong>ierarchica</strong></span> <span class='ocrx_word' id='word_1_634' title='bbox 3229 4660 3379 4718; x_wconf 89' lang='lat' dir='ltr'><strong>sunt,</strong></span> <span class='ocrx_word' id='word_1_635' title='bbox 3419 4666 3544 4705; x_wconf 89' lang='lat' dir='ltr'><strong>cum</strong></span> <span class='ocrx_word' id='word_1_636' title='bbox 3574 4646 3803 4704; x_wconf 87' lang='lat' dir='ltr'><strong>scientia</strong></span> <span class='ocrx_word' id='word_1_637' title='bbox 3831 4661 3961 4702; x_wconf 89' lang='lat' dir='ltr'><strong>con-</strong></span> 
     </span>
    </p>
   </div>
   <div class='ocr_carea' id='block_1_101' title="bbox 2361 4742 3962 4823">
    <p class='ocr_par' dir='ltr' id='par_1_101' title="bbox 2361 4742 3962 4823">
     <span class='ocr_line' id='line_1_101' title="bbox 2361 4742 3962 4823; baseline -0.012 -15"><span class='ocrx_word' id='word_1_638' title='bbox 2361 4752 2713 4823; x_wconf 14' lang='lat' dir='ltr'><strong>summativa&#39;</strong></span> <span class='ocrx_word' id='word_1_639' title='bbox 2751 4750 2867 4820; x_wconf 90' lang='lat' dir='ltr'><strong>ipsa</strong></span> <span class='ocrx_word' id='word_1_640' title='bbox 2931 4747 3114 4803; x_wconf 86' lang='lat' dir='ltr'><strong>divina</strong></span> <span class='ocrx_word' id='word_1_641' title='bbox 3174 4760 3306 4811; x_wconf 85' lang='lat' dir='ltr'><strong>eos,</strong></span> <span class='ocrx_word' id='word_1_642' title='bbox 3370 4742 3465 4815; x_wconf 87' lang='lat' dir='ltr'><strong>qui</strong></span> <span class='ocrx_word' id='word_1_643' title='bbox 3517 4745 3642 4811; x_wconf 85' lang='lat' dir='ltr'><strong>post</strong></span> <span class='ocrx_word' id='word_1_644' title='bbox 3702 4753 3764 4794; x_wconf 87' lang='lat' dir='ltr'><strong>se</strong></span> <span class='ocrx_word' id='word_1_645' title='bbox 3835 4743 3962 4791; x_wconf 83' lang='lat' dir='ltr'><strong>sunt</strong></span> 
     </span>
    </p>
   </div>
   <div class='ocr_carea' id='block_1_102' title="bbox 2360 4825 3962 4901">
    <p class='ocr_par' dir='ltr' id='par_1_102' title="bbox 2360 4825 3962 4901">
     <span class='ocr_line' id='line_1_102' title="bbox 2360 4825 3962 4901; baseline -0.012 -3"><span class='ocrx_word' id='word_1_646' title='bbox 2360 4842 2665 4899; x_wconf 85' lang='lat' dir='ltr'><strong>lerarchiae</strong></span> <span class='ocrx_word' id='word_1_647' title='bbox 2691 4839 2852 4895; x_wconf 84' lang='lat' dir='ltr'><strong>simul</strong></span> <span class='ocrx_word' id='word_1_648' title='bbox 2884 4838 3070 4893; x_wconf 92' lang='lat' dir='ltr'><strong>omnia</strong></span> <span class='ocrx_word' id='word_1_649' title='bbox 3096 4836 3139 4901; x_wconf 76' lang='grc'><strong>⁸,</strong></span> <span class='ocrx_word' id='word_1_650' title='bbox 3179 4834 3317 4891; x_wconf 88' lang='lat' dir='ltr'><strong>bene</strong></span> <span class='ocrx_word' id='word_1_651' title='bbox 3340 4831 3673 4894; x_wconf 84' lang='lat' dir='ltr'><strong>docentium.</strong></span> <span class='ocrx_word' id='word_1_652' title='bbox 3703 4836 3758 4883; x_wconf 85' lang='lat' dir='ltr'><strong>et</strong></span> <span class='ocrx_word' id='word_1_653' title='bbox 3786 4825 3962 4897; x_wconf 78' lang='lat' dir='ltr'><strong>perte-</strong></span> 
     </span>
    </p>
   </div>
   <div class='ocr_carea' id='block_1_103' title="bbox 2363 4918 3961 4995">
    <p class='ocr_par' dir='ltr' id='par_1_103' title="bbox 2363 4918 3961 4995">
     <span class='ocr_line' id='line_1_103' title="bbox 2363 4918 3961 4995; baseline -0.013 -5"><span class='ocrx_word' id='word_1_654' title='bbox 2363 4918 2529 4991; x_wconf 29' lang='lat' dir='ltr'><strong>cta-m-</strong></span> <span class='ocrx_word' id='word_1_655' title='bbox 2557 4932 2783 4989; x_wconf 85' lang='lat' dir='ltr'><strong>docendi</strong></span> <span class='ocrx_word' id='word_1_656' title='bbox 2852 4929 3108 4983; x_wconf 87' lang='lat' dir='ltr'><strong>virtutem</strong></span> <span class='ocrx_word' id='word_1_657' title='bbox 3171 4924 3551 4995; x_wconf 84' lang='lat' dir='ltr'><strong>accipientium</strong></span> <span class='ocrx_word' id='word_1_658' title='bbox 3580 4961 3594 4985; x_wconf 83' lang='lat'><strong>,</strong></span> <span class='ocrx_word' id='word_1_659' title='bbox 3642 4928 3698 4976; x_wconf 89' lang='lat' dir='ltr'><strong>ct</strong></span> <span class='ocrx_word' id='word_1_660' title='bbox 3748 4918 3961 4974; x_wconf 85' lang='lat' dir='ltr'><strong>tradere</strong></span> 
     </span>
    </p>
   </div>
   <div class='ocr_carea' id='block_1_104' title="bbox 2365 5009 3964 5094">
    <p class='ocr_par' dir='ltr' id='par_1_104' title="bbox 2365 5009 3964 5094">
     <span class='ocr_line' id='line_1_104' title="bbox 2365 5009 3964 5094; baseline -0.014 -10"><span class='ocrx_word' id='word_1_661' title='bbox 2365 5027 2665 5084; x_wconf 80' lang='lat' dir='ltr'><strong>secundum</strong></span> <span class='ocrx_word' id='word_1_662' title='bbox 2695 5022 3015 5094; x_wconf 83' lang='lat' dir='ltr'><strong>dignitatem</strong></span> <span class='ocrx_word' id='word_1_663' title='bbox 3046 5034 3203 5075; x_wconf 88' lang='lat' dir='ltr'><strong>sacra</strong></span> <span class='ocrx_word' id='word_1_664' title='bbox 3237 5017 3449 5072; x_wconf 81' lang='lat' dir='ltr'><strong>erudite</strong></span> <span class='ocrx_word' id='word_1_665' title='bbox 3485 5023 3541 5069; x_wconf 85' lang='lat' dir='ltr'><strong>et</strong></span> <span class='ocrx_word' id='word_1_666' title='bbox 3564 5013 3771 5083; x_wconf 85' lang='lat' dir='ltr'><strong>integre</strong></span> <span class='ocrx_word' id='word_1_667' title='bbox 3798 5009 3964 5079; x_wconf 80' lang='lat' dir='ltr'><strong>parti-</strong></span> 
     </span>
    </p>
   </div>
   <div class='ocr_carea' id='block_1_105' title="bbox 651 5103 3962 5206">
    <p class='ocr_par' dir='ltr' id='par_1_105' title="bbox 651 5103 3962 5206">
     <span class='ocr_line' id='line_1_105' title="bbox 651 5103 3962 5206; baseline -0.007 -29"><span class='ocrx_word' id='word_1_668' title='bbox 651 5118 968 5180; x_wconf 82' lang='lat' dir='ltr'><strong>lerarchiae</strong></span> <span class='ocrx_word' id='word_1_669' title='bbox 1022 5125 1210 5206; x_wconf 48' lang='lat' dir='ltr'><strong>prima.</strong></span> <span class='ocrx_word' id='word_1_670' title='bbox 1254 5134 1313 5182; x_wconf 87' lang='lat' dir='ltr'><strong>et</strong></span> <span class='ocrx_word' id='word_1_671' title='bbox 1369 5126 1545 5182; x_wconf 89' lang='lat' dir='ltr'><strong>media</strong></span> <span class='ocrx_word' id='word_1_672' title='bbox 1606 5135 1661 5182; x_wconf 90' lang='lat' dir='ltr'><strong>ct</strong></span> <span class='ocrx_word' id='word_1_673' title='bbox 1726 5114 1913 5182; x_wconf 83' lang='lat' dir='ltr'><strong>ultima</strong></span> <span class='ocrx_word' id='word_1_674' title='bbox 1968 5124 2254 5181; x_wconf 85' lang='lat' dir='ltr'><strong>ordinatur</strong></span> <span class='ocrx_word' id='word_1_675' title='bbox 2363 5119 2661 5190; x_wconf 85' lang='lat' dir='ltr'><strong>cipantiem</strong></span> <span class='ocrx_word' id='word_1_676' title='bbox 2687 5113 3007 5172; x_wconf 88' lang='lat' dir='ltr'><strong>sacerdotali</strong></span> <span class='ocrx_word' id='word_1_677' title='bbox 3031 5107 3564 5167; x_wconf 73' lang='lat' dir='ltr'><strong>consummationeb.</strong></span> <span class='ocrx_word' id='word_1_678' title='bbox 3589 5103 3962 5175; x_wconf 76' lang='lat' dir='ltr'><strong>Ergodivinus</strong></span> 
     </span>
    </p>
   </div>
   <div class='ocr_carea' id='block_1_106' title="bbox 1095 5207 2883 5315">
    <p class='ocr_par' dir='ltr' id='par_1_106' title="bbox 1095 5207 2883 5315">
     <span class='ocr_line' id='line_1_106' title="bbox 1095 5207 2883 5315; baseline 0.041 -73"><span class='ocrx_word' id='word_1_679' title='bbox 1309 5245 1314 5251; x_wconf 85' lang='lat'><strong>.</strong></span> <span class='ocrx_word' id='word_1_680' title='bbox 1954 5242 2209 5299; x_wconf 71' lang='lat' dir='ltr'><strong>VARIAE</strong></span> <span class='ocrx_word' id='word_1_681' title='bbox 2249 5237 2655 5295; x_wconf 75' lang='lat' dir='ltr'><strong>LECTIONES.</strong></span> <span class='ocrx_word' id='word_1_682' title='bbox 2831 5307 2883 5315; x_wconf 81' lang='lat'><strong>.-</strong></span> 
     </span>
    </p>
   </div>
   <div class='ocr_carea' id='block_1_107' title="bbox 728 5331 3959 5448">
    <p class='ocr_par' dir='ltr' id='par_1_107' title="bbox 728 5331 3959 5448">
     <span class='ocr_line' id='line_1_107' title="bbox 728 5331 3959 5448; baseline -0.006 -29"><span class='ocrx_word' id='word_1_683' title='bbox 851 5375 964 5418; x_wconf 89' lang='lat' dir='ltr'><strong>om.</strong></span> <span class='ocrx_word' id='word_1_684' title='bbox 1176 5362 1196 5393; x_wconf 78' lang='lat'><strong>’</strong></span> <span class='ocrx_word' id='word_1_685' title='bbox 1221 5343 1516 5448; x_wconf 45' lang='lat' dir='ltr'><strong>diiunctas.</strong></span> <span class='ocrx_word' id='word_1_686' title='bbox 1595 5363 1617 5393; x_wconf 86' lang='grc'>³</span> <span class='ocrx_word' id='word_1_687' title='bbox 1647 5362 1733 5448; x_wconf 80' lang='lat' dir='ltr'><strong>Bll</strong></span> <span class='ocrx_word' id='word_1_688' title='bbox 1760 5378 1901 5431; x_wconf 81' lang='lat' dir='ltr'><strong>ergo.</strong></span> <span class='ocrx_word' id='word_1_689' title='bbox 1984 5360 2002 5391; x_wconf 63' lang='grc'><strong>⁵</strong></span> <span class='ocrx_word' id='word_1_690' title='bbox 2030 5359 2120 5415; x_wconf 89' lang='lat' dir='ltr'><strong>Sic</strong></span> <span class='ocrx_word' id='word_1_691' title='bbox 2257 5357 2390 5413; x_wconf 84' lang='lat' dir='ltr'><strong>BEll</strong></span> <span class='ocrx_word' id='word_1_692' title='bbox 2418 5351 2704 5425; x_wconf 68' lang='lat' dir='ltr'><strong>sacriﬁcio.</strong></span> <span class='ocrx_word' id='word_1_693' title='bbox 2739 5355 2761 5387; x_wconf 85' lang='grc'>⁸</span> <span class='ocrx_word' id='word_1_694' title='bbox 2781 5354 2869 5408; x_wconf 78' lang='lat' dir='ltr'><strong>AF.</strong></span> <span class='ocrx_word' id='word_1_695' title='bbox 2906 5354 3290 5409; x_wconf 73' lang='lat' dir='ltr'><strong>sacerdotium.</strong></span> <span class='ocrx_word' id='word_1_696' title='bbox 3334 5352 3390 5448; x_wconf 42' lang='lat'><strong>\&#39;</strong></span> <span class='ocrx_word' id='word_1_697' title='bbox 3417 5348 3512 5405; x_wconf 76' lang='lat' dir='ltr'><strong>Bll</strong></span> <span class='ocrx_word' id='word_1_698' title='bbox 3530 5351 3645 5419; x_wconf 86' lang='lat' dir='ltr'><strong>ipsa</strong></span> <span class='ocrx_word' id='word_1_699' title='bbox 3675 5347 3851 5403; x_wconf 73' lang='lat' dir='ltr'><strong>omnia</strong></span> <span class='ocrx_word' id='word_1_700' title='bbox 3876 5345 3959 5401; x_wconf 79' lang='lat' dir='ltr'><strong>di-</strong></span> 
     </span>
    </p>
   </div>
   <div class='ocr_carea' id='block_1_108' title="bbox 654 5424 1725 5506">
    <p class='ocr_par' dir='ltr' id='par_1_108' title="bbox 654 5424 1725 5506">
     <span class='ocr_line' id='line_1_108' title="bbox 654 5424 1725 5506; baseline -0.001 -20"><span class='ocrx_word' id='word_1_701' title='bbox 654 5424 780 5486; x_wconf 75' lang='lat' dir='ltr'><strong>vina</strong></span> <span class='ocrx_word' id='word_1_702' title='bbox 813 5446 864 5486; x_wconf 89' lang='lat' dir='ltr'><strong>e.</strong></span> <span class='ocrx_word' id='word_1_703' title='bbox 888 5449 951 5506; x_wconf 77' lang='grc' dir='ltr'><strong>ιι.</strong></span> <span class='ocrx_word' id='word_1_704' title='bbox 981 5446 1034 5505; x_wconf 90' lang='lat' dir='ltr'><strong>p.</strong></span> <span class='ocrx_word' id='word_1_705' title='bbox 1065 5447 1113 5487; x_wconf 86' lang='lat' dir='ltr'><strong>s.</strong></span> <span class='ocrx_word' id='word_1_706' title='bbox 1143 5448 1187 5487; x_wconf 87' lang='lat' dir='ltr'><strong>s.</strong></span> <span class='ocrx_word' id='word_1_707' title='bbox 1234 5432 1273 5486; x_wconf 93' lang='grc' dir='ltr'><strong>Ι.</strong></span> <span class='ocrx_word' id='word_1_708' title='bbox 1294 5432 1452 5487; x_wconf 74' lang='lat' dir='ltr'><strong>simul</strong></span> <span class='ocrx_word' id='word_1_709' title='bbox 1473 5435 1597 5489; x_wconf 81' lang='lat' dir='ltr'><strong>bene</strong></span> <span class='ocrx_word' id='word_1_710' title='bbox 1617 5442 1725 5504; x_wconf 81' lang='lat' dir='ltr'><strong>cet.</strong></span> 
     </span>
    </p>
   </div>
   <div class='ocr_carea' id='block_1_109' title="bbox 2190 5523 2441 5581">
    <p class='ocr_par' dir='ltr' id='par_1_109' title="bbox 2190 5523 2441 5581">
     <span class='ocr_line' id='line_1_109' title="bbox 2190 5523 2441 5581; baseline -0.004 -3"><span class='ocrx_word' id='word_1_711' title='bbox 2190 5525 2230 5578; x_wconf 74' lang='grc' dir='ltr'>Ν</span> <span class='ocrx_word' id='word_1_712' title='bbox 2238 5523 2371 5581; x_wconf 75' lang='grc' dir='ltr'><strong>ΟΤᾹ</strong></span> <span class='ocrx_word' id='word_1_713' title='bbox 2381 5525 2441 5579; x_wconf 75' lang='grc' dir='ltr'><strong>Ε.</strong></span> 
     </span>
    </p>
   </div>
   <div class='ocr_carea' id='block_1_110' title="bbox 809 5639 1524 5707">
    <p class='ocr_par' dir='ltr' id='par_1_110' title="bbox 809 5639 1524 5707">
     <span class='ocr_line' id='line_1_110' title="bbox 809 5639 1524 5707; baseline 0 -13"><span class='ocrx_word' id='word_1_714' title='bbox 809 5640 975 5695; x_wconf 77' lang='lat' dir='ltr'><strong>Exeo.</strong></span> <span class='ocrx_word' id='word_1_715' title='bbox 1024 5642 1153 5707; x_wconf 53' lang='lat' dir='ltr'><strong>AV;</strong></span> <span class='ocrx_word' id='word_1_716' title='bbox 1188 5640 1353 5697; x_wconf 79' lang='lat' dir='ltr'><strong>Hebr.</strong></span> <span class='ocrx_word' id='word_1_717' title='bbox 1388 5639 1524 5707; x_wconf 70' lang='lat' dir='ltr'><strong>VIII.</strong></span> 
     </span>
    </p>
   </div>
   <div class='ocr_carea' id='block_1_111' title="bbox 723 5709 2258 5779">
    <p class='ocr_par' dir='ltr' id='par_1_111' title="bbox 723 5709 2258 5779">
     <span class='ocr_line' id='line_1_111' title="bbox 723 5709 2258 5779; baseline -0.002 -15"><span class='ocrx_word' id='word_1_718' title='bbox 723 5710 753 5752; x_wconf 69' lang='grc' dir='ltr'>δ</span> <span class='ocrx_word' id='word_1_719' title='bbox 783 5712 962 5767; x_wconf 74' lang='lat' dir='ltr'><strong>Codex</strong></span> <span class='ocrx_word' id='word_1_720' title='bbox 993 5710 1220 5766; x_wconf 78' lang='lat' dir='ltr'><strong>Joannis</strong></span> <span class='ocrx_word' id='word_1_721' title='bbox 1248 5712 1396 5767; x_wconf 86' lang='lat' dir='ltr'><strong>Scoti</strong></span> <span class='ocrx_word' id='word_1_722' title='bbox 1423 5713 1512 5779; x_wconf 82' lang='lat' dir='ltr'><strong>qui</strong></span> <span class='ocrx_word' id='word_1_723' title='bbox 1538 5711 1658 5775; x_wconf 77' lang='lat' dir='ltr'><strong>fuit,</strong></span> <span class='ocrx_word' id='word_1_724' title='bbox 1694 5711 1749 5773; x_wconf 82' lang='lat' dir='ltr'><strong>lt.</strong></span> <span class='ocrx_word' id='word_1_725' title='bbox 1784 5709 1820 5762; x_wconf 90' lang='grc'><strong>1.</strong></span> <span class='ocrx_word' id='word_1_726' title='bbox 1857 5710 2080 5763; x_wconf 75' lang='lat' dir='ltr'><strong>mutilus</strong></span> <span class='ocrx_word' id='word_1_727' title='bbox 2105 5710 2258 5765; x_wconf 75' lang='lat' dir='ltr'><strong>vidr-</strong></span> 
     </span>
    </p>
   </div>
   <div class='ocr_carea' id='block_1_112' title="bbox 657 5780 2257 5853">
    <p class='ocr_par' dir='ltr' id='par_1_112' title="bbox 657 5780 2257 5853">
     <span class='ocr_line' id='line_1_112' title="bbox 657 5780 2257 5853; baseline -0.004 -11"><span class='ocrx_word' id='word_1_728' title='bbox 657 5795 745 5843; x_wconf 84' lang='lat' dir='ltr'><strong>tur</strong></span> <span class='ocrx_word' id='word_1_729' title='bbox 774 5782 962 5851; x_wconf 67' lang='lat' dir='ltr'><strong>fuisse.</strong></span> <span class='ocrx_word' id='word_1_730' title='bbox 996 5781 1132 5838; x_wconf 78' lang='lat' dir='ltr'><strong>Nam</strong></span> <span class='ocrx_word' id='word_1_731' title='bbox 1180 5789 1299 5853; x_wconf 72' lang='lat' dir='ltr'><strong>quze</strong></span> <span class='ocrx_word' id='word_1_732' title='bbox 1350 5785 1402 5839; x_wconf 94' lang='lat' dir='ltr'><strong>in</strong></span> <span class='ocrx_word' id='word_1_733' title='bbox 1446 5782 1693 5839; x_wconf 81' lang='lat' dir='ltr'><strong>Corderii</strong></span> <span class='ocrx_word' id='word_1_734' title='bbox 1743 5781 1984 5838; x_wconf 76' lang='lat' dir='ltr'><strong>editione</strong></span> <span class='ocrx_word' id='word_1_735' title='bbox 2016 5780 2171 5837; x_wconf 83' lang='lat' dir='ltr'><strong>&#39;l‘om.</strong></span> <span class='ocrx_word' id='word_1_736' title='bbox 2221 5783 2257 5847; x_wconf 74' lang='grc' dir='ltr'><strong>ι,</strong></span> 
     </span>
    </p>
   </div>
   <div class='ocr_carea' id='block_1_113' title="bbox 2360 5626 3981 5708">
    <p class='ocr_par' dir='ltr' id='par_1_113' title="bbox 2360 5626 3981 5708">
     <span class='ocr_line' id='line_1_113' title="bbox 2360 5626 3981 5708; baseline -0.009 -17"><span class='ocrx_word' id='word_1_737' title='bbox 2360 5655 2411 5708; x_wconf 78' lang='lat' dir='ltr'><strong>p.</strong></span> <span class='ocrx_word' id='word_1_738' title='bbox 2443 5636 2550 5689; x_wconf 67' lang='grc'><strong>558</strong></span> <span class='ocrx_word' id='word_1_739' title='bbox 2573 5652 2600 5687; x_wconf 85' lang='lat' dir='ltr'><strong>a</strong></span> <span class='ocrx_word' id='word_1_740' title='bbox 2630 5634 2814 5688; x_wconf 74' lang='lat' dir='ltr'><strong>verbis</strong></span> <span class='ocrx_word' id='word_1_741' title='bbox 2838 5646 2888 5708; x_wconf 66' lang='grc' dir='ltr'><strong>ζη</strong></span> <span class='ocrx_word' id='word_1_742' title='bbox 2916 5631 2969 5688; x_wconf 76' lang='grc' dir='ltr'><strong>δὲ</strong></span> <span class='ocrx_word' id='word_1_743' title='bbox 2998 5642 3098 5689; x_wconf 78' lang='grc' dir='ltr'><strong>τῶν</strong></span> <span class='ocrx_word' id='word_1_744' title='bbox 3127 5634 3408 5703; x_wconf 63' lang='grc' dir='ltr'><strong>ἷςρονργῶν</strong></span> <span class='ocrx_word' id='word_1_745' title='bbox 3436 5626 3776 5708; x_wconf 36' lang='lat' dir='ltr'><strong>mortuorum;</strong></span> <span class='ocrx_word' id='word_1_746' title='bbox 3794 5636 3981 5708; x_wconf 30' lang='lat' dir='ltr'><strong>ltSqllc.</strong></span> 
     </span>
    </p>
   </div>
   <div class='ocr_carea' id='block_1_114' title="bbox 2364 5700 3960 5779">
    <p class='ocr_par' dir='ltr' id='par_1_114' title="bbox 2364 5700 3960 5779">
     <span class='ocr_line' id='line_1_114' title="bbox 2364 5700 3960 5779; baseline -0.009 -18"><span class='ocrx_word' id='word_1_747' title='bbox 2364 5700 2415 5779; x_wconf 66' lang='lat' dir='ltr'><strong>it.</strong></span> <span class='ocrx_word' id='word_1_748' title='bbox 2451 5708 2555 5761; x_wconf 66' lang='grc' dir='ltr'><strong>ζ’)υο</strong></span> <span class='ocrx_word' id='word_1_749' title='bbox 2596 5710 2791 5764; x_wconf 75' lang='grc' dir='ltr'><strong>Οὐκοῦν</strong></span> <span class='ocrx_word' id='word_1_750' title='bbox 2824 5705 2994 5779; x_wconf 68' lang='grc' dir='ltr'><em>ἦθςξᾳ</em></span> <span class='ocrx_word' id='word_1_751' title='bbox 3046 5709 3146 5761; x_wconf 82' lang='grc' dir='ltr'>τῶν</span> <span class='ocrx_word' id='word_1_752' title='bbox 3177 5700 3487 5778; x_wconf 37' lang='grc' dir='ltr'><strong>-Ίξρςιρχῶν</strong></span> <span class='ocrx_word' id='word_1_753' title='bbox 3533 5700 3674 5764; x_wconf 75' lang='grc' dir='ltr'><strong>τάξις</strong></span> <span class='ocrx_word' id='word_1_754' title='bbox 3711 5703 3857 5758; x_wconf 81' lang='lat' dir='ltr'><strong>sunt,</strong></span> <span class='ocrx_word' id='word_1_755' title='bbox 3910 5700 3960 5747; x_wconf 69' lang='lat' dir='ltr'><strong>in</strong></span> 
     </span>
    </p>
   </div>
   <div class='ocr_carea' id='block_1_115' title="bbox 2370 5776 3248 5835">
    <p class='ocr_par' dir='ltr' id='par_1_115' title="bbox 2370 5776 3248 5835">
     <span class='ocr_line' id='line_1_115' title="bbox 2370 5776 3248 5835; baseline -0.006 -2"><span class='ocrx_word' id='word_1_756' title='bbox 2370 5776 2634 5835; x_wconf 73' lang='lat' dir='ltr'><strong>versioais</strong></span> <span class='ocrx_word' id='word_1_757' title='bbox 2658 5779 2817 5833; x_wconf 85' lang='lat' dir='ltr'><strong>codd.</strong></span> <span class='ocrx_word' id='word_1_758' title='bbox 2847 5776 3248 5833; x_wconf 79' lang='lat' dir='ltr'><strong>desiderantur.</strong></span> 
     </span>
    </p>
   </div>
  </div>
