4210 6304
290 469 427 529 ωσι

863 471 1113 534 VEBSIO
1149 468 1433 531 OPERUM
1476 472 1534 531 S.
1574 470 1891 530 DIONYSII.

2005 470 2961 554 ECCLssmsrtcnenAncnm
3034 545 3046 554 ,

3431 465 3566 524 1098

285 584 603 658 νωιίῦουω
652 585 783 642 ordo
832 588 1045 658 primus
1086 587 1302 658 quidem
1349 596 1433 643 est
1487 586 1824 642 dcividarum
1852 586 1871 623 ¹‹
1900 597 1951 648 Α
1978 584 2094 643 fuse
2120 602 2398 659 separaris.
2442 586 2673 659 Pr0pter
2702 588 2845 658 quod
2893 595 2949 641 et
2994 582 3199 642 sanctis
3227 595 3349 639 eam
3378 581 3567 637 Statuit

287 675 688 734 Ordinationuut
709 695 724 732 :
749 677 1165 745 sublimissimus
1186 688 1368 734 autem
1397 680 1594 734 iterum
1620 687 1676 733 et
1702 674 1878 739 novis-

288 768 464 824 simus
502 768 667 824 idem.
699 769 911 825 Etenim
959 772 1012 826 in
1045 770 1163 840 ipso
1206 769 1487 841 perﬁcitur
1520 777 1576 822 et
1625 763 1881 839 impletur

286 859 470 914 mnis
489 869 708 917 nostrae
734 860 1034 917 lcrarchiae
1060 860 1363 933 di5positio.
1396 856 1467 916 Ut
1488 859 1634 914 enim
1660 856 1876 913 omnem

287 948 618 1006 lerarcltiatn
648 952 896 1013 videmus
945 953 999 1007 in
1043 943 1228 1008 Jesum
1274 957 1707 1007 consummatam
1733 990 1749 1015 ,
1799 948 1880 1004 sic

289 1057 728 1115 unamquamque
756 1046 806 1100 in
834 1047 1122 1133 proprium
1138 1046 1382 1101 divinum
1403 1056 1676 1101 summum
1701 1057 1878 1099 sacer-

289 1131 491 1188 dotem.
517 1134 636 1205 Ipsa
664 1145 844 1189 autem
874 1131 1160 1191 ierarcbiei
1185 1134 1393 1191 ordinis
1421 1135 1596 1190 virtus
1621 1135 1677 1190 in
1706 1133 1883 1189 omni-

288 1211 629 1278 bus‘locatu'r
653 1224 824 1280 sacris
855 1223 1329 1291 universitatibus,
1369 1232 1424 1279 et
1450 1238 1548 1294 per
1576 1236 1765 1279 omnes
1794 1236 1884 1278 sa-

248 1393 252 1396 .
285 1329 412 1371 cros
438 1315 659 1372 ordines
703 1327 960 1388 operatur
988 1317 1242 1389 propriae
1271 1314 1887 1389 lerarcbiaemysteria.

287 1408 755 1482 Discreteautetn
780 1411 928 1478 huic,
956 1410 1099 1466 ultra
1140 1421 1351 1467 ceteros
1379 1411 1621 1478 ordines,
1643 1412 1696 1466 in
1726 1425 1888 1467 suam

287 1502 665 1572 Ope-rationem
695 1502 879 1559 divina
907 1503 994 1559 lex
1043 1503 1320 1560 distribuit
1347 1503 1642 1560 diviniores
1672 1502 1887 1560 saeriﬁ-s

286 1593 534 1649 cationcs
562 1594 608 1648 ³.
637 1594 752 1649 l-lae
781 1602 964 1649 autem
992 1602 1123 1649 sunt
1159 1582 1512 1665 perfecti-ices
1538 1592 1883 1649 thearcbicae

286 1684 508 1740 virtutis
544 1685 826 1762 imagines,
858 1694 1299 1742 consummantcs
1335 1677 1517 1741 omnia
1546 1684 1885 1742 divinissima

286 1775 551 1847 sytnbola,
584 1783 638 1831 et
664 1791 855 1832 omnes
882 1782 1067 1832 Sacras
1095 1777 1498 1848 dispositiones.
1535 1776 1648 1833 Etsi
1678 1777 1821 1833 enim
1850 1792 1885 1833 a

287 1866 664 1924 sacerdotibus
686 1867 1044 1938 perﬁciuntur
1065 1869 1331 1938 quaedam
1357 1862 1705 1923 colendorum
1736 1882 1881 1939 sym-

289 1959 562 2027 bolarum,
592 1958 689 2015 sed
718 1976 994 2033 nunquam
1024 1959 1314 2031 aliquando
1351 1972 1566 2015 sacram
1591 1959 1890 2031 theogcue—
1912 1948 1959 2009 Β

287 2052 425 2108 siam
446 2054 701 2109 sacerdos
725 2051 1039 2122 operabitur
1063 2051 1181 2107 sine
1205 2049 1543 2108 divinissimo
1572 2057 1883 2121 unguento:

284 2161 464 2217 neque
493 2145 710 2202 divinae
746 2141 1143 2203 centmunionis
1183 2143 1430 2217 perﬁciet
1465 2143 1746 2217 mysteria,
1782 2129 1887 2199 nisi

287 2236 630 2294 divinissimo
657 2237 813 2293 altari
852 2237 1323 2294 communicativis
1351 2237 1707 2308 superpositis
1733 2252 1884 2308 sym-

293 2331 455 2387 bolis.
490 2329 599 2386 Sed
620 2344 800 2401 neque
825 2330 941 2401 ipse
967 2331 1225 2387 sacerdos
1246 2329 1375 2397 erit,
1402 2330 1505 2385 nisi
1533 2330 1603 2384 ab
1628 2328 1891 2385 ierarchio

291 2423 383 2479 cis-
409 2422 968 2479 consummatiouibus
1003 2423 1061 2478 in
1106 2423 1210 2479 hoc
1252 2421 1498 2478 sortitus.
1535 2419 1668 2476 lude
1706 2419 1889 2476 divina
1928 2493 1932 2501 γ

287 2513 557 2587 legislatio
605 2513 1034 2570 ierarchicorum
1076 2512 1329 2568 ordinum
1376 2509 1890 2577 sanctiﬁcationetn,

289 2617 348 2663 et
376 2607 549 2662 divini
580 2607 837 2680 unguenti
861 2605 1406 2670 consummationem,
1432 2616 1488 2661 et
1512 2619 1730 2660 sacram
1753 2604 1895 2658 alta-

296 2698 375 2752 ris
401 2681 858 2768 puriﬁcationem,
896 2697 1203 2753 divinorum
1234 2680 1549 2767 pontiﬁcum
1580 2694 1893 2766 perlectivis

292 2791 590 2850 virtutibus
616 2790 963 2863 singulariter
997 2789 1203 2846 divisit.
1243 2788 1341 2844 Est
1376 2788 1543 2860 igitur
1577 2786 1923 2843 sanctiﬁeus-

292 2885 454 2951 ordo,
486 2884 948 2941 consummativae
993 2882 1212 2938 virtutis
1244 2878 1504 2952 repletus,
1548 2869 1786 2951 perfecta
1812 2878 1894 2933 le-

300 2976 558 3033 rarcbiae
583 2976 820 3033 discrete
865 2972 1153 3048 perlici’ens
1178 3014 1193 3041 ,
1234 2981 1289 3030 et
1329 2972 1585 3029 scientias
1612 2987 1900 3029 sacrorum.

297 3066 823 3125 manifestativorum
856 3044 883 3100 ί
906 3044 1173 3134 θωῶιιις,
1197 3066 1498 3123 etedoceus
1517 3063 1896 3137 proportioua—

304 3167 386 3223 les
413 3180 603 3221 eorum
632 3173 689 3220 et
713 3179 901 3220 sacros
929 3162 1148 3220 habitus
1173 3170 1235 3219 et
1255 3162 1510 3217 virtutes.
1579 3188 1582 3191 η

367 3257 727 3316 Sacerdotum
773 3267 956 3313 autem
1003 3256 1285 3327 luciducus
1327 3253 1352 3288 δ
1392 3254 1529 3311 ordo
1562 3254 1631 3309 in
1679 3263 1901 3310 sanctas

297 3351 604 3408 hostiarum
642 3350 1007 3422 inspectiones
1037 3350 1354 3413 manuducit
1387 3347 1660 3420 perfectos
1685 3347 1788 3404 sub
1816 3347 1897 3402 di-

297 3440 551 3497 vinorum
571 3440 961 3511 pontiﬁcalium
982 3438 1193 3507 ordine,
1213 3447 1270 3496 et
1290 3450 1414 3511 post
1435 3454 1561 3495 eum
1582 3438 1897 3495 sacriﬁcans

301 3530 553 3603 proprias
589 3545 778 3586 sacras
805 3531 1091 3598 actiones,
1142 3531 1199 3586 in
1243 3530 1442 3601 quibus
1485 3527 1632 3599 quod
1675 3527 1897 3603 qu'qlem

305 3625 424 3697 ipse
448 3622 581 3696 agit,
611 3623 833 3679 dciﬁcas
860 3623 1154 3680 ostendens
1196 3638 1296 3694 per
1337 3622 1710 3680 sacratissima
1755 3636 1897 3694 sym-

300 3715 423 3775 bola
451 3756 467 3781 ,
512 3725 569 3771 et
596 3715 1053 3787 contemplatores
1081 3716 1432 3774 advenientes
1472 3715 1763 3788 perﬁcicns
1785 3755 1803 3783 ,
1844 3723 1902 3769 et.

309 3812 625 3861 sanctarum
659 3805 941 3861 teletarum
980 3805 1471 3861 communicatores
1500 3824 1515 3860 :
1542 3805 1598 3860 in
1625 3819 1898 3861 summum

305 3906 488 3953 autem
535 3898 871 3953 sacerdOtem
921 3898 1206 3955 remittens
1242 3897 1328 3953 vel
1357 3898 1899 3969 contemplativarmn

299 3988 564 4045 scientiae
620 3988 1104 4061 contemplatarum
1182 3989 1660 4049 sacriﬁcationum
1688 3992 1899 4049 deside-

304 4089 512 4135 rantes.
543 4077 969 4135 Ministrantium
997 4095 1128 4137 vero
1151 4082 1286 4140 ordo
1323 4083 1638 4154 purgativus
1661 4091 1715 4140 et
1741 4083 1900 4139 dissi-

301 4171 512 4227 milium
540 4173 886 4241 discretivus,
908 4182 1036 4231 ante
1061 4176 1117 4229 in
1141 4175 1483 4235 sacerdotum
1512 4169 1898 4254 Sanctiﬁcatio-

302 4282 401 4323 nes
431 4267 822 4334 accessionem,
851 4277 1049 4341 purgat
1075 4268 1452 4335 advenientes,
1477 4284 1643 4339 puros
1661 4284 1756 4326 eos
1776 4285 1899 4341 per-

300 4356 492 4416 ﬁcieus
521 4358 811 4413 contrariis
833 4398 849 4424 ,
890 4366 945 4414 et
972 4359 1041 4414 ad
1084 4358 1389 4415 sacriﬁcam
1418 4361 1809 4431 inspectionem
1842 4368 1899 4415 et

302 4449 851 4506 communicationem
879 4450 901 4482 ⁸
920 4460 1223 4522 coaptatos.
1252 4452 1380 4507 lude
1400 4453 1454 4507 in
1477 4463 1721 4509 sanctam
1747 4454 1901 4512 theo-

301 4541 580 4612 geuesiatn
633 4540 870 4601 ministri
943 4543 1324 4600 advenientem
1394 4544 1565 4600 veteri
1622 4545 1899 4602 denudant

1975 680 2149 749 portis
2180 679 2477 735 ierarchica
2516 677 2807 750 legislatio,
2838 676 2903 731 ad
2940 690 3095 731 sacra
3135 670 3568 742 proveniemiutu

1978 775 2260 830 introitum
2293 775 2347 828 iu
2378 772 2792 844 perfectissimis
2826 768 3239 843 purgationibus
3264 766 3567 833 insinuans,

1977 876 2030 923 ct
2059 867 2138 943 ad,
2169 875 2388 934 sanctas
2416 878 2605 921 eorum
2636 864 3001 935 iuspecliones
3028 870 3082 918 et
3113 858 3569 918 communicatio-

1980 974 2078 1017 nes
2103 961 2125 994 ⁸
2148 975 2429 1017 accessum
2466 959 2765 1031 purgativis
2798 958 3088 1035 virtutibus
3121 956 3363 1020 tradens,
3392 960 3447 1009 et
3472 966 3572 1024 per

1982 1070 2074 1110 eas
2101 1068 2196 1109 eos
2225 1051 2536 1124 impollutos
2578 1051 2879 1120 accipiens.
2924 1049 3189 1106 Ostensus
3229 1054 3315 1103 est
3349 1045 3513 1115 igitur
3538 1061 3571 1100 a

1981 1144 2137 1200 nobis
2189 1141 2505 1214 pontiﬁcum
2553 1140 2772 1211 quidem
2822 1140 2958 1196 ordo
3003 1136 3468 1196 consummativus
3517 1142 3589 1191 et-

1980 1236 2311 1309 perl‘cctivus
2360 1253 2373 1292 :
2421 1233 2769 1293 sacerdotum
2841 1240 3022 1288 autem
3081 1229 3468 1288 illuminativus
3519 1235 3577 1282 et
3619 1290 3625 1297 .

1983 1327 2261 1383 lucidueus
2287 1344 2302 1380 :
2332 1325 2760 1381 ministrantium
2786 1338 2919 1378 vero
2944 1321 3262 1394 purgativns
3292 1328 3349 1375 et
3375 1318 3577 1374 discre-

1985 1421 2127 1477 tivus
2154 1436 2171 1475 :
2199 1416 2408 1474 scilicet
2446 1416 2752 1474 ierarcltico
2784 1415 2977 1471 ordine
3015 1428 3124 1470 non
3158 1410 3420 1485 perﬁcere
3459 1418 3578 1465 lau-

1982 1521 2121 1579 tum,
2139 1511 2233 1568 sed
2256 1518 2312 1567 et
2330 1508 2632 1565 illuminare
2658 1509 2819 1564 simul
2846 1518 2899 1564 et
2923 1509 3192 1564 mundare
3210 1504 3574 1576 percipiente,

1982 1617 2037 1662 ct
2063 1605 2407 1662 sacerdotum
2432 1604 2637 1659 virtute
2679 1602 2919 1666 habente
2941 1600 2996 1661 in
3024 1601 3202 1672 scipsa
3230 1614 3354 1656 cum
3386 1597 3578 1655 illumi-

1984 1697 2167 1752 nativa
2199 1704 2254 1750 ct
2287 1692 2626 1765 purgativam
2642 1691 2962 1749 scientiam.
2991 1690 3148 1751 Aliae
3175 1689 3392 1761 quidem
3433 1686 3577 1744 enim

1984 1789 2224 1845 minores
2268 1788 2320 1841 in
2367 1800 2470 1852 ea,
2521 1801 2670 1856 quae
2718 1785 2946 1845 meliora
2992 1793 3158 1850 sunt,
3206 1797 3313 1839 non
3357 1789 3584 1853 possunt

1986 1889 2383 1943 transmovcre,
2407 1891 2474 1933 eo
2494 1877 2639 1946 quod
2666 1874 2925 1945 iniustum
2959 1874 3031 1930 sit
3051 1874 3152 1939 eis,
3180 1873 3247 1929 ad
3274 1871 3581 1943 huiusmodi

1986 1968 2174 2024 conari
2203 1965 2570 2037 majestatem.
2609 1965 2763 2021 Aliae
2794 1974 2977 2021 autem
3023 1963 3319 2020 diviniores
3351 1962 3584 2018 virtutes

1986 2078 2109 2118 cum
2153 2061 2391 2133 propriis
2435 2067 2493 2116 et
2542 2058 2816 2129 subiectas
2860 2072 2997 2115 suae
3040 2055 3390 2129 perfectionis
3426 2068 3580 2111 saera

1987 2157 2217 2212 scientia
2264 2161 2618 2226 cognoscunt.
2667 2152 2935 2209 Similiter
2975 2150 3233 2223 quoniam
3278 2148 3581 2204 divinarum

1987 2256 2113 2305 sunt
2143 2242 2424 2304 actionum
2448 2246 2717 2318 imagines
2735 2286 2751 2314 ,
2783 2245 2924 2301 aliae
2949 2241 3378 2300 sanctiﬁcativae
3403 2240 3581 2311 dispo~

1987 2342 2211 2398 sitioues
2232 2341 2372 2397 bene
2397 2340 2578 2396 ornati
2602 2349 2657 2395 et
2683 2337 2952 2396 inconfusi
2975 2337 3283 2394 divinarum
3308 2334 3585 2406 operatio-

1986 2427 2117 2490 imm
2163 2416 2411 2498 ordinis,
2454 2431 2511 2486 in
2562 2430 2873 2502 semetipsis
2913 2428 3263 2485 ostendentes
3307 2424 3585 2483 ordinatas

1988 2524 2413 2581 illuminationes
2442 2518 2522 2578 'in
2567 2523 2813 2594 primas,
2853 2530 2909 2578 et
2958 2520 3205 2585 medias,
3261 2527 3318 2573 et
3367 2516 3584 2573 ultimas

1987 2632 2176 2673 sacras
2228 2617 2475 2673 actiones
2511 2625 2567 2671 et
2615 2612 2988 2671 ordinationes
3015 2653 3031 2679 ,
3079 2612 3136 2667 in
3167 2609 3584 2668 discretionibus

1990 2703 2307 2766 ierarcltieis
2327 2707 2612 2764 ordinatae
2633 2715 2778 2775 sunt,
2797 2702 3118 2768 manifestan
3127 2712 3227 2769 tes,
3247 2710 3307 2757 ut
3322 2691 3582 2763 diximus,

1991 2801 2050 2861 in
2091 2802 2288 2874 scipsis
2319 2800 2627 2858 divinarum
2657 2797 3039 2871 operationum
3078 2794 3389 2852 ordinatum
3417 2801 3473 2848 et
3501 2792 3584 2848 in-

1992 2892 2300 2966 contl'usunt.
2316 2891 2582 2961 Quoniam
2596 2890 2751 2946 enim.
2769 2888 3068 2954 thearchia,
3098 2887 3151 2943 in
3173 2888 3585 2959 quibuscunque

1996 2986 2156 3049 inest,
2196 2985 2407 3041 animos
2443 2990 2640 3058 purgat
2663 2981 2934 3053 primum,
2966 2978 3165 3035 deinde
3190 2975 3489 3041 illuminat,
3530 2983 3587 3029 et

1994 3076 2328 3133 illuminatos
2348 3080 2691 3131 consummat
2710 3072 2780 3127 ad
2805 3069 3122 3127 deiformem
3146 3066 3538 3139 perfectionem
3568 3081 3581 3118 :

1995 3168 2199 3223 merito
2220 3166 2549 3239 pontiﬁcalis
2571 3164 2875 3220 divinarum
2925 3160 3224 3232 imaginum
3246 3160 3298 3214 iu
3323 3159 3585 3214 discretas

2000 3260 2235 3332 seipsam
2266 3258 2501 3331 alternat
2543 3256 2915 3314 ordinationes
2957 3264 3013 3312 et
3058 3255 3320 3317 virtutes,
3356 3266 3587 3323 operose

2000 3342 2296 3410 ostendens
2347 3350 2686 3409 thearchicas
2733 3347 3076 3418 operationes
3128 3345 3184 3401 in
3227 3344 3587 3400 sanctissimis

2000 3456 2056 3504 et
2107 3443 2410 3502 inconfusis
2458 3440 2748 3500 ordinibus
2812 3438 3109 3515 ponderate
3178 3447 3235 3493 et
3306 3436 3589 3494 inconfuse

1934 3595 1955 3607 _
2000 3546 2254 3596 statutas.
2309 3536 2419 3593 Sed
2466 3535 2726 3606 quoniam
2772 3531 3080 3588 sanctiﬁcas
3119 3528 3491 3586 ordinationes
3532 3536 3590 3584 et

2001 3629 2443 3704 participationes
2493 3627 2835 3695 virtutesque
2899 3637 3087 3679 earum
3140 3630 3197 3677 et
3249 3620 3591 3692 operationes

1999 3709 2256 3789 diximus,
2283 3730 2549 3793 quantum
2572 3718 2745 3776 nobis
2774 3716 3030 3788 possibile
3066 3724 3170 3783 est,
3200 3723 3251 3771 et
3286 3712 3595 3770 sacratissi-

2002 3832 2120 3871 mas
2143 3829 2365 3882 earum,
2403 3824 2667 3885 quantum
2708 3818 2958 3884 potentes
2978 3820 3206 3877 sumus,
3244 3805 3593 3879 inspiciemus

2001 3906 2520 3965 consummationes.
2615 3940 2624 3954 .

2130 3999 2442 4072 Mysterium
2485 3994 2894 4052 sacerdotalium
2937 3990 3465 4052 consummatiouum.

2072 4093 2330 4150 Summus
2377 4091 2595 4161 quidem
2643 4086 3014 4145 sacerdosad
3064 4085 3422 4143 ierarchicam
3463 4094 3594 4137 con—

2000 4185 2415 4261 summationem
2443 4179 2724 4238 accedens.
2752 4189 2977 4250 utroque
3004 4178 3139 4248 pede
3169 4178 3435 4233 inclinans
3464 4180 3592 4231 ante

2000 4282 2349 4346 conspectuin
2387 4272 2555 4328 divini
2596 4270 2825 4337 altaris,
2871 4283 3037 4340 super
3066 4277 3231 4338 caput
3274 4268 3436 4323 habet
3478 4262 3593 4320 Deo

2001 4367 2196 4423 tradita
2219 4364 2457 4435 eloquia,
2484 4372 2540 4419 et
2570 4361 2928 4424 inarchicam
2957 4374 3201 4425 manum,
3230 4358 3409 4413 ethoc
3434 4358 3596 4413 modo

2000 4474 2031 4512 a
2059 4454 2372 4528 perliciente
2409 4468 2532 4510 eum
2562 4467 2777 4511 summo
2805 4450 3095 4508 sacerdote
3125 4448 3485 4507 sanctissimis
3513 4448 3595 4504 in-

2001 4545 2376 4628 vocatiopibus
2403 4550 2828 4599 consummatur.
2859 4539 3127 4597 Sacerdos
3155 4548 3337 4595 autem
3366 4547 3596 4608 utroque

300 4634 654 4694 vestimento,
685 4631 863 4687 adhuc
895 4641 952 4688 et
981 4634 1296 4701 absolvunt,
1342 4643 1397 4690 et
1443 4635 1511 4691 ad
1555 4651 1811 4692 occasum
1842 4636 1895 4691 in
1924 4673 1977 4732 Β
2002 4637 2136 4709 pede
2166 4636 2432 4690 inclinans
2461 4634 2515 4688 in
2540 4641 2832 4702 conspectu
2864 4631 3033 4685 divini.
3069 4628 3279 4695 altaris,
3311 4642 3477 4699 super
3503 4643 3594 4683 ca-

301 4723 839 4779 abrenunciationem
891 4732 1172 4791 statuunt,
1236 4734 1293 4780 et
1338 4726 1535 4781 iterum
1591 4726 1661 4782 ad
1712 4737 1895 4782 ortum

304 4811 659 4869 transducunt
680 4841 753 4851 —
773 4812 1109 4882 purgativae‘
1129 4814 1274 4868 enim
1296 4823 1424 4870 sunt
1456 4815 1815 4871 ordinationis
1838 4822 1895 4871 et

304 4905 521 4959 virtutis
534 4933 608 4943 --
622 4902 886 4972 repellere
910 4905 1298 4961 universaliter
1319 4906 1574 4975 jubentcs
1608 4907 1898 4962 advenien-

228 5046 231 5049 γ
272 5014 278 5021 ·
304 4995 448 5051 tibus
475 4992 674 5066 prieris
697 4996 845 5052 vitae
868 4995 1120 5074 amictus,
1162 5005 1218 5050 et
1242 4996 1441 5068 prioris
1467 4997 1899 5058 conversationis

271 5089 653 5146 -tencbrosum
677 5129 690 5150 ,
743 5089 1095 5144 ostendentes
1140 5097 1197 5143 et
1230 5089 1520 5145 edocentes
1547 5100 1643 5145 eos
1685 5089 1897 5146 reordi-

305 5178 515 5233 nandos
540 5219 555 5243 ,
584 5193 615 5232 a
642 5193 752 5233 non
774 5178 1207 5235 illuminantibus
1234 5180 1291 5234 in
1320 5180 1678 5236 illuminativa
1717 5189 1899 5238 trans-

302 5271 555 5328 cendere.
587 5271 880 5339 Purgativa
907 5272 1071 5344 igitur
1093 5282 1177 5329 est
1201 5272 1564 5329 ntinistrativa
1594 5273 1897 5345 dispositio,

306 5365 358 5419 in
387 5363 863 5422 manifestissimas
889 5367 1230 5422 sacerdotum
1255 5365 1716 5422 sanctiﬁcationes
1744 5365 1899 5420 redu-

307 5472 435 5513 cens
459 5468 744 5530 purgatos,
774 5469 829 5514 et
855 5457 1205 5530 imperfectos
1241 5457 1567 5528 dijudicans,
1598 5468 1654 5514 et.
1690 5458 1899 5515 inﬂam-

312 5566 460 5613 mztns
508 5551 838 5607 ntunoativis
898 5551 1236 5621 eloquiorum
1306 5550 1788 5606 illuminationibus
1846 5560 1903 5605 et

306 5641 571 5698 doctrinis
596 5684 611 5708 ,
657 5652 712 5698 et
741 5645 917 5701 adhuc
969 5642 1277 5698 innuundos
1306 5643 1676 5699 sacerdOtibus
1714 5643 1898 5698 incon-

2005 4735 2099 4797 put
2124 4727 2287 4781 habet
2314 4724 2671 4780 ierarclticam
2697 4722 2976 4787 dextram,
3008 4728 3063 4774 et
3093 4720 3195 4775 hoc
3226 4717 3385 4773 modo
3412 4732 3443 4772 a
3474 4732 3597 4788 per-

2005 4817 2219 4872 ﬁciente
2252 4830 2377 4870 eum
2417 4828 2630 4869 summo
2668 4811 2948 4868 sacerdote
2985 4809 3250 4865 sacriﬁeis
3300 4806 3598 4862 invocatio-

2006 4910 2164 4965 nib'us
2185 4906 2576 4964 sanctiﬁcatur.
2602 4904 2849 4961 MiniSter
2877 4918 3006 4959 vero
3035 4919 3142 4965 uno
3170 4902 3307 4973 pede
3332 4900 3598 4957 inclinans

2009 5003 2063 5058 in
2091 5010 2382 5071 conspectu
2414 4999 2633 5064 altaris,
2676 5011 2837 5067 super
2866 5004 3028 5066 caput
3070 4996 3232 5050 habet
3265 4991 3598 5064 perﬁcientis

2007 5108 2132 5157 cum
2159 5090 2355 5148 summi
2380 5088 2682 5145 sacerdotis
2709 5088 2976 5151 dextram,
3001 5083 3364 5157 perﬁciendus
3391 5082 3461 5137 ab
3481 5072 3598 5152 ipso

2008 5182 2430 5241 ministrantium
2469 5177 2918 5236 consummativis
2966 5174 3411 5231 invocationibus.
3468 5171 3598 5228 Uni-

2008 5277 2203 5348 cuique
2232 5283 2413 5331 autem
2460 5288 2648 5329 eorum
2697 5269 3023 5327 crucifortne
3065 5268 3310 5339 signatur
3353 5281 3386 5320 a
3434 5263 3598 5336 perﬁ-

2010 5371 2186 5425 ciente
2214 5382 2427 5423 summo
2457 5363 2736 5438 sacerdote
2783 5358 3149 5432 signaculum,
3190 5367 3245 5412 et
3273 5372 3367 5426 per
3395 5369 3588 5409 unua:-

1999 5475 2268 5531 quemque
2352 5456 2600 5511 recitatio
2678 5454 2738 5508 ﬁt
2793 5466 2986 5515 sacra,
3050 5458 3105 5505 ct
3163 5446 3593 5507 consummativa

2001 5550 2291 5614 salutatio,
2340 5547 2610 5603 salutaute
2669 5544 2818 5601 onmi
2860 5542 3042 5597 divino
3095 5547 3386 5611 praesente
3451 5535 3591 5595 viro.

2004 5652 2061 5698 et
2127 5649 2538 5697 consummante
2572 5647 2819 5693 'summo
2896 5632 3179 5688 sacerdote
3253 5630 3323 5686 ad
3387 5626 3595 5701 aliquid

368 5824 373 5828 .
1611 5756 1872 5814 vanus
1906 5753 2319 5814 LECTIONES.
2775 5824 2784 5831 ι

384 5838 793 5946 [ιξίεΒς-ΔΕΠ
833 5874 1171 5946 deividuut.“
1216 5879 1237 5909 ³
1265 5871 1355 5926 Bll
1399 5873 1709 5946 diciniorem
1735 5874 2195 5946 sacriﬁcatiouem.
2305 5871 2326 5903 ⁸
2357 5866 2448 5926 Blt
2502 5868 2975 5937 manifeslalorttm.
3087 5861 3125 5934 δι
3162 5860 3265 5924 Eli,
3307 5860 3584 5920 ίασέάίειωο

319 5937 339 5967 ⁸
388 5937 479 5996 BH
526 5944 958 6000 communionem.
1039 5939 1173 6000 ’Bll
1205 5943 1612 6001 communiones.

58 6290 177 6304 ..α-⁵⁵·-
190 6290 403 6304 ...ι-ιι
