4210 6264
338 283 478 343 μοι

913 281 1170 344 VERSIO
1203 280 1492 342 OPERUM
1527 281 1590 341 S.
1626 281 1948 342 DIONYSII'.
1983 311 2060 327 --
2091 281 2630 344 ECGLESIASTICA
2660 283 3058 364 IERABCJIIA.

3499 287 3632 348 HO!

336 395 639 458 inclinante
665 395 791 460 ilia,
812 386 879 452 et
900 393 1018 450 “hoc
1042 391 1341 451 ier‘arcbico
1369 395 1655 452 schemate
1678 410 1934 453 consum-
1965 403 2012 462 Α
2043 395 2488 478 temptationibus
2544 411 2735 454 eorum
2787 405 2844 455 et
2907 380 3401 456 communicatione
3469 403 3645 464 simul-

333 493 541 543 πίθοιο.
573 483 696 558 Ipsa
720 483 884 558 igitur
913 484 1193 542 inclinatio
1217 485 1810 560 sign-iﬂcat’subjcctum
1836 501 1934 542 ac-

334 592 554 636 cessum
580 576 911 644 accedentis,
935 575 1227 636 referentis
1253 578 1367 634 Deo
1390 582 1537 649 quod
1559 578 1820 635 divinitus
1843 594 1937 635 ac-

333 668 557 726 cedens.
583 669 850 741 Quoniam
871 683 1025 735 vero,
1054 677 1117 725 ut
1142 683 1308 741 saepe
1328 669 1586 738 diximus,
1610 679 1722 728 tres
1743 685 1937 727 sacrae

332 754 843 835 consnutmantiuin‘
883 761 1267 832 dispositiones
1308 772 1538 835 propter
1567 772 1676 820 tres
1703 765 1938 821 sanctis-

332 831 724 910 simas’teletas
745 859 801 908 et
843 831 1074 908 virtutes
1100 831 1457 923 supersedent
1485 852 1658 910 tribus
1681 869 1936 910 consum-

332 941 660 1000 mndorum
682 932 1009 1007 .ouiinibus,
1039 942 1226 998 et‘sub
1253 941 1437 1015 divina
1459 942 1589 1014 iuga
1635 941 1933 999 salutarem

331 1048 526 1094 eorum
565 1033 880 1092 sacrificant
917 1026 1214 1092 accessum
1246 1040 1414 1107 :‘apte
1434 1033 1795 1091 ministrativa
1824 1035 1936 1090 dis-

331 1127 552 1201 pesitio-
583 1136 850 1198 tanquam
887 1125 1174 1199 purgativa
1206 1125 1245 1192 ί,
1286 1140 1453 1180 unam
1498 1125 1933 1196 sacriﬁcatpur-

333 1219 638 1292 gauderem
683 1218 1076 1298 accessionem,
1127 1217 1232 1274 sub
1286 1217 1534 1274 divinum
1579 1231 1701 1272 eam
1739 1225 1930 1288 super-

330 1326 543 1383 ponens
571 1310 766 1376 altare,
798 1319 1059 1382 umquam
1087 1307 1144 1365 in
1188 1307 1308 1379 ipso
1348 1310 1592 1382 purgatis
1619 1308 1816 1364 animis
1841 1323 1937 1364 su-

331 1403 630 1476 pennunda
638 1417 706 1458 ne
736 1401 958 1460 oblatis.
974 1399 1301 1458 Sacerdotes
1333 1409 1536 1462 autem
1553 1404 1939 1475 utroquepede

332 1494 618 1559 inclinant,
657 1491 888 1549 veluti-3
919 1493 1036 1548 suis
1066 1507 1224 1550 sacre
1265 1495 1576 1551 accessibus
1605 1509 1714 1550 non
1757 1495 1964 1552 solum.

328 1580 628 1652 mundatis,
659 1587 756 1644 sed
781 1594 838 1643 et
867 1585 1386 1657 manifestatissimis
1425 1589 1540 1645 suis
1555 1589 1929 1652 sacriﬁcatio-

330 1678 494 1734 nibus
534 1677 832 1749 anagogice
861 1676 1306 1747 puriﬁcata'vita,
1353 1679 1409 1734 in
1451 1679 1931 1754 contemplativum

2038 486 2217 544 ornnis
2242 501 2434 544 sacrae
2458 487 2699 546 laetitiae
2741 489 2998 562 repletus,
3028 505 3096 546 ac
3120 505 3219 562 per
3258 491 3361 549 hoc
3393 492 3462 548 ad
3493 493 3632 551 divi-

2036 591 2167 631 num
2195 575 2456 634 scientiae
2477 591 2667 634 eorum
2688 572 3049 638 sanetiSsimis
3073 581 3487 640 ascensionibus
3510 583 3658 656 suis

2036 665 2436 738 virtutibusque
2464 670 2950 740 proportionaiiter
2973 669 3242 728 revolans.
3276 671 3434 730 Ilunc
3473 689 3579 748 ego
3603 673 3626 709 ‘

2038 755 2162 819 dico
2189 758 2362 825 sancti
2390 758 2574 832 populi
2624 761 2911 828 Ordinem,
2949 769 3209 834 tanquam
3258 779 3360 836 per
3410 779 3673 825 omnem-

2019 850 2342 907 venientem
2364 837 2775 928 purgationem,
2803 862 2859 910 et
2878 868 3035 911 sacra
3061 854 3644 916 tnanifestissimarum

2023 943 2336 1001 bestiarum
2375 943 2792 1015 inspectioneet
2829 944 3336 1014 communicatione,
3366 958 3633 1021 quantum

2027 1033 2236 1104 justum
2265 1042 2324 1092 et
2349 1040 2370 1072 τ
2400 1036 2644 1108 dignum.
2668 1036 3138 1096 Perticiendorum
3174 1049 3364 1098 autem
3385 1043 3633 1101 omnium

2034 1124 2198 1182 altior
2244 1127 2380 1183 ordo
2405 1127 2796 1184 monachorum
2832 1137 2916 1185 est
2957 1145 3111 1186 sacra
3144 1131 3427 1203 dispositio
3451 1173 3467 1201 ,
3512 1149 3632 1191 om-

2033 1231 2163 1273 nem
2215 1217 2436 1288 quidem
2489 1221 2810 1275 mundatam
2863 1222 3281 1292 purgationem,
3333 1223 3629 1282 universali

2035 1311 2258 1378 virtute,
2285 1322 2339 1367 et
2365 1308 2760 1382 perfectissima
2790 1313 3136 1384 propriarum
3161 1315 3438 1372 actionum
3467 1317 3634 1375 casti-

2036 1409 2190 1469 tate,
2241 1403 2520 1474 omnique,
2593 1412 3015 1476 quantacunque
3079 1404 3165 1462 fas
3223 1406 3314 1476 ei,
3381 1419 3629 1466 contem-

2035 1491 2232 1564 plando
2281 1493 2733 1561 sanctiﬁcatione,
2798 1495 2854 1550 in
2897 1495 3246 1554 intellectuali
3306 1499 3515 1556 theoria
3574 1510 3631 1560 et

2034 1584 2528 1642 communicatione
2560 1583 2745 1668 iacta,
2801 1595 2858 1643 et
2916 1587 3236 1658 pontiticum
3285 1606 3631 1668 consumma-

2037 1677 2162 1735 tivis
2211 1678 2502 1736 virtutibus
2552 1662 2989 1752 mancipata,“
3033 1681 3231 1738 divinis
3284 1697 3472 1740 eorum
3501 1660 3627 1741 illa:
3716 1743 3727 1754 ,

329 1767 580 1825 habitum
605 1776 660 1824 et
694 1769 948 1825 virtutem
976 1769 1226 1826 sacriﬁce
1252 1773 1634 1828 consummati.
1673 1771 1932 1829 Summus
1960 1761 2006 1822 Β
2035 1767 2424 1824 minationibus
2478 1775 2534 1824 et
2588 1764 2923 1826 ierarchicis'
2974 1763 3360 1830 traditionibus
3412 1773 3629 1840 edocto,

329 1869 513 1917 autem
539 1858 813 1926 sacerdos,
843 1865 1075 1930 utroque
1095 1860 1234 1933 pede
1255 1858 1548 1930 inclinans,
1571 1875 1934 1936 super-caput

327 1951 498 2008 liabet
519 1951 633 2007 Deo
667 1949 866 2008 tradita
892 1949 1130 2022 eloquia,
1176 1950 1276 2010 Dei
1323 1953 1692 2011 ministrativa
1729 1955 1932 2011 virtute

327 2038 596 2116 purgante
617 2051 675 2099 et
701 2041 949 2120 sacriﬁca
977 2042 1341 2119 illuminatos,
1366 2047 1436 2102 ad
1460 2047 1827 2118 inspectorum
1861 2044 1932 2104 ab

327 2137 466 2208 ipsis
499 2151 780 2193 sacrorum
825 2137 1304 2208 proportionaliter
1327 2139 1412 2195 eis
1445 2141 1730 2209 scientiam
1759 2141 1932 2196 ierar-

327 2224 485 2284 cbice
513 2225 740 2293 ducens,
769 2233 948 2298 etper
968 2239 1094 2285 eam
1117 2242 1512 2286 consummatis
1525 2229 1930 2287 accedentesin

325 2320 602 2398 integram
631 2320 929 2380 secundum
948 2319 1426 2398 eos-oblationem.

869 2431 1272 2491 CAPITULUM
1310 2431 1401 2491 Vl.
1430 2442 1435 2446 '

684 2523 785 2594 θεῖ
807 2523 1244 2605 perﬁciendorum
1282 2525 1573 2605 ordinibus.

402 2615 474 2674 lli
517 2616 737 2690 quidem
782 2600 1155 2674 sacer-dotales
1195 2618 1418 2674 ordines
1477 2600 1535 2674 et
1584 2600 1927 2690 partitiones,

329 2712 669 2784 virtutesque
712 2727 900 2770 eorum
933 2721 988 2768 et
1032 2708 1468 2784 operationeset
1506 2713 1932 2781 consummatio-

327 2822 430 2866 nes
457 2807 610 2865 :‘sub
650 2807 786 2880 ipsis
844 2814 1029 2863 autem
1086 2805 1312 2883 trinitas
1376 2805 1929 2864 censummandatum

325 2901 581 2959 ordinum
640 2899 839 2957 deinde
887 2900 1182 2977 narranda.
1235 2897 1494 2955 Dicamus
1540 2898 1742 2969 igitur,
1797 2899 1929 2977 quia

325 2988 594 3067 purgandi
638 2991 862 3064 quidem
921 2973 1051 3050 sunt
1105 2990 1327 3047 ordines
1375 2973 1820 3048 sacriﬁcantibus.
1873 2997 1930 3048 et

327 3083 768 3145 ministrantibus
795 3083 1081 3150 distinctae
1108 3081 1504 3152 multitudines,
1550 3097 1782 3155 quarum
1809 3081 1926 3153 jam

2035 1861 2393 1918 considerans
2440 1875 2540 1930 per
2567 1874 2628 1918 se
2681 1873 2964 1933 sacrarum
3012 1861 3314 1919 hostiarum
3355 1862 3632 1922 sacrifica-

2038 1953 2236 2020 tiones,
2265 1963 2322 2010 et
2349 1969 2382 2010 a
2410 1968 2570 2011 sacra
2600 1968 2790 2010 earum
2818 1954 3046 2012 scicntia
3071 1958 3551 2028 proportionaliter
3572 1957 3630 2015 in

2035 2048 2622 2108 consummatissimam
2645 2050 2947 2106 ascendens
2969 2052 3510 2108 consummationem.
3541 2052 3633 2108 In-

2035 2142 2103 2196 de
2153 2141 2322 2219 divini
2357 2143 2523 2198 duces
2549 2133 2721 2199 nostri
2747 2141 3207 2211 nominationibus
3235 2157 3330 2201 eos
3351 2145 3524 2202 sacris
3548 2145 3629 2202 di-

2033 2235 2186 2308 gnati
2225 2243 2373 2302 sunt;
2421 2235 2514 2292 alii
2565 2236 2784 2308 quidem
2831 2237 3217 2306 tbcrapcutas,
3269 2237 3410 2293 a‘lii'
3442 2250 3624 2294 autem

2033 2325 2722 2393 met'tacbosnominantes,
2751 2341 2821 2382 ex
2847 2324 2943 2382 Dei
2970 2341 3110 2402 puro
3133 2315 3440 2384 miniaterio
3468 2337 3522 2383 et
3549 2325 3627 2383 fa-

2033 2416 2264 2486 mulatu,
2295 2425 2492 2476 etnon
2515 2420 2714 2489 partita
2762 2429 2818 2476 et
2857 2419 3119 2492 singulari
3167 2420 3277 2476 vita
3300 2460 3317 2487 ,
3370 2431 3626 2490 tanquam

2031 2509 2328 2567 unibcante
2393 2525 2490 2568 eos
2531 2510 2554 2544 ⁹
2600 2511 2656 2567 in
2715 2511 3104 2582 separabilium
3163 2513 3336 2568 sacris
3399 2511 3631 2584 compli-

2031 2601 2343 2660 catisnibus
2407 2601 2464 2657 in
2520 2599 2842 2668 deit'ormcm
2918 2601 3224 2669 unitatem,
3269 2609 3326 2658 et
3391 2601 3623 2658 amicam

2030 2691 2144 2751 Deo
2221 2691 2762 2760 consummationem.
2834 2690 3066 2763 Propter
3137 2692 3284 2762 quod
3358 2699 3414 2748 et
3495 2708 3630 2748 con-

2029 2783 2412 2842 summativam
2451 2783 2533 2843 eis
2577 2775 2800 2840 donavit
2843 2783 3077 2855 gratiam
3123 2777 3278 2841 saera
3307 2783 3578 2857 legislatio
3606 2824 3622 2849 ,

2029 2884 2086 2933 et
2123 2875 2360 2947 quadam
2424 2887 2526 2942 eos
2583 2873 2802 2946 dignata
2849 2881 2936 2931 est
2971 2873 3346 2930 cousecratira
3401 2861 3623 2930 invoca-

2028 2966 2207 3035 tione,
2230 2982 2340 3024 non
2363 2965 2670 3026 ierarcbica
2697 2979 2715 3021 :
2738 2964 2829 3021 illa
2852 2964 3000 3024 enim
3024 2965 3079 3020 in
3107 2963 3150 2998 ιο
3171 2963 3306 3021 solis
3328 2963 3390 3021 tit
3413 2965 3618 3021 sancti-

2027 3057 2150 3115 ﬁcis
2177 3057 2482 3124 ordinibus,
2511 3056 2607 3114 sed
2640 3055 3036 3114 sanetiticativa
3061 3073 3094 3114 a
3123 3055 3330 3127 sinetis
3370 3056 3626 3113 sacerdo-

328 3131 653 3235 membriatn
677 3146 936 3234 fecimus:
953 3145 1073 3248 ejus
1097 3174 1315 3247 quidem
1346 3131 1603 3247 tanquam
1627 3131 1927 3232 adbuc'ad.
1952 3131 1998 3195 ο
2033 3147 2178 3256 mf“
2200 3148 2506 3207 ιετπειιίεθ
2529 3145 2862 3220 Ρθΐῖθοιίοηθ
2896 3147 3142 3208 secundo
3176 3143 3536 3203 “Niliaca”-

327 3267 761 3330 miuistrantium
801 3267 1188 3326 obstetricibus
1212 3267 1444 3340 eloquiis
1487 3266 1806 3353 ad’vitalem
1833 3283 1930 3340 ap-

327 3360 703 3433 probationem
755 3368 813 3416 et
855 3358 1173 3418 formandae
1215 3366 1272 3416 et
1311 3359 1668 3432 ﬁgurandae:
1701 3359 1928 3433 ejusque

329 3453 494 3525 quasi
528 3466 675 3526 quae
698 3455 722 3486 ¹
752 3453 824 3509 ad
853 3453 1118 3520 divinam,
1159 3467 1230 3509 ex
1265 3467 1330 3510 ea
1379 3455 1722 3526 apostatavit,
1760 3454 1929 3512 vitam

329 3543 675 3612 revocandae
719 3543 988 3600 bonorum
1037 3542 1379 3614 eloquiorum
1434 3544 1784 3617 conversoria
1831 3545 1929 3602 do-

331 3635 506 3693 ctrina
533 3651 550 3692 :
579 3635 808 3710 ejusque
835 3644 1094 3706 tanquam
1126 3635 1306 3715 adhuc
1331 3652 1364 3692 a
1409 3638 1699 3713 contrariis
1729 3637 1929 3694 tumul-

333 3727 479 3784 tibus
515 3725 806 3798 intirmiter
836 3725 1057 3790 timidae
1079 3767 1093 3788 ,
1145 3735 1201 3783 et
1241 3741 1274 3782 a
1316 3725 1925 3786 facientibus-virtutem

331 3817 567 3890 eloquiis
605 3818 1042 3876 corroboraudae
1073 3834 1090 3873 :
1122 3817 1345 3890 ejusque
1402 3813 1548 3877 velut
1591 3820 1770 3878 adhuc
1801 3821 1822 3854 ³
1857 3822 1928 3878 ad

333 3925 523 3975 sacras
566 3910 815 3966 actiones
853 3923 922 3965 ex
968 3908 1222 3980 pessimis
1254 3911 1662 3969 traducendae:
1699 3914 1929 3986 ejusque

335 4013 594 4074 tanquam
621 4001 970 4060 transductae
1007 4001 1248 4074 quidem,
1276 4002 1513 4062 nondum
1547 4021 1694 4062 vero
1736 4007 1931 4064 castis-

333 4094 470 4150 sime
495 4093 966 4150 conversationem
1010 4095 1067 4150 in
1111 4095 1472 4153 divinioribus
1519 4094 1930 4154 babitudinibus

333 4183 854 4257 ct,immutabilibus
882 4178 1284 4242 habentisﬁl'sti
1327 4186 1474 4242 enim
1507 4194 1635 4252 sunt
1661 4188 1929 4260 purgandi

332 4279 554 4335 ordines
589 4277 1022 4335 administrativa
1070 4269 1515 4341 obstetricationé
1535 4290 1603 4338 et
1643 4283 1926 4354 purgativa

316 4369 558 4433 virtute.
581 4368 694 4427 llos
711 4369 949 4426 ministri
977 4369 1150 4451 sacris
1172 4371 1286 4426 suis
1307 4370 1922 4442 virtutibusperticiunt,

2230 3261 2544 3335 Hysteri‘um
2570 3262 2910 3318 monachicae
2935 3261 3424 3317 consummationis.

2102 3353 2370 3423 Sacerdos
2412 3353 2764 3426 quidem'stat
2786 3353 2842 3408 in
2893 3359 3187 3422 conspectu
3217 3351 3385 3408 divini
3410 3350 3623 3418 altaris,

2029 3445 2415 3522 monachicam
2435 3446 2838 3501 invocationem
2867 3445 3122 3516 psallens.
3153 3445 3625 3502 Consummandus

2030 3547 2216 3594 autem
2245 3546 2394 3597 retro
2414 3534 2755 3592 sacerdotem
2800 3544 2931 3601 stat,
2963 3551 3074 3591 non
3117 3546 3352 3607 utroque
3381 3537 3516 3608 pede
3538 3537 3623 3592 in-

2030 3628 2262 3693 clinans,
2293 3642 2404 3684 non
2429 3642 2539 3683 uno
2562 3627 2727 3698 pede,
2761 3643 2870 3683 non
2901 3641 3067 3699 supra
3096 3636 3261 3699 caput
3284 3623 3627 3686 babens‘Deo

2032 3718 2231 3775 tradita
2291 3716 2549 3790 eloquia:
2601 3724 2810 3772 tantum
2883 3731 3014 3774 vero
3070 3718 3342 3776 sacerdoti
3403 3724 3626 3780 adstans

2029 3809 2280 3882 psallenti
2304 3823 2469 3880 super
2491 3807 2612 3882 ipso
2655 3794 2945 3881 mysticam
2991 3808 3415 3868 invoeationem.
3454 3811 3625 3872 Perti«

2031 3908 2185 3966 ciens
2205 3915 2389 3964 autem
2409 3920 2533 3962 eam
2564 3904 2844 3972 sacerdos,
2873 3904 2940 3960 ad
2971 3905 3377 3976 perﬁciendum
3401 3909 3626 3966 veniens

2031 4001 2602 4074 interrogat-primum
2633 3999 2758 4066 hoc,
2799 4001 2845 4056 Si
2870 3999 3108 4069 primum
3154 4000 3513 4058 abrenunciat
3542 4003 3626 4069 tti-

2031 4095 2165 4152 visis
2194 4109 2300 4151 non
2327 4093 2502 4150 solum
2526 4093 3049 4159 conversationibus,
3073 4092 3167 4150 sed
3197 4101 3251 4149 et
3293 4094 3621 4164 pbantasiis.

2031 4188 2236 4246 Deinde
2255 4184 2710 4260 perfectissimam
2729 4197 2854 4246 eum
2867 4184 3034 4240 vitam
3056 4185 3232 4250 docet,
3253 4185 3625 4242 testimonium

2029 4278 2346 4351 perbibens,
2385 4275 2513 4348 quia
2534 4282 2750 4346 oportet
2773 4274 2950 4331 media
2997 4289 3124 4332 eum
3148 4275 3186 4308 ι’
3217 4277 3623 4345 superadstare.

2033 4369 2180 4426 llaec
2202 4376 2385 4426 autem
2417 4367 2602 4424 omnia
2637 4365 2956 4438 perliciente
3001 4365 3263 4422 intentius
3307 4365 3620 4432 conﬁtente,

335 4462 414 4520 ad.
441 4471 815 4520 consummate
853 4470 1111 4536 purgatos
1154 4479 1248 4521 eos
1282 4463 1717 4522 illuminatricem
1751 4465 1928 4522 mani-
1958 4498 2006 4556 ο
2032 4458 2347 4518 crncit‘ormi
2406 4459 2770 4541 similitudine
2833 4459 3082 4530 signatus
3132 4460 3306 4530 ipsum
3363 4459 3623 4517 sacerdos

337 4551 757 4612 festissimarum
794 4554 1254 4617 sacriﬁcationum
1302 4556 1815 4628 contemplationem
1871 4566 1929 4613 et

335 4646 882 4703 communicationem
931 4634 1462 4706 transordinandum.
1497 4648 1704 4705 Medius
1743 4658 1923 4706 autem

334 4737 471 4796 ordo
497 4746 582 4795 est
601 4735 627 4770 ⁸
645 4735 1118 4808 contemplativus,
1143 4745 1204 4798 et
1228 4737 1551 4809 quibusdam
1584 4727 1928 4797 sacerdotum

335 4831 891 4906 proportionaliter‘in
912 4832 1058 4888 omni
1088 4831 1327 4905 puritate
1347 4831 1372 4864 ⁸
1391 4831 1822 4898 communicans,
1843 4847 1929 4890 sa-

336 4925 648 4986 cerdotibus
699 4923 755 4980 in
802 4912 1219 4980 illuminandum
1249 4939 1307 4980 se
1330 4924 1671 4999 distributus.
1714 4924 1927 4980 Etenim

336 5027 446 5088 cst,
470 5029 534 5076 ut
555 5019 826 5086 aestimo,
869 5005 1115 5084 clarum,
1167 5019 1441 5087 quomodo
1498 5018 1612 5089 ipse
1664 5027 1925 5089 purgatus

335 5111 485 5169 omni
515 5110 791 5168 immunda
823 5109 1054 5177 macula,
1082 5119 1139 5164 et
1163 5107 1530 5165 castissimum
1561 5110 1768 5167 habens
1799 5123 1928 5181 pro-

339 5205 444 5277 prii
487 5203 656 5275 animi
710 5202 1052 5259 immutabile
1087 5203 1503 5260 fundamentum
1527 5243 1542 5270 ,
1582 5203 1639 5260 in
1692 5212 1931 5260 contem-

336 5296 600 5369 plativum
628 5294 875 5354 habitum
899 5305 956 5355 et
992 5296 1250 5353 virtutem
1301 5297 1550 5354 sacriﬁce
1587 5297 1785 5352 transit
1807 5336 1822 5362 ,
1874 5304 1932 5352 et

341 5388 705 5446 communicat
755 5403 856 5462 per
887 5402 947 5445 se
991 5382 1345 5471 divinissimis
1393 5387 1652 5462 symbolis
1688 5388 1744 5444 in
1798 5403 1932 5444 con-

2035 4554 2234 4616 tondet,
2265 4554 2464 4608 trinam
2501 4551 2720 4607 divinae
2765 4546 3123 4607 beatitudinis
3154 4551 3438 4608 invocans
3493 4553 3623 4610 sub-

2031 4645 2311 4709 stantiam,
2339 4652 2397 4699 et
2416 4653 2627 4699 vestem
2651 4657 2869 4698 omnem
2899 4655 3124 4706 exuens,
3148 4641 3375 4699 alteram
3423 4644 3620 4712 induit,

2029 4744 2234 4792 etcum
2257 4733 2380 4792 aliis
2399 4732 2825 4789 sacerdotalibus
2843 4731 2884 4762 “
2901 4731 3376 4804 viris,'quicunque
3399 4735 3620 4805 adsunt,

2033 4829 2279 4888 salutans
2307 4843 2456 4895 eum,
2481 4827 2689 4885 socium
2715 4823 2931 4900 perﬁcit
2955 4821 3396 4884 tliearcbicorum
3417 4837 3622 4903 myste-

2032 4925 2260 4983 riorum.
2320 4960 2329 4966 -
2603 4919 2611 4926 ’
2931 4925 2938 4929 ’

2705 5014 2952 5073 Tltcoria.
3313 5079 3315 5081 ι
3529 5062 3534 5066 .

2106 5110 2261 5182 Quod
2297 5125 2470 5182 neque
2490 5105 2717 5181 pedibus
2744 5110 3030 5177 inclinare,
3057 5125 3236 5181 neque
3265 5118 3430 5182 super
3457 5121 3623 5183 caput

2035 5204 2240 5262 habere
2259 5203 2371 5258 Deo
2399 5202 2601 5258 tradita
2624 5201 2863 5274 eloquia,
2888 5203 3110 5258 adstare
3136 5210 3320 5257 autem
3349 5203 3623 5258 sacerdoti

2037 5290 2436 5352 invocationem
2471 5291 2749 5364 psallenti,
2778 5292 3023 5347 declarat
3071 5291 3451 5349 monachicum
3481 5291 3626 5348 ordi-

2037 5391 2163 5444 nem
2196 5401 2304 5443 non
2329 5398 2448 5442 esse
2469 5385 2767 5456 praelatum
2791 5383 2931 5451 aliis,
2955 5383 3051 5442 sed
3078 5385 3131 5442 in
3177 5384 3360 5456 seipse
3386 5394 3621 5442 stantem

1646 5497 1902 5557 VARIAE
1938 5494 2342 5569 LECTIO’SES.

445 5680 671 5756 puritate
693 5680 862 5756 omni.
962 5693 988 5726 ο
1017 5680 1306 5756 ἈἘένθο.

354 5753 394 5790 ⁸⁸
422 5753 515 5814 ΑΕ
548 5770 671 5816 cum
696 5754 891 5811 medio.
972 5757 1015 5788 "
1044 5758 1138 5812 ΑΕ
1165 5753 1542 5812 sacerdotibus.

421 5613 728 5684 ’dispositis
748 5623 999 5694 tanquam
1017 5616 1292 5742 pagatim
1321 5628 1432 5670 om.
1457 5611 1613 5669 BEH.
1689 5623 1710 5653 ³
1733 5627 1877 5682 quae
1909 5629 1931 5668 ι]

445 5687 671 5742 puritate
693 5700 856 5740 omni.
962 5693 988 5726 ο
1027 5689 1091 5741 Α·
1165 5703 1306 5742 eroo.
1411 5685 1427 5716 ⁷
1469 5694 1518 5738 ct
1563 5699 1672 5739 om.
1702 5685 1780 5742 A;
1812 5682 1930 5738 Ec;

2042 5610 2122 5674 A;
2156 5609 2363 5680 Equia.
2442 5607 2655 5662 ’adlmc
2677 5624 2787 5664 om.
2819 5606 2929 5662 ΒΗ.
3005 5606 3127 5664 δεδι
3157 5624 3266 5666 om.
3301 5608 3409 5664 ΒΗ.
3487 5609 3508 5642 ³
3530 5608 3623 5667 ΑΒ

2032 5721 2038 5728 .
2074 5683 2097 5714 ⁸
2130 5679 2220 5736 BH
2247 5680 2641 5736 alios~ulior.
2753 5682 2774 5713 ’
2811 5695 2898 5733 eos
2948 5692 3061 5736 om.
3091 5679 3134 5736 Ε
3234 5681 3274 5711 ³³
3314 5679 3369 5734 in
3396 5695 3506 5742 om.
3557 5678 3616 5742 Ε.

1601 5701 1672 5739 tn.
1702 5701 1780 5752 n;
1812 5701 1855 5738 ει
1877 5701 1974 5739 εει.

2029 5721 2038 5728 ρ
2074 5671 2641 5736 ι’Βηάιὶοε-αιὶθε,
2753 5682 2774 5713 ’
2811 5695 2898 5733 eos
2948 5692 3061 5736 om.
3091 5679 3134 5736 Ε
3234 5681 3274 5711 ³⁸
3314 5679 3369 5734 in
3396 5695 3506 5742 orn.
3557 5678 3616 5744 Ε.
