4210 6210
445 269 586 331 Ηῢδ

993 258 1248 336 rensm
1283 269 1574 332 cernua
1595 236 1670 328 's.
1714 271 1873 328 mon
1887 269 2057 328 rsn..
2087 297 2158 312 -
2193 255 2730 328 ECCLESlASTlCA
2764 262 3162 323 lEllAl'tClllA.

3587 257 3730 317 1106

440 393 678 446 loturam
705 403 860 444 suam
891 387 1250 453 universalem
1275 389 1750 446 resurrectionem.
1797 385 2030 443 Sanctae
2057 390 2106 449 Α
2133 391 2312 439 autem
2343 382 2624 440 domestici
2652 381 2948 439 secundum
2979 378 3216 437 divinam
3261 375 3647 434 habitationem
3672 385 3729 434 et

437 480 584 537 cnim
607 479 842 545 animae,
873 479 940 536 ad
969 494 1089 536 eam
1126 480 1180 536 in
1212 481 1355 536 mala
1375 482 1672 538 secundum
1699 479 1842 536 hanc
1863 479 2031 536 vitam

436 579 712 641 potentem
742 569 986 626 cadendo
1032 571 1446 627 conversionem
1487 585 1594 625 non
1633 570 1931 634 venientes,
1976 567 2032 624 in

436 673 501 719 ea
557 661 756 716 it‘erum
795 661 1150 732 generatione
1189 661 1243 728 in
1291 661 1707 723 conversibilem
1755 661 2030 718 habebunt

435 749 973 810 deil‘ormosissimam
1007 753 1574 811 transordinationem.
1613 754 1812 811 llumla
1847 744 2028 810 aut'cm

434 852 742 899 sanctarum
763 844 1067 900 animarum
1079 844 1309 916 conjnga
1321 853 1378 902 et
1391 846 1638 910 coeuntia
1655 859 1883 918 corpora
1901 863 2031 900 con-

433 937 635 1007 scripta
693 937 713 969 ¹
759 946 810 995 et
847 936 1260 994 eommilitantia
1303 939 1600 994 secundum
1645 938 1858 1020 divinas
1901 952 2029 994 suas

435 1026 836 1094 collocationes,
865 1029 919 1085 in
945 1029 1250 1088 animarum
1281 1029 1707 1086 iucommutabili
1728 1027 2027 1088 secundum

433 1116 670 1175 divinam
717 1119 881 1198 vitam
938 1120 1290 1180 fundamento
1330 1121 1696 1192 conrccipient
1753 1121 2028 1192 propriam
2084 1174 2086 1177 .

432 1212 908 1274 resurrectionem.
925 1211 1002 1268 Eo
1021 1215 1164 1285 quod
1193 1215 1338 1269 enim
1363 1215 1516 1271 unita
1542 1225 1702 1270 erant
1727 1215 2025 1270 secundum

431 1307 578 1361 hanc
607 1303 774 1360 vitam
805 1305 978 1362 sacris
1007 1307 1310 1373 :uiimabus,
1357 1306 1501 1362 velut
1538 1307 1780 1362 membra
1819 1304 2025 1361 Christi
2065 1304 2081 1324 ’

431 1395 598 1464 facta,
614 1396 932 1454 deil'ormem
958 1409 1014 1454 et
1039 1397 1524 1468 incorruptibilem,
1552 1397 2026 1468 immortalemque

429 1497 484 1547 et
505 1489 724 1548 beatam
757 1491 1021 1562 recipient
1054 1491 1313 1564 quietem.
1358 1492 1415 1548 ln
1444 1492 1530 1551 his
1557 1508 1686 1563 ergo
1709 1479 2026 1547 sanctorum

431 1593 516 1641 est
542 1587 698 1656 quies
728 1586 784 1640 in
805 1585 1010 1641 laetitia
1045 1596 1103 1642 et
1129 1586 1451 1642 innnutabili
1481 1601 1602 1658 spe,
1629 1584 1687 1642 in
1715 1584 2022 1641 divinorqu

431 1676 792 1732 certaminum
854 1686 1179 1748 perventura
1259 1691 1552 1733 sumntum.
1613 1674 2022 1733 hnmu'ndorum

429 1779 560 1821 vero
584 1764 674 1821 alii
702 1765 922 1837 quidem
953 1767 1008 1822 in
1037 1783 1144 1822 non
1173 1765 1582 1824 subsistentiam
1627 1767 2018 1823 irrationabili-

431 1867 515 1913 ter
539 1857 830 1915 aestimant
867 1856 1046 1915 redire
1073 1876 1088 1913 :
1121 1859 1212 1914 alii
1238 1873 1367 1914 vero
1401 1859 1742 1930 corporalem
1767 1859 1826 1914 in
1847 1857 2017 1915 semel

430 1949 704 2020 corrumpi
733 1949 1071 2020 propriarum
1093 1950 1399 2006 animarum
1424 1939 1882 2022 coniugationem,
1906 1947 2022 2006 vel-

432 2050 494 2096 ut
541 2041 938 2113 iawmpactam
982 2042 1064 2098 eis
1111 2042 1433 2099 existentcm
1479 2041 1802 2100 deilormem
1851 2041 2020 2097 vitam

428 2140 485 2186 et
508 2131 718 2186 beatam
744 2132 1008 2204 quietem,
1044 2147 1151 2188 non
1183 2131 1568 2206 intelligentes,
1607 2147 1784 2205 neque
1805 2131 1940 2190 satis
1965 2132 2020 2188 iu

431 2221 614 2279 divina
641 2223 869 2278 scientia
900 2221 1124 2289 eruditi,
1156 2223 1551 2281 inchoaveram
1572 2223 1686 2294 iam
1721 2223 2021 2280 secundum

429 2312 530 2368 nos
555 2312 610 2368 in
643 2310 862 2368 Christo
889 2310 1427 2370 deil‘ormosissimam
1452 2315 1644 2369 vitam.
1691 2313 1800 2370 Alii
1840 2322 2023 2369 autem

433 2396 722 2474 corporum
741 2402 984 2478 aliorum
1015 2402 1350 2460 distribuunt
1373 2403 1660 2460 animabus
1689 2402 2026 2476 coniugatio-

427 2509 546 2560 nes,
587 2491 786 2562 injuste
817 2503 1058 2566 agentes,
1088 2495 1193 2550 hoc
1219 2494 1276 2550 in
1307 2494 1462 2565 ipsis,
1489 2504 1552 2550 ut
1570 2489 1820 2562 aestimo,
1847 2495 2026 2565 suspi-

429 2594 620 2643 cantes
672 2584 872 2663 divinis
915 2585 1220 2652 animabus,
1262 2596 1320 2642 et
1365 2587 1540 2653 sacris
1576 2586 2026 2642 retributionibus

429 2692 538 2732 non
563 2684 712 2732 recte
742 2676 1022 2747 privantcs
1064 2675 1134 2732 ad
1172 2675 1335 2734 linem
1373 2676 1641 2733 venientia
1667 2677 2030 2734 divinissimo-

429 2787 549 2827 rum
577 2765 856 2828 eursuum.
881 2769 991 2826 Alii
1015 2779 1196 2826 autem
1234 2770 1420 2827 nescio
1451 2770 1728 2842 quomodo
1758 2772 1828 2834 ad
1857 2781 2028 2826 unite-

427 2863 592 2919 riales
632 2862 880 2919 notiones
915 2863 1150 2919 revocati
1191 2863 1466 2929 dixerunt,
1499 2861 1839 2919 conformem
1869 2861 2030 2942 hujus

427 2958 575 3016 vitae
600 2956 808 3015 sanctis
837 2957 1252 3028 promissionem
1275 2955 1674 3012 sanctissimam
1697 2962 1755 3011 et
1778 2953 2030 3012 beatissi4

433 3052 577 3106 mluu
605 3049 867 3121 quietem,
894 3058 950 3106 et
972 3063 1128 3105 escas
1155 3048 1405 3120 proprias
1432 3057 1639 3104 mutata
1663 3047 1772 3104 vita
1798 3046 1906 3112 bis,
1933 3045 2028 3116 qui

439 3140 495 3195 in
517 3137 726 3210 angelis
745 3137 960 3210 iniustis
987 3147 1133 3204 sunt,
1161 3138 1528 3210 proiecerunt.
1553 3137 1662 3194 Sed
1685 3153 1796 3196 non
1826 3136 2033 3194 recidet
2058 3137 2104 3198 Ο

431 3227 556 3298 quis
586 3243 618 3282 a
647 3227 1039 3284 sacratissimis
1063 3228 1196 3284 viris
1221 3227 1276 3283 in
1308 3227 1444 3284 tales
1471 3243 1711 3296 errores,
1731 3229 1829 3286 sed
1849 3229 2032 3287 confe-

430 3319 559 3375 stim
631 3331 692 3374 se
743 3327 1090 3390 suscepturos
1141 3333 1263 3376 esse
1311 3317 1743 3377 Cbristiformem
1767 3321 2028 3392 quietem,

431 3401 686 3478 scientes,
712 3425 837 3466 cum
862 3410 916 3465 in
940 3411 1102 3468 tinent
1123 3411 1515 3484 venienthujus
1529 3413 1693 3480 vitae,
1718 3412 1774 3468 in
1797 3414 1821 3446 ¹
1846 3413 2026 3469 incor-

434 3502 743 3577 ruptionem
797 3517 953 3558 suam
981 3502 1125 3558 viam
1152 3503 1315 3558 veluti
1343 3501 1782 3576 propinquiorem
1804 3503 1918 3576 jam
1955 3503 2034 3557 fa-

435 3604 580 3651 ctam
635 3593 977 3650 manifestius
1016 3593 1224 3662 vident,
1263 3603 1320 3650 et
1367 3593 1688 3652 donationes
1729 3593 2030 3651 divinitatis

437 3670 679 3752 laudant,
725 3696 782 3744 et
816 3686 1038 3744 divinae
1083 3687 1460 3744 delectationis
1503 3689 1814 3760 implentur,
1843 3690 1912 3744 ad
1939 3705 2034 3756 ea,

433 3794 574 3850 quae
603 3791 751 3834 retro
773 3787 922 3845 sunt,
955 3778 1368 3835 conversionem
1401 3794 1506 3835 non
1537 3778 1592 3834 in
1620 3779 1802 3848 aliquo
1832 3779 2028 3835 timen-

405 3884 539 3942 λεδ,
579 3871 675 3938 sed
724 3871 862 3926 bene
894 3869 1150 3940 scientes,
1187 3869 1314 3940 quia
1351 3884 1600 3941 possessa
1627 3871 1769 3926 bona
1801 3871 2032 3926 tlrmiter

384 3965 388 3971 '
435 3970 492 4017 et
519 3959 872 4018 aeternaliter
899 3961 1178 4017 habebunt
1207 3975 1257 4016 α.
1283 3959 1824 4037 CoinquinatiOnibus
1849 3971 2028 4019 autem

435 4054 591 4130 pleni.
606 4063 664 4111 et
683 4054 973 4111 immundis
993 4053 1240 4120 maculis,
1263 4053 1356 4124 qui
1379 4051 1596 4125 quidem
1626 4052 1836 4110 sacram
1859 4070 2032 4125 quan-

435 4146 563 4202 dam
603 4145 883 4202 consecuti
910 4151 1036 4200 sunt
1090 4144 1418 4211 doctrinam,
1473 4143 1575 4214 ipsi
1629 4159 1756 4200 vero
1790 4159 1914 4200 eam
1961 4160 2031 4200 ex

436 4234 658 4311 proprio
682 4237 865 4291 animo
892 4234 1104 4308 pcrdite
1146 4233 1512 4305 projicientes,
1540 4235 1596 4290 in
1623 4243 2032 4306 corrumpentes

437 4338 634 4402 sponte
657 4344 720 4385 se
745 4329 1010 4386 dederunt
1048 4329 1538 4400 concupiscentias,
1584 4343 1711 4384 cum
1749 4329 1820 4384 ad
1865 4330 2028 4385 linem

437 4422 667 4476 veniunt
707 4419 866 4492 hujus
904 4420 1049 4474 vitae
1079 4419 1356 4491 imparati,
1389 4427 1447 4475 ut
1474 4421 1556 4475 eis
1597 4419 1734 4475 bene
1767 4434 2029 4490 spernens

2135 474 2371 555 similem
2397 473 2890 539 conversationem,
2926 471 3126 544 ipsum,
3154 469 3246 540 qui
3273 477 3380 535 est,
3412 466 3728 524 beatiﬁeant

2137 565 2205 621 ad
2231 562 2571 635 pabnil'ernm
2607 573 2792 634 optate
2821 563 3124 620 venientem
3153 559 3334 625 linem,
3367 565 3423 614 et
3464 557 3729 614 victoriae

2137 655 2342 712 causali
2371 637 2756 727 gratulatorios
2801 665 2998 711 cantus
3045 651 3311 720 referunt,
3361 651 3541 708 adhuc
3567 660 3626 707 et
3666 665 3728 707 se

2138 757 2394 804 venturos
2435 747 2550 818 (ore
2596 747 2666 806 ad
2711 747 2948 804 similem
2973 755 3227 818 optantes
3257 745 3541 814 quietem:
3583 742 3728 800 acci-

2137 841 2510 912 pientesvero
2535 855 2679 906 ettin,
2707 840 2773 896 ad
2813 854 3082 895 summum
3130 836 3468 893 sacerdotem
3501 835 3726 901 ducunt,

2139 944 2397 1002 tanquam
2425 933 2492 988 ad
2513 947 2834 989 coronarum
2863 929 3168 986 divinarum
3195 929 3560 986 donationem.
3594 929 3731 999 'lpse

2136 1036 2318 1080 autem
2347 1035 2574 1081 cantans
2617 1024 2841 1096 suscipit
2864 1032 2920 1079 et
2966 1022 3177 1094 perlicit
3225 1020 3522 1078 Secundum
3551 1019 3725 1094 legem

2135 1130 2348 1173 sacram
2376 1114 2431 1178 in
2461 1116 2665 1174 sanctis
2689 1113 3080 1171 dormientibus
3109 1113 3462 1184 perticienda.

2417 1225 2728 1298 Mysterium
2754 1225 2809 1280 in
2833 1235 3012 1281 sancte
3035 1223 3436 1281 dormientibus.
3531 1211 3536 1218 ’

2205 1342 2556 1414 Cnngregaus
2579 1341 2794 1396 divinus
2818 1339 3074 1396 sacerdos
3112 1353 3332 1394 sacrum
3362 1339 3613 1403 chorum,
3657 1337 3730 1392 sio

2133 1437 2352 1508 quidem
2379 1432 2658 1490 sanctilico
2687 1433 2849 1489 fuerit
2873 1432 3063 1489 ordine
3090 1431 3386 1498 dormiens,
3409 1431 3464 1487 in
3495 1446 3727 1502 conspe-

2133 1535 2224 1584 ctu
2259 1525 2426 1582 divini
2455 1525 2643 1581 altaris
2671 1523 2941 1580 inclinans
2979 1537 3126 1589 eum,
3165 1521 3414 1589 initiatur
3447 1521 3516 1582 ad
3554 1521 3726 1577 Deum

2131 1619 2380 1688 oratione
2399 1628 2454 1672 et
2481 1617 2844 1672 Eucltaristia.
2887 1615 2948 1670 Si
2979 1624 3160 1671 autem
3213 1613 3420 1670 sanctis
3445 1613 3728 1670 monachis

2133 1717 2230 1764 aut
2251 1721 2410 1765 sacro
2435 1705 2632 1778 populo
2657 1705 2940 1762 ordinatus
2961 1713 3064 1771 est,
3091 1704 3160 1760 ad
3191 1703 3509 1760 honorabile
3537 1718 3723 1761 sacer-

2048 1773 2094 1834 Β
2122 1801 2328 1858 dolium
2352 1773 2529 1872 ipsum
2558 1799 2781 1856 inclinat
2819 1799 2945 1855 ante
2982 1797 3373 1855 sacerdotalem
3417 1797 3719 1854 introitum.

2121 1895 2326 1951 Deinde
2368 1893 2579 1964 perlicit
2620 1895 2688 1948 ad
2735 1893 2902 1948 Deum
2947 1891 3387 1948 encharistialem
3418 1890 3722 1946 orationem

2121 1993 2368 2046 summus
2395 1987 2670 2044 sacerdos.
2700 1984 3110 2056 Consequenter
3145 1983 3379 2062 ministri
3424 1983 3481 2038 in
3519 1981 3724 2038 divinis

2120 2081 2350 2153 eloquiis
2375 2079 2613 2152 prolatas
2659 2092 2766 2133 non
2812 2077 3102 2133 mendaces
3125 2075 3521 2156 promissiones
3533 2072 3602 2131 de
3633 2088 3724 2129 sa-

2123 2189 2217 2232 cra
2267 2182 2457 2229 nostra
2523 2170 2924 2226 resurrectione
2989 2167 3252 2240 legentes,
3301 2178 3458 2223 sacre
3493 2172 3726 2220 cantant

2123 2261 2444 2324 conﬁtentes
2470 2264 2571 2319 hoc
2590 2271 2664 2340 et
2687 2271 2934 2334 potentes
2968 2261 3352 2332 psahnicorum
3379 2257 3720 2329 eloquiorum

2126 2367 2340 2416 cantus.
2369 2357 2578 2413 Deinde
2608 2353 3031 2410 ministrantium
3061 2350 3272 2434 primus
3308 2351 3535 2408 resolvit
3570 2360 3726 2408 cate-

2125 2450 2448 2516 chumenos,
2471 2455 2528 2501 et
2546 2444 2956 2516 praedicatjam
2975 2443 3305 2500 dormientes
3329 2452 3574 2508 sanctos,
3597 2436 3723 2498 eum
3791 2436 3800 2446 ’

2125 2541 2324 2612 quibus
2351 2539 2604 2612 dignatur
2637 2537 2795 2593 modo
2831 2535 3145 2592 defunctum
3181 2535 3495 2592 coordinata
3528 2533 3729 2614 recita-

2132 2632 2298 2699 tione,
2349 2639 2405 2686 et
2447 2629 2700 2685 hortatur
2719 2641 2910 2682 omnes
2935 2637 3118 2696 petere
3147 2621 3202 2680 in
3246 2624 3464 2681 Christo
3511 2625 3724 2680 beatam

2129 2721 2674 2782 consmnmationem.
2707 2718 2913 2774 Deinde
2942 2717 3204 2774 accedens
3231 2715 3448 2774 divinus
3473 2729 3722 2774 summus

2129 2815 2408 2879 sacerdos,
2428 2812 2743 2870 orationem
2773 2808 3200 2867 saeratissimam
3240 2822 3409 2880 super
3453 2823 3520 2865 eo
3569 2808 3720 2864 facit.

2132 2907 2201 2964 Et
2250 2918 2375 2979 post
2415 2903 2722 2962 orationem
2793 2904 2909 2974 ipse
2958 2916 3202 2958 summus
3254 2903 3509 2958 sacerdos
3550 2903 3726 2961 saluta

2133 2997 2512 3058 dormientem.
2543 3002 2598 3050 et
2630 3004 2753 3066 post
2789 3008 2913 3048 eum
2956 3000 3274 3064 praesentes
3310 3006 3520 3049 omnes.
3562 2993 3722 3048 Salu-

2139 3087 2379 3148 tantibus
2423 3092 2606 3143 autem
2635 3081 2886 3139 onmibus
2928 3081 3162 3137 infundit
3202 3080 3491 3138 dormienti
3543 3079 3724 3139 oleant

2133 3190 2380 3236 summus
2405 3175 2679 3242 sacerdos,
2702 3181 2758 3230 et
2779 3189 2880 3246 pro
2905 3174 3158 3231 omnibus
3180 3174 3484 3230 orationem
3509 3189 3724 3231 sacram

2133 3276 2362 3344 faciens,
2391 3283 2658 3348 reponunt
2686 3273 2739 3330 in
2785 3257 2959 3332 domo.
2994 3270 3294 3328 honorabili
3347 3286 3546 3344 corpus
3595 3287 3722 3328 cum

2134 3366 2366 3424 alierum
2390 3365 2832 3422 coordinatorum
2858 3371 3172 3420 sanctorum
3193 3361 3536 3432 corporibus.

2799 3475 3047 3536 Theoria.

2205 3597 2312 3655 Sed
2333 3599 2468 3654 haec
2496 3587 2713 3668 quidem
2737 3597 2783 3652 si
2806 3595 3041 3652 viderint
3057 3603 3152 3650 aut
3172 3592 3442 3651 audierint
3465 3594 3726 3654 immundi

2134 3689 2276 3760 apud
2310 3704 2409 3746 nos
2441 3688 2790 3762 perﬁcienda,
2830 3687 2938 3742 late
2969 3687 3244 3754 ridebunt,
3271 3695 3330 3742 ut
3359 3687 3615 3754 arbitror,
3667 3698 3727 3744 et

2135 3781 2338 3838 erroris
2367 3781 2538 3836 nostri
2575 3779 2997 3836 miserebantur.
3050 3777 3168 3833 Non
3205 3788 3421 3850 oportet
3443 3791 3624 3834 autem
3655 3780 3725 3835 ad

2135 3874 2239 3929 hoc
2269 3872 2479 3928 mirari.
2533 3871 2593 3928 Si
2639 3872 2784 3928 enim
2843 3884 2950 3926 non
2997 3869 3352 3936 crediderint,
3405 3877 3464 3925 ut
3509 3867 3724 3941 eloquia

2135 3963 2293 4018 aiunt
2315 3975 2369 4029 ε,
2400 3977 2574 4032 neque
2601 3961 2924 4032 intelligent.
2949 3957 3058 4016 Nos
3083 3969 3264 4015 autem
3289 3960 3576 4017 invisibilia
3599 3971 3726 4032 per:

2125 4055 2493 4130 .ﬁciendorum
2561 4053 2935 4124 inspicientes,
2987 4050 3116 4108 Jesu
3166 4051 3414 4108 luciduco
3456 4053 3722 4124 dicamus,

2134 4150 2402 4222 quomodo
2435 4164 2542 4205 non
2581 4147 3025 4205 irrationabiliter
3067 4163 3313 4206 summus
3359 4151 3614 4206 sacerdos
3670 4151 3727 4206 in

2091 4240 2098 4250 ’
2136 4255 2310 4312 aeque
2341 4240 2661 4296 militantem
2689 4241 2919 4298 chorum
2949 4240 3242 4296 introducit
3263 4249 3320 4297 et
3343 4241 3571 4313 imponit
3597 4244 3726 4299 dor-

2137 4332 2416 4388 mientem.
2493 4330 2778 4402 Signiﬁcat
2827 4330 2976 4386 enim
3047 4330 3385 4395 mirabiliter,
3424 4334 3720 4388 secundum

2136 4422 2255 4481 illas
2284 4430 2444 4480 erunt
2471 4439 2662 4480 omnes
2695 4425 2751 4478 in
2798 4411 2912 4494 ipsa
2951 4423 3144 4478 iterum
3173 4424 3522 4494 generatione
3557 4438 3722 4482 voca-

440 4509 750 4570 utanil'estat
794 4509 1130 4580 eloquiorum
1180 4510 1363 4566 divina
1405 4510 1673 4581 lcgislalin
1699 4510 1751 4576 δ,
1788 4511 2031 4581 perditas
2056 4494 2108 4554 Β
2133 4515 2328 4580 tiones,
2358 4530 2549 4586 puram
2565 4515 2653 4571 hic
2681 4516 2956 4586 prepriam
2990 4515 3154 4570 vitam
3182 4515 3486 4586 implentes.
3523 4516 3722 4588 L'tpote

441 4602 674 4674 propriis
699 4601 1041 4673 passionibus
1067 4601 1374 4674 voluptates
1396 4603 1518 4659 aliis
1540 4601 1712 4660 oculis
1733 4604 2032 4674 inspicien-

443 4705 546 4762 tes,
572 4703 628 4751 et
657 4709 870 4752 sacram
896 4694 1086 4760 vitam,
1115 4709 1222 4765 qua
1253 4694 1419 4751 stulte
1451 4681 1814 4762 recesserunt,
1857 4697 2030 4752 beati-

441 4787 690 4848 ticantes,
720 4783 1103 4840 miserabiliter
1151 4794 1208 4840 et
1233 4785 1477 4842 coactive
1519 4786 1900 4842 rescinduntur
1927 4789 2031 4844 hac

441 4875 575 4940 vita,
621 4875 692 4930 ad
735 4874 939 4930 nullam
990 4890 1200 4930 sacram
1245 4890 1394 4945 spem
1446 4875 1760 4932 manuducti
1811 4887 2033 4947 propter

442 4966 738 5036 pessimam
766 4966 952 5021 vitam.
979 4965 1189 5022 Talium
1223 4975 1404 5020 autem
1448 4967 1597 5023 nullo
1630 4966 1815 5023 futuro
1840 4982 2031 5024 secun-

445 5058 573 5114 dum
597 5057 1012 5113 dormitationes
1035 5068 1346 5112 sanctorum
1375 5057 1640 5124 virorum,
1673 5057 1787 5128 ipse
1811 5057 2030 5128 quidem

445 5152 516 5208 ad
550 5151 710 5208 linem
761 5152 982 5207 veniens
1027 5150 1368 5222 propriorum
1405 5152 1786 5216 certaminum,
1827 5151 2033 5206 laetitia

447 5254 636 5304 sancta
664 5243 926 5314 repletur,
958 5251 1157 5298 etcum
1187 5239 1545 5304 delectatione
1572 5241 1737 5296 multa
1775 5241 1858 5320 ad.
1889 5239 2034 5294 viam

2131 4605 2176 4658 si
2193 4601 2512 4662 deiformem
2531 4606 2653 4676 quis
2677 4604 2866 4660 habuit
2893 4605 2979 4659 hic
3001 4612 3056 4658 et
3079 4605 3504 4661 sacratissimum
3529 4609 3722 4675 vitam,

2135 4691 2408 4754 quantum
2438 4684 2558 4737 viro
2592 4684 2688 4742 Dei
2727 4687 2995 4746 imitabile
3027 4691 3242 4750 licitum
3268 4701 3356 4750 est
3380 4736 3394 4760 ,
3425 4695 3481 4750 in
3515 4694 3724 4752 divinis

2131 4779 2242 4836 erit
2272 4798 2373 4855 per
2402 4777 2656 4839 seculum
2685 4782 2936 4842 futurum
2971 4797 3026 4842 et
3065 4787 3238 4845 beatis
3267 4790 3574 4860 quietibus.
3612 4794 3720 4849 Atii

2134 4888 2319 4934 autem
2348 4881 2468 4952 ejus
2495 4897 2594 4949 per
2617 4891 2922 4938 extremam
2953 4881 3170 4940 formae
3197 4885 3589 4942 demissionem
3629 4907 3722 4944 sa~

2130 4987 2282 5028 cram
2316 4983 2494 5028 tamen
2526 4973 2840 5030 conformes
2874 4987 2929 5031 et
2973 4976 3140 5044 ipsae.
3182 4979 3453 5050 recipient
3495 4997 3719 5042 sanctas

2132 5060 2554 5122 retributiones.
2582 5067 2687 5123 Pro
2706 5072 2807 5122 hac
2828 5069 3015 5124 divina
3033 5072 3244 5141 justitia
3267 5087 3518 5130 summus
3535 5091 3719 5132 δουρί-ο

2132 5156 2234 5212 dos
2257 5157 2462 5228 gratias
2485 5175 2678 5230 agens,
2699 5160 3006 5218 orationem
3033 5177 3244 5220 sacram
3267 5163 3423 5228 facit,
3450 5179 3508 5222 et
3528 5169 3717 5224 colen-

2127 5252 2253 5306 dam
2270 5252 2457 5309 laudat
2475 5254 2842 5320 tbearchiam,
2877 5262 3138 5326 tanquam
3159 5259 3556 5316 destructivam
3576 5279 3710 5319 συη-

449 5335 697 5395 ascendit
746 5335 964 5392 divinae
1013 5335 1210 5390 iterum
1257 5331 1643 5402 generationis.
1707 5333 2036 5390 Dormientis
2127 5352 2209 5398 ira
2233 5346 2690 5417 omnesiujusue
2709 5348 3116 5419 ειιγι-αηηίεεο
3137 5353 3708 5424 ροωιηίκνιι-ωάω

1761 5442 1848 5499 VA
1857 5442 2018 5500 lllAE
2052 5443 2454 5502 LECTIONES.

526 5518 545 5552 ‘
568 5517 614 5574 Ε
633 5517 1024 5589 conspectas?"
1047 5515 1220 5570 inom.
1246 5515 1339 5570 ΑΕ

529 5671 555 5705 ι
593 5656 733 5714 Psal.
765 5657 828 5720 v.
856 5621 1327 5715 xxvaxxsm.

529 5729 559 5775 ι
595 5728 706 5792 Jer.
742 5727 815 5796 v;
849 5727 975 5808 Sep.
1007 5726 1068 5782 γ.

1964 5583 2216 5646 NOTAE.

2212 5667 2238 5704 ο
2277 5657 2381 5713 lsa.
2414 5654 2524 5720 γιι.
