  <div class='ocr_page' id='page_1' title='image "/cluster/home/n/w/nwhite01/storage/ocr_20150623/122/uva.x000503459/593.png"; bbox 0 0 4210 6246; ppageno 0'>
   <div class='ocr_carea' id='block_1_1' title="bbox 476 273 609 339">
    <p class='ocr_par' dir='ltr' id='par_1_1' title="bbox 476 273 609 339">
     <span class='ocr_line' id='line_1_1' title="bbox 476 273 609 339; baseline -0.008 -1"><span class='ocrx_word' id='word_1_1' title='bbox 476 273 609 339; x_wconf 72' lang='grc' dir='ltr'><strong>ΗΌῚ</strong></span> 
     </span>
    </p>
   </div>
   <div class='ocr_carea' id='block_1_2' title="bbox 1878 220 2394 336">
    <p class='ocr_par' dir='ltr' id='par_1_2' title="bbox 1878 220 2394 336">
     <span class='ocr_line' id='line_1_2' title="bbox 1878 220 2394 336; baseline -0.021 0"><span class='ocrx_word' id='word_1_2' title='bbox 1878 220 2158 336; x_wconf 60' lang='grc' dir='ltr'><strong>ιοΑΝΝῐε</strong></span> <span class='ocrx_word' id='word_1_3' title='bbox 2176 286 2179 289; x_wconf 89' lang='grc'><strong>·</strong></span> <span class='ocrx_word' id='word_1_4' title='bbox 2195 266 2394 330; x_wconf 79' lang='lat' dir='ltr'><strong>SCO’I‘I</strong></span> 
     </span>
    </p>
   </div>
   <div class='ocr_carea' id='block_1_3' title="bbox 3602 263 3741 324">
    <p class='ocr_par' dir='ltr' id='par_1_3' title="bbox 3602 263 3741 324">
     <span class='ocr_line' id='line_1_3' title="bbox 3602 263 3741 324; baseline -0.007 -1"><span class='ocrx_word' id='word_1_5' title='bbox 3602 263 3741 324; x_wconf 70' lang='grc' dir='ltr'><strong>ιιοε</strong></span> 
     </span>
    </p>
   </div>
   <div class='ocr_carea' id='block_1_4' title="bbox 475 364 3742 474">
    <p class='ocr_par' dir='ltr' id='par_1_4' title="bbox 475 364 3742 474">
     <span class='ocr_line' id='line_1_4' title="bbox 475 364 3742 474; baseline -0.007 -17"><span class='ocrx_word' id='word_1_6' title='bbox 475 414 907 474; x_wconf 69' lang='grc' dir='ltr'><strong>εειιιθωςιιθῐιοε</strong></span> <span class='ocrx_word' id='word_1_7' title='bbox 934 400 989 457; x_wconf 89' lang='lat' dir='ltr'><strong>in</strong></span> <span class='ocrx_word' id='word_1_8' title='bbox 1017 400 1263 474; x_wconf 77' lang='lat' dir='ltr'><strong>proprias</strong></span> <span class='ocrx_word' id='word_1_9' title='bbox 1282 364 1717 472; x_wconf 70' lang='lat' dir='ltr'><strong>iustificationes.</strong></span> <span class='ocrx_word' id='word_1_10' title='bbox 1744 393 2054 450; x_wconf 78' lang='lat' dir='ltr'><strong>Divinarum</strong></span> <span class='ocrx_word' id='word_1_11' title='bbox 2083 389 2141 452; x_wconf 72' lang='grc' dir='ltr'><strong>Α</strong></span> <span class='ocrx_word' id='word_1_12' title='bbox 2164 388 2403 445; x_wconf 86' lang='lat' dir='ltr'><strong>tissimae</strong></span> <span class='ocrx_word' id='word_1_13' title='bbox 2451 389 2665 460; x_wconf 89' lang='lat' dir='ltr'><strong>quietes</strong></span> <span class='ocrx_word' id='word_1_14' title='bbox 2708 386 3018 454; x_wconf 84' lang='lat' dir='ltr'><strong>deil‘ormes,</strong></span> <span class='ocrx_word' id='word_1_15' title='bbox 3051 384 3407 455; x_wconf 76' lang='lat' dir='ltr'><strong>suscipientes</strong></span> <span class='ocrx_word' id='word_1_16' title='bbox 3456 393 3649 474; x_wconf 85' lang='lat' dir='ltr'><strong>omnes</strong></span> <span class='ocrx_word' id='word_1_17' title='bbox 3686 377 3742 434; x_wconf 81' lang='lat' dir='ltr'><strong>in</strong></span> 
     </span>
    </p>
   </div>
   <div class='ocr_carea' id='block_1_5' title="bbox 436 486 2079 569">
    <p class='ocr_par' dir='ltr' id='par_1_5' title="bbox 436 486 2079 569">
     <span class='ocr_line' id='line_1_5' title="bbox 436 486 2079 569; baseline -0.008 -17"><span class='ocrx_word' id='word_1_18' title='bbox 436 534 439 537; x_wconf 91' lang='lat'><strong><em>-</em></strong></span> <span class='ocrx_word' id='word_1_19' title='bbox 473 494 1126 569; x_wconf 76' lang='lat' dir='ltr'><strong>quoquepromissionum</strong></span> <span class='ocrx_word' id='word_1_20' title='bbox 1149 493 1309 562; x_wconf 83' lang='lat' dir='ltr'><strong>lectio</strong></span> <span class='ocrx_word' id='word_1_21' title='bbox 1332 503 1387 549; x_wconf 90' lang='lat' dir='ltr'><strong>et</strong></span> <span class='ocrx_word' id='word_1_22' title='bbox 1420 501 1614 550; x_wconf 88' lang='lat' dir='ltr'><strong>cantus</strong></span> <span class='ocrx_word' id='word_1_23' title='bbox 1636 486 2079 549; x_wconf 80' lang='lat' dir='ltr'><strong>manifestatoria.</strong></span> 
     </span>
    </p>
   </div>
   <div class='ocr_carea' id='block_1_6' title="bbox 474 581 2060 657">
    <p class='ocr_par' dir='ltr' id='par_1_6' title="bbox 474 581 2060 657">
     <span class='ocr_line' id='line_1_6' title="bbox 474 581 2060 657; baseline -0.004 -13"><span class='ocrx_word' id='word_1_24' title='bbox 474 587 692 657; x_wconf 79' lang='lat' dir='ltr'><strong>quidem</strong></span> <span class='ocrx_word' id='word_1_25' title='bbox 720 596 847 644; x_wconf 87' lang='lat' dir='ltr'><strong>sunt</strong></span> <span class='ocrx_word' id='word_1_26' title='bbox 872 585 1728 657; x_wconf 83' lang='lat' dir='ltr'><strong>beatissimarum~qnietudinum.</strong></span> <span class='ocrx_word' id='word_1_27' title='bbox 1756 585 1808 639; x_wconf 89' lang='lat' dir='ltr'><strong>in</strong></span> <span class='ocrx_word' id='word_1_28' title='bbox 1831 581 2060 654; x_wconf 78' lang='lat' dir='ltr'><strong>inﬁrmi-</strong></span> 
     </span>
    </p>
   </div>
   <div class='ocr_carea' id='block_1_7' title="bbox 478 670 2065 750">
    <p class='ocr_par' dir='ltr' id='par_1_7' title="bbox 478 670 2065 750">
     <span class='ocr_line' id='line_1_7' title="bbox 478 670 2065 750; baseline -0.003 -15"><span class='ocrx_word' id='word_1_29' title='bbox 478 688 590 738; x_wconf 82' lang='lat' dir='ltr'><strong>tate</strong></span> <span class='ocrx_word' id='word_1_30' title='bbox 631 680 896 737; x_wconf 74' lang='lat' dir='ltr'><strong>habentes</strong></span> <span class='ocrx_word' id='word_1_31' title='bbox 935 670 1456 736; x_wconf 74' lang='lat' dir='ltr'><strong>consummationem</strong></span> <span class='ocrx_word' id='word_1_32' title='bbox 1491 675 1840 745; x_wconf 84' lang='lat' dir='ltr'><strong>aeternaliter</strong></span> <span class='ocrx_word' id='word_1_33' title='bbox 1873 689 2065 750; x_wconf 81' lang='lat' dir='ltr'><strong>grava-</strong></span> 
     </span>
    </p>
   </div>
   <div class='ocr_carea' id='block_1_8' title="bbox 475 770 2069 841">
    <p class='ocr_par' dir='ltr' id='par_1_8' title="bbox 475 770 2069 841">
     <span class='ocr_line' id='line_1_8' title="bbox 475 770 2069 841; baseline -0.002 -12"><span class='ocrx_word' id='word_1_34' title='bbox 475 772 659 830; x_wconf 80' lang='lat' dir='ltr'><strong>bant:</strong></span> <span class='ocrx_word' id='word_1_35' title='bbox 705 773 1023 829; x_wconf 75' lang='lat' dir='ltr'><strong>dormientis</strong></span> <span class='ocrx_word' id='word_1_36' title='bbox 1064 787 1193 828; x_wconf 84' lang='lat' dir='ltr'><strong>vero</strong></span> <span class='ocrx_word' id='word_1_37' title='bbox 1243 771 1501 828; x_wconf 79' lang='lat' dir='ltr'><strong>divinitus</strong></span> <span class='ocrx_word' id='word_1_38' title='bbox 1538 771 1829 841; x_wconf 84' lang='lat' dir='ltr'><strong>receptiva,</strong></span> <span class='ocrx_word' id='word_1_39' title='bbox 1879 770 2069 826; x_wconf 80' lang='lat' dir='ltr'><strong>viven-</strong></span> 
     </span>
    </p>
   </div>
   <div class='ocr_carea' id='block_1_9' title="bbox 478 863 2066 922">
    <p class='ocr_par' dir='ltr' id='par_1_9' title="bbox 478 863 2066 922">
     <span class='ocr_line' id='line_1_9' title="bbox 478 863 2066 922; baseline -0.002 -1"><span class='ocrx_word' id='word_1_40' title='bbox 478 864 612 921; x_wconf 87' lang='lat' dir='ltr'><strong>tium</strong></span> <span class='ocrx_word' id='word_1_41' title='bbox 647 872 828 920; x_wconf 85' lang='lat' dir='ltr'><strong>autem</strong></span> <span class='ocrx_word' id='word_1_42' title='bbox 856 865 1033 920; x_wconf 89' lang='lat' dir='ltr'><strong>adhuc</strong></span> <span class='ocrx_word' id='word_1_43' title='bbox 1068 864 1405 922; x_wconf 82' lang='lat' dir='ltr'><strong>exhortatlva</strong></span> <span class='ocrx_word' id='word_1_44' title='bbox 1446 865 1513 918; x_wconf 91' lang='lat' dir='ltr'><strong>ad</strong></span> <span class='ocrx_word' id='word_1_45' title='bbox 1556 863 1787 922; x_wconf 78' lang='lat' dir='ltr'><strong>similem</strong></span> <span class='ocrx_word' id='word_1_46' title='bbox 1816 878 2066 918; x_wconf 83' lang='lat' dir='ltr'><strong>consum-</strong></span> 
     </span>
    </p>
   </div>
   <div class='ocr_carea' id='block_1_10' title="bbox 476 958 2067 1030">
    <p class='ocr_par' dir='ltr' id='par_1_10' title="bbox 476 958 2067 1030">
     <span class='ocr_line' id='line_1_10' title="bbox 476 958 2067 1030; baseline 0.001 -16"><span class='ocrx_word' id='word_1_47' title='bbox 476 962 795 1016; x_wconf 85' lang='lat' dir='ltr'><strong>mationem.</strong></span> <span class='ocrx_word' id='word_1_48' title='bbox 857 959 1104 1025; x_wconf 84' lang='lat' dir='ltr'><strong>Intende,</strong></span> <span class='ocrx_word' id='word_1_49' title='bbox 1147 959 1273 1030; x_wconf 86' lang='lat' dir='ltr'><strong>quia</strong></span> <span class='ocrx_word' id='word_1_50' title='bbox 1328 974 1474 1015; x_wconf 91' lang='lat' dir='ltr'><strong>nunc</strong></span> <span class='ocrx_word' id='word_1_51' title='bbox 1521 972 1626 1016; x_wconf 87' lang='lat' dir='ltr'><strong>non</strong></span> <span class='ocrx_word' id='word_1_52' title='bbox 1674 975 1883 1015; x_wconf 74' lang='lat' dir='ltr'><strong>omnes.</strong></span> <span class='ocrx_word' id='word_1_53' title='bbox 1911 958 2067 1030; x_wconf 82' lang='lat' dir='ltr'><strong>juxta</strong></span> 
     </span>
    </p>
   </div>
   <div class='ocr_carea' id='block_1_11' title="bbox 478 1048 2067 1121">
    <p class='ocr_par' dir='ltr' id='par_1_11' title="bbox 478 1048 2067 1121">
     <span class='ocr_line' id='line_1_11' title="bbox 478 1048 2067 1121; baseline 0 -18"><span class='ocrx_word' id='word_1_54' title='bbox 478 1048 1225 1121; x_wconf 81' lang='lat' dir='ltr'><strong>consuetudinem.purgandi</strong></span> <span class='ocrx_word' id='word_1_55' title='bbox 1270 1050 1488 1105; x_wconf 81' lang='lat' dir='ltr'><strong>ordines</strong></span> <span class='ocrx_word' id='word_1_56' title='bbox 1540 1050 1929 1105; x_wconf 84' lang='lat' dir='ltr'><strong>resolvuntur:</strong></span> <span class='ocrx_word' id='word_1_57' title='bbox 1967 1048 2067 1104; x_wconf 87' lang='lat' dir='ltr'><strong>soli</strong></span> 
     </span>
    </p>
   </div>
   <div class='ocr_carea' id='block_1_12' title="bbox 479 1139 2067 1210">
    <p class='ocr_par' dir='ltr' id='par_1_12' title="bbox 479 1139 2067 1210">
     <span class='ocr_line' id='line_1_12' title="bbox 479 1139 2067 1210; baseline 0.003 -18"><span class='ocrx_word' id='word_1_58' title='bbox 479 1151 611 1193; x_wconf 80' lang='lat' dir='ltr'><strong>vero</strong></span> <span class='ocrx_word' id='word_1_59' title='bbox 642 1139 813 1194; x_wconf 84' lang='lat' dir='ltr'><strong>sacris</strong></span> <span class='ocrx_word' id='word_1_60' title='bbox 844 1139 1184 1210; x_wconf 82' lang='lat' dir='ltr'><strong>expelluntur</strong></span> <span class='ocrx_word' id='word_1_61' title='bbox 1215 1141 1396 1196; x_wconf 86' lang='lat' dir='ltr'><strong>choris</strong></span> <span class='ocrx_word' id='word_1_62' title='bbox 1425 1141 1824 1197; x_wconf 82' lang='lat' dir='ltr'><strong>catechumcni.</strong></span> <span class='ocrx_word' id='word_1_63' title='bbox 1851 1140 2067 1196; x_wconf 81' lang='lat' dir='ltr'><strong>Etenim</strong></span> 
     </span>
    </p>
   </div>
   <div class='ocr_carea' id='block_1_13' title="bbox 480 1216 2066 1300">
    <p class='ocr_par' dir='ltr' id='par_1_13' title="bbox 480 1216 2066 1300">
     <span class='ocr_line' id='line_1_13' title="bbox 480 1216 2066 1300; baseline 0.002 -18"><span class='ocrx_word' id='word_1_64' title='bbox 480 1228 594 1300; x_wconf 86' lang='lat' dir='ltr'><strong>ipse</strong></span> <span class='ocrx_word' id='word_1_65' title='bbox 628 1230 844 1299; x_wconf 79' lang='lat' dir='ltr'><strong>quidem</strong></span> <span class='ocrx_word' id='word_1_66' title='bbox 882 1216 1182 1286; x_wconf 81' lang='lat' dir='ltr'><strong>ineruditus</strong></span> <span class='ocrx_word' id='word_1_67' title='bbox 1209 1240 1293 1287; x_wconf 86' lang='lat' dir='ltr'><strong>est</strong></span> <span class='ocrx_word' id='word_1_68' title='bbox 1341 1231 1724 1286; x_wconf 75' lang='lat' dir='ltr'><strong>nniversaliter</strong></span> <span class='ocrx_word' id='word_1_69' title='bbox 1759 1231 1936 1286; x_wconf 85' lang='lat' dir='ltr'><strong>omnis</strong></span> <span class='ocrx_word' id='word_1_70' title='bbox 1975 1246 2066 1285; x_wconf 82' lang='lat' dir='ltr'><strong>sa-</strong></span> 
     </span>
    </p>
   </div>
   <div class='ocr_carea' id='block_1_14' title="bbox 478 1318 2069 1395">
    <p class='ocr_par' dir='ltr' id='par_1_14' title="bbox 478 1318 2069 1395">
     <span class='ocr_line' id='line_1_14' title="bbox 478 1318 2069 1395; baseline 0 -21"><span class='ocrx_word' id='word_1_71' title='bbox 478 1336 607 1375; x_wconf 87' lang='lat' dir='ltr'><strong>crae</strong></span> <span class='ocrx_word' id='word_1_72' title='bbox 653 1322 882 1387; x_wconf 83' lang='lat' dir='ltr'><strong>hostiae,</strong></span> <span class='ocrx_word' id='word_1_73' title='bbox 911 1330 966 1377; x_wconf 89' lang='lat' dir='ltr'><strong>et</strong></span> <span class='ocrx_word' id='word_1_74' title='bbox 991 1318 1057 1377; x_wconf 84' lang='lat' dir='ltr'><strong>ad</strong></span> <span class='ocrx_word' id='word_1_75' title='bbox 1116 1322 1341 1385; x_wconf 86' lang='lat' dir='ltr'><strong>nullum,</strong></span> <span class='ocrx_word' id='word_1_76' title='bbox 1395 1337 1567 1392; x_wconf 58' lang='lat' dir='ltr'><strong>tuque</strong></span> <span class='ocrx_word' id='word_1_77' title='bbox 1615 1338 1840 1395; x_wconf 82' lang='lat' dir='ltr'><strong>parvum</strong></span> <span class='ocrx_word' id='word_1_78' title='bbox 1893 1336 2069 1392; x_wconf 86' lang='lat' dir='ltr'><strong>neque</strong></span> 
     </span>
    </p>
   </div>
   <div class='ocr_carea' id='block_1_15' title="bbox 480 1413 2069 1484">
    <p class='ocr_par' dir='ltr' id='par_1_15' title="bbox 480 1413 2069 1484">
     <span class='ocr_line' id='line_1_15' title="bbox 480 1413 2069 1484; baseline 0.001 -17"><span class='ocrx_word' id='word_1_79' title='bbox 480 1427 759 1484; x_wconf 78' lang='lat' dir='ltr'><strong>magnum,</strong></span> <span class='ocrx_word' id='word_1_80' title='bbox 799 1429 954 1470; x_wconf 86' lang='lat' dir='ltr'><strong>sacre</strong></span> <span class='ocrx_word' id='word_1_81' title='bbox 999 1415 1547 1472; x_wconf 81' lang='lat' dir='ltr'><strong>consummandorum</strong></span> <span class='ocrx_word' id='word_1_82' title='bbox 1595 1413 1862 1484; x_wconf 82' lang='lat' dir='ltr'><strong>inspicere</strong></span> <span class='ocrx_word' id='word_1_83' title='bbox 1903 1414 1954 1471; x_wconf 90' lang='lat' dir='ltr'><strong>ei</strong></span> <span class='ocrx_word' id='word_1_84' title='bbox 1988 1413 2069 1469; x_wconf 81' lang='lat' dir='ltr'><strong>fas</strong></span> 
     </span>
    </p>
   </div>
   <div class='ocr_carea' id='block_1_16' title="bbox 476 1504 2090 1575">
    <p class='ocr_par' dir='ltr' id='par_1_16' title="bbox 476 1504 2090 1575">
     <span class='ocr_line' id='line_1_16' title="bbox 476 1504 2090 1575; baseline 0.002 -19"><span class='ocrx_word' id='word_1_85' title='bbox 476 1509 584 1568; x_wconf 86' lang='lat' dir='ltr'><strong>est,</strong></span> <span class='ocrx_word' id='word_1_86' title='bbox 615 1510 871 1574; x_wconf 84' lang='lat' dir='ltr'><strong>tanquam</strong></span> <span class='ocrx_word' id='word_1_87' title='bbox 906 1520 1390 1575; x_wconf 83' lang='lat' dir='ltr'><strong>nequesacrorum</strong></span> <span class='ocrx_word' id='word_1_88' title='bbox 1422 1504 1873 1574; x_wconf 79' lang='lat' dir='ltr'><strong>contemplativae</strong></span> <span class='ocrx_word' id='word_1_89' title='bbox 1898 1505 2090 1560; x_wconf 54' lang='lat' dir='ltr'><strong>virtu—9</strong></span> 
     </span>
    </p>
   </div>
   <div class='ocr_carea' id='block_1_17' title="bbox 382 1595 2070 1676">
    <p class='ocr_par' dir='ltr' id='par_1_17' title="bbox 382 1595 2070 1676">
     <span class='ocr_line' id='line_1_17' title="bbox 382 1595 2070 1676; baseline 0.002 -27"><span class='ocrx_word' id='word_1_90' title='bbox 382 1666 385 1669; x_wconf 93' lang='lat'><em>_</em></span> <span class='ocrx_word' id='word_1_91' title='bbox 482 1595 555 1650; x_wconf 88' lang='lat' dir='ltr'><strong>tis</strong></span> <span class='ocrx_word' id='word_1_92' title='bbox 581 1596 912 1666; x_wconf 81' lang='lat' dir='ltr'><strong>participans</strong></span> <span class='ocrx_word' id='word_1_93' title='bbox 936 1613 1036 1669; x_wconf 90' lang='lat' dir='ltr'><strong>per</strong></span> <span class='ocrx_word' id='word_1_94' title='bbox 1060 1599 1459 1676; x_wconf 84' lang='lat' dir='ltr'><strong>praelucentem</strong></span> <span class='ocrx_word' id='word_1_95' title='bbox 1503 1606 1571 1651; x_wconf 87' lang='lat' dir='ltr'><strong>et</strong></span> <span class='ocrx_word' id='word_1_96' title='bbox 1594 1597 1870 1653; x_wconf 87' lang='lat' dir='ltr'><strong>luciferam</strong></span> <span class='ocrx_word' id='word_1_97' title='bbox 1913 1597 2070 1653; x_wconf 84' lang='lat' dir='ltr'><strong>theo-</strong></span> 
     </span>
    </p>
   </div>
   <div class='ocr_carea' id='block_1_18' title="bbox 481 1688 2065 1764">
    <p class='ocr_par' dir='ltr' id='par_1_18' title="bbox 481 1688 2065 1764">
     <span class='ocr_line' id='line_1_18' title="bbox 481 1688 2065 1764; baseline 0.001 -20"><span class='ocrx_word' id='word_1_98' title='bbox 481 1688 775 1761; x_wconf 70' lang='lat' dir='ltr'><strong>genesiam.</strong></span> <span class='ocrx_word' id='word_1_99' title='bbox 805 1689 984 1746; x_wconf 87' lang='lat' dir='ltr'><strong>Ceteri</strong></span> <span class='ocrx_word' id='word_1_100' title='bbox 1014 1702 1144 1746; x_wconf 74' lang='lat' dir='ltr'><strong>vero</strong></span> <span class='ocrx_word' id='word_1_101' title='bbox 1173 1692 1576 1764; x_wconf 79' lang='lat' dir='ltr'><strong>purgandorum</strong></span> <span class='ocrx_word' id='word_1_102' title='bbox 1619 1691 1838 1756; x_wconf 83' lang='lat' dir='ltr'><strong>ordines</strong></span> <span class='ocrx_word' id='word_1_103' title='bbox 1876 1691 1928 1744; x_wconf 90' lang='lat' dir='ltr'><strong>in</strong></span> <span class='ocrx_word' id='word_1_104' title='bbox 1971 1691 2065 1745; x_wconf 81' lang='lat' dir='ltr'><strong>do—</strong></span> 
     </span>
    </p>
   </div>
   <div class='ocr_carea' id='block_1_19' title="bbox 479 1780 2066 1854">
    <p class='ocr_par' dir='ltr' id='par_1_19' title="bbox 479 1780 2066 1854">
     <span class='ocr_line' id='line_1_19' title="bbox 479 1780 2066 1854; baseline 0.003 -19"><span class='ocrx_word' id='word_1_105' title='bbox 479 1780 658 1836; x_wconf 82' lang='lat' dir='ltr'><strong>ctrina</strong></span> <span class='ocrx_word' id='word_1_106' title='bbox 702 1784 921 1853; x_wconf 87' lang='lat' dir='ltr'><strong>qnidem</strong></span> <span class='ocrx_word' id='word_1_107' title='bbox 958 1781 1071 1854; x_wconf 87' lang='lat' dir='ltr'><strong>jam</strong></span> <span class='ocrx_word' id='word_1_108' title='bbox 1101 1784 1238 1839; x_wconf 80' lang='lat' dir='ltr'><strong>[lunt</strong></span> <span class='ocrx_word' id='word_1_109' title='bbox 1284 1800 1474 1841; x_wconf 85' lang='lat' dir='ltr'><strong>sacrae</strong></span> <span class='ocrx_word' id='word_1_110' title='bbox 1515 1783 1842 1840; x_wconf 81' lang='lat' dir='ltr'><strong>traditionis.</strong></span> <span class='ocrx_word' id='word_1_111' title='bbox 1889 1782 2066 1840; x_wconf 84' lang='lat' dir='ltr'><strong>Stulte</strong></span> 
     </span>
    </p>
   </div>
   <div class='ocr_carea' id='block_1_20' title="bbox 481 1874 2066 1945">
    <p class='ocr_par' dir='ltr' id='par_1_20' title="bbox 481 1874 2066 1945">
     <span class='ocr_line' id='line_1_20' title="bbox 481 1874 2066 1945; baseline 0.003 -17"><span class='ocrx_word' id='word_1_112' title='bbox 481 1881 662 1929; x_wconf 89' lang='lat' dir='ltr'><strong>autem</strong></span> <span class='ocrx_word' id='word_1_113' title='bbox 684 1875 750 1930; x_wconf 91' lang='lat' dir='ltr'><strong>ad</strong></span> <span class='ocrx_word' id='word_1_114' title='bbox 775 1890 858 1942; x_wconf 88' lang='lat' dir='ltr'><strong>ea,</strong></span> <span class='ocrx_word' id='word_1_115' title='bbox 901 1890 1039 1945; x_wconf 84' lang='lat' dir='ltr'><strong>quae</strong></span> <span class='ocrx_word' id='word_1_116' title='bbox 1085 1874 1312 1932; x_wconf 80' lang='lat' dir='ltr'><strong>inferius</strong></span> <span class='ocrx_word' id='word_1_117' title='bbox 1341 1884 1488 1943; x_wconf 87' lang='lat' dir='ltr'><strong>sunt,</strong></span> <span class='ocrx_word' id='word_1_118' title='bbox 1536 1877 1729 1931; x_wconf 87' lang='lat' dir='ltr'><strong>iterum</strong></span> <span class='ocrx_word' id='word_1_119' title='bbox 1758 1887 2066 1943; x_wconf 87' lang='lat' dir='ltr'><strong>currentes,</strong></span> 
     </span>
    </p>
   </div>
   <div class='ocr_carea' id='block_1_21' title="bbox 481 1955 2069 2040">
    <p class='ocr_par' dir='ltr' id='par_1_21' title="bbox 481 1955 2069 2040">
     <span class='ocr_line' id='line_1_21' title="bbox 481 1955 2069 2040; baseline 0.003 -20"><span class='ocrx_word' id='word_1_120' title='bbox 481 1974 695 2035; x_wconf 78' lang='lat' dir='ltr'><strong>oportet</strong></span> <span class='ocrx_word' id='word_1_121' title='bbox 720 1966 772 2019; x_wconf 92' lang='lat' dir='ltr'><strong>in</strong></span> <span class='ocrx_word' id='word_1_122' title='bbox 796 1984 880 2032; x_wconf 82' lang='lat' dir='ltr'><strong>ea,</strong></span> <span class='ocrx_word' id='word_1_123' title='bbox 905 1982 1043 2036; x_wconf 86' lang='lat' dir='ltr'><strong>quae</strong></span> <span class='ocrx_word' id='word_1_124' title='bbox 1064 1955 1189 2023; x_wconf 83' lang='lat' dir='ltr'><strong>ante</strong></span> <span class='ocrx_word' id='word_1_125' title='bbox 1212 1969 1394 2035; x_wconf 68' lang='lat' dir='ltr'><strong>sunt&quot;,</strong></span> <span class='ocrx_word' id='word_1_126' title='bbox 1410 1969 1682 2040; x_wconf 83' lang='lat' dir='ltr'><strong>propriam</strong></span> <span class='ocrx_word' id='word_1_127' title='bbox 1702 1969 2069 2028; x_wconf 86' lang='lat' dir='ltr'><strong>reductiouem</strong></span> 
     </span>
    </p>
   </div>
   <div class='ocr_carea' id='block_1_22' title="bbox 482 2057 2069 2131">
    <p class='ocr_par' dir='ltr' id='par_1_22' title="bbox 482 2057 2069 2131">
     <span class='ocr_line' id='line_1_22' title="bbox 482 2057 2069 2131; baseline 0.001 -19"><span class='ocrx_word' id='word_1_128' title='bbox 482 2057 767 2125; x_wconf 81' lang='lat' dir='ltr'><strong>perﬁcere,</strong></span> <span class='ocrx_word' id='word_1_129' title='bbox 811 2058 1114 2115; x_wconf 73' lang='lat' dir='ltr'><strong>divinorum</strong></span> <span class='ocrx_word' id='word_1_130' title='bbox 1147 2058 1384 2129; x_wconf 80' lang='lat' dir='ltr'><strong>quidem,</strong></span> <span class='ocrx_word' id='word_1_131' title='bbox 1413 2069 1675 2131; x_wconf 89' lang='lat' dir='ltr'><strong>quantum</strong></span> <span class='ocrx_word' id='word_1_132' title='bbox 1705 2059 1760 2115; x_wconf 90' lang='lat' dir='ltr'><strong>in</strong></span> <span class='ocrx_word' id='word_1_133' title='bbox 1788 2059 2069 2131; x_wconf 79' lang='lat' dir='ltr'><strong>symbolis,</strong></span> 
     </span>
    </p>
   </div>
   <div class='ocr_carea' id='block_1_23' title="bbox 485 2151 2072 2222">
    <p class='ocr_par' dir='ltr' id='par_1_23' title="bbox 485 2151 2072 2222">
     <span class='ocr_line' id='line_1_23' title="bbox 485 2151 2072 2222; baseline 0.001 -16"><span class='ocrx_word' id='word_1_134' title='bbox 485 2164 640 2206; x_wconf 75' lang='lat' dir='ltr'><strong>suere</strong></span> <span class='ocrx_word' id='word_1_135' title='bbox 669 2152 978 2222; x_wconf 81' lang='lat' dir='ltr'><strong>aSpectibus</strong></span> <span class='ocrx_word' id='word_1_136' title='bbox 1019 2161 1075 2206; x_wconf 88' lang='lat' dir='ltr'><strong>ct</strong></span> <span class='ocrx_word' id='word_1_137' title='bbox 1112 2153 1693 2211; x_wconf 78' lang='lat' dir='ltr'><strong>comnnmicatiouihus</strong></span> <span class='ocrx_word' id='word_1_138' title='bbox 1733 2151 2072 2209; x_wconf 78' lang='lat' dir='ltr'><strong>rationabili-</strong></span> 
     </span>
    </p>
   </div>
   <div class='ocr_carea' id='block_1_24' title="bbox 486 2243 2073 2315">
    <p class='ocr_par' dir='ltr' id='par_1_24' title="bbox 486 2243 2073 2315">
     <span class='ocr_line' id='line_1_24' title="bbox 486 2243 2073 2315; baseline 0.001 -16"><span class='ocrx_word' id='word_1_139' title='bbox 486 2251 569 2299; x_wconf 88' lang='lat' dir='ltr'><strong>ter</strong></span> <span class='ocrx_word' id='word_1_140' title='bbox 614 2252 991 2315; x_wconf 65' lang='lat' dir='ltr'><strong>segregantur.</strong></span> <span class='ocrx_word' id='word_1_141' title='bbox 1036 2243 1319 2301; x_wconf 77' lang='lat' dir='ltr'><strong>Nocehunt</strong></span> <span class='ocrx_word' id='word_1_142' title='bbox 1365 2245 1508 2301; x_wconf 89' lang='lat' dir='ltr'><strong>enim</strong></span> <span class='ocrx_word' id='word_1_143' title='bbox 1566 2245 1843 2301; x_wconf 88' lang='lat' dir='ltr'><strong>immuude</strong></span> <span class='ocrx_word' id='word_1_144' title='bbox 1888 2260 2073 2302; x_wconf 86' lang='lat' dir='ltr'><strong>eorum</strong></span> 
     </span>
    </p>
   </div>
   <div class='ocr_carea' id='block_1_25' title="bbox 481 2333 2077 2406">
    <p class='ocr_par' dir='ltr' id='par_1_25' title="bbox 481 2333 2077 2406">
     <span class='ocr_line' id='line_1_25' title="bbox 481 2333 2077 2406; baseline 0.005 -21"><span class='ocrx_word' id='word_1_145' title='bbox 481 2333 894 2404; x_wconf 77' lang='lat' dir='ltr'><strong>participanles,</strong></span> <span class='ocrx_word' id='word_1_146' title='bbox 937 2343 993 2390; x_wconf 90' lang='lat' dir='ltr'><strong>et</strong></span> <span class='ocrx_word' id='word_1_147' title='bbox 1044 2336 1111 2391; x_wconf 82' lang='lat' dir='ltr'><strong>ad</strong></span> <span class='ocrx_word' id='word_1_148' title='bbox 1152 2335 1443 2406; x_wconf 73' lang='lat' dir='ltr'><strong>plurimum</strong></span> <span class='ocrx_word' id='word_1_149' title='bbox 1481 2336 1786 2392; x_wconf 82' lang='lat' dir='ltr'><strong>divinorum</strong></span> <span class='ocrx_word' id='word_1_150' title='bbox 1826 2345 1881 2393; x_wconf 87' lang='lat' dir='ltr'><strong>et</strong></span> <span class='ocrx_word' id='word_1_151' title='bbox 1916 2351 2077 2393; x_wconf 79' lang='lat' dir='ltr'><strong>suum</strong></span> 
     </span>
    </p>
   </div>
   <div class='ocr_carea' id='block_1_26' title="bbox 484 2410 2077 2499">
    <p class='ocr_par' dir='ltr' id='par_1_26' title="bbox 484 2410 2077 2499">
     <span class='ocr_line' id='line_1_26' title="bbox 484 2410 2077 2499; baseline 0.003 -15"><span class='ocrx_word' id='word_1_152' title='bbox 484 2428 705 2485; x_wconf 74' lang='lat' dir='ltr'><strong>venient</strong></span> <span class='ocrx_word' id='word_1_153' title='bbox 756 2410 1146 2499; x_wconf 81' lang='lat' dir='ltr'><strong>contemptum.</strong></span> <span class='ocrx_word' id='word_1_154' title='bbox 1218 2428 1339 2487; x_wconf 76' lang='lat' dir='ltr'><strong>Non</strong></span> <span class='ocrx_word' id='word_1_155' title='bbox 1403 2431 1847 2488; x_wconf 85' lang='lat' dir='ltr'><strong>inconvenienter</strong></span> <span class='ocrx_word' id='word_1_156' title='bbox 1895 2441 2077 2488; x_wconf 88' lang='lat' dir='ltr'><strong>autem</strong></span> 
     </span>
    </p>
   </div>
   <div class='ocr_carea' id='block_1_27' title="bbox 485 2520 2081 2596">
    <p class='ocr_par' dir='ltr' id='par_1_27' title="bbox 485 2520 2081 2596">
     <span class='ocr_line' id='line_1_27' title="bbox 485 2520 2081 2596; baseline 0.001 -19"><span class='ocrx_word' id='word_1_157' title='bbox 485 2520 687 2577; x_wconf 78' lang='lat' dir='ltr'><strong>adsunt</strong></span> <span class='ocrx_word' id='word_1_158' title='bbox 718 2523 770 2577; x_wconf 87' lang='lat' dir='ltr'><strong>in</strong></span> <span class='ocrx_word' id='word_1_159' title='bbox 802 2539 946 2579; x_wconf 90' lang='lat' dir='ltr'><strong>nunc</strong></span> <span class='ocrx_word' id='word_1_160' title='bbox 971 2520 1335 2595; x_wconf 79' lang='lat' dir='ltr'><strong>perficiendis,</strong></span> <span class='ocrx_word' id='word_1_161' title='bbox 1375 2534 1563 2596; x_wconf 89' lang='lat' dir='ltr'><strong>aperte</strong></span> <span class='ocrx_word' id='word_1_162' title='bbox 1611 2524 1870 2583; x_wconf 79' lang='lat' dir='ltr'><strong>edocendi</strong></span> <span class='ocrx_word' id='word_1_163' title='bbox 1909 2533 1964 2580; x_wconf 90' lang='lat' dir='ltr'><strong>et</strong></span> <span class='ocrx_word' id='word_1_164' title='bbox 2002 2524 2081 2579; x_wconf 75' lang='lat' dir='ltr'><strong>vi-</strong></span> 
     </span>
    </p>
   </div>
   <div class='ocr_carea' id='block_1_28' title="bbox 487 2612 2089 2683">
    <p class='ocr_par' dir='ltr' id='par_1_28' title="bbox 487 2612 2089 2683">
     <span class='ocr_line' id='line_1_28' title="bbox 487 2612 2089 2683; baseline 0.004 -15"><span class='ocrx_word' id='word_1_165' title='bbox 487 2612 680 2669; x_wconf 81' lang='lat' dir='ltr'><strong>dentes</strong></span> <span class='ocrx_word' id='word_1_166' title='bbox 703 2616 1001 2672; x_wconf 84' lang='lat' dir='ltr'><strong>secuudum</strong></span> <span class='ocrx_word' id='word_1_167' title='bbox 1025 2631 1124 2673; x_wconf 89' lang='lat' dir='ltr'><strong>nos</strong></span> <span class='ocrx_word' id='word_1_168' title='bbox 1146 2616 1493 2672; x_wconf 76' lang='lat' dir='ltr'><strong>formidinem</strong></span> <span class='ocrx_word' id='word_1_169' title='bbox 1528 2619 1738 2683; x_wconf 88' lang='lat' dir='ltr'><strong>mortis,</strong></span> <span class='ocrx_word' id='word_1_170' title='bbox 1773 2626 2089 2676; x_wconf 14' lang='lat' dir='ltr'><strong>et‘sancto-r</strong></span> 
     </span>
    </p>
   </div>
   <div class='ocr_carea' id='block_1_29' title="bbox 2160 1587 3527 1659">
    <p class='ocr_par' dir='ltr' id='par_1_29' title="bbox 2160 1587 3527 1659">
     <span class='ocr_line' id='line_1_29' title="bbox 2160 1587 3527 1659; baseline -0.004 -15"><span class='ocrx_word' id='word_1_171' title='bbox 2160 1588 2561 1659; x_wconf 77' lang='lat' dir='ltr'><strong>unusquisque,</strong></span> <span class='ocrx_word' id='word_1_172' title='bbox 2613 1589 2754 1644; x_wconf 84' lang='lat' dir='ltr'><strong>bene</strong></span> <span class='ocrx_word' id='word_1_173' title='bbox 2804 1587 2922 1645; x_wconf 89' lang='lat' dir='ltr'><strong>scio</strong></span> <span class='ocrx_word' id='word_1_174' title='bbox 2961 1587 3177 1659; x_wconf 88' lang='lat' dir='ltr'><strong>eloquia</strong></span> <span class='ocrx_word' id='word_1_175' title='bbox 3235 1597 3469 1655; x_wconf 86' lang='lat' dir='ltr'><strong>sequens</strong></span> <span class='ocrx_word' id='word_1_176' title='bbox 3511 1595 3527 1631; x_wconf 75' lang='grc' dir='ltr'>ε</span> 
     </span>
    </p>
   </div>
   <div class='ocr_carea' id='block_1_30' title="bbox 2161 473 3740 538">
    <p class='ocr_par' dir='ltr' id='par_1_30' title="bbox 2161 473 3740 538">
     <span class='ocr_line' id='line_1_30' title="bbox 2161 473 3740 538; baseline -0.008 0"><span class='ocrx_word' id='word_1_177' title='bbox 2161 480 2244 538; x_wconf 86' lang='lat' dir='ltr'><strong>eis</strong></span> <span class='ocrx_word' id='word_1_178' title='bbox 2295 478 2624 537; x_wconf 76' lang='lat' dir='ltr'><strong>iueﬁ‘abilem</strong></span> <span class='ocrx_word' id='word_1_179' title='bbox 2680 488 2736 538; x_wconf 88' lang='lat' dir='ltr'><strong>et</strong></span> <span class='ocrx_word' id='word_1_180' title='bbox 2772 479 3156 537; x_wconf 74' lang='lat' dir='ltr'><strong>beatissimam</strong></span> <span class='ocrx_word' id='word_1_181' title='bbox 3200 473 3740 537; x_wconf 82' lang='lat' dir='ltr'><strong>consummationem.</strong></span> 
     </span>
    </p>
   </div>
   <div class='ocr_carea' id='block_1_31' title="bbox 2162 566 3744 646">
    <p class='ocr_par' dir='ltr' id='par_1_31' title="bbox 2162 566 3744 646">
     <span class='ocr_line' id='line_1_31' title="bbox 2162 566 3744 646; baseline -0.008 -17"><span class='ocrx_word' id='word_1_182' title='bbox 2162 573 2321 630; x_wconf 83' lang='lat' dir='ltr'><strong>Dicas</strong></span> <span class='ocrx_word' id='word_1_183' title='bbox 2349 571 2510 641; x_wconf 84' lang='lat' dir='ltr'><strong>forte,</strong></span> <span class='ocrx_word' id='word_1_184' title='bbox 2550 573 2736 646; x_wconf 85' lang='lat' dir='ltr'><strong>utique</strong></span> <span class='ocrx_word' id='word_1_185' title='bbox 2783 573 2920 629; x_wconf 81' lang='lat' dir='ltr'><strong>haec</strong></span> <span class='ocrx_word' id='word_1_186' title='bbox 2949 571 3166 643; x_wconf 84' lang='lat' dir='ltr'><strong>quidem</strong></span> <span class='ocrx_word' id='word_1_187' title='bbox 3206 577 3355 625; x_wconf 88' lang='lat' dir='ltr'><strong>recte</strong></span> <span class='ocrx_word' id='word_1_188' title='bbox 3381 566 3527 622; x_wconf 88' lang='lat' dir='ltr'><strong>dicta</strong></span> <span class='ocrx_word' id='word_1_189' title='bbox 3550 576 3673 619; x_wconf 85' lang='lat' dir='ltr'><strong>esse</strong></span> <span class='ocrx_word' id='word_1_190' title='bbox 3710 576 3744 617; x_wconf 86' lang='lat' dir='ltr'><strong>a</strong></span> 
     </span>
    </p>
   </div>
   <div class='ocr_carea' id='block_1_32' title="bbox 2138 658 3746 736">
    <p class='ocr_par' dir='ltr' id='par_1_32' title="bbox 2138 658 3746 736">
     <span class='ocr_line' id='line_1_32' title="bbox 2138 658 3746 736; baseline -0.006 -14"><span class='ocrx_word' id='word_1_191' title='bbox 2138 663 2320 722; x_wconf 69' lang='lat' dir='ltr'><strong>nobis</strong></span> <span class='ocrx_word' id='word_1_192' title='bbox 2352 664 2649 722; x_wconf 57' lang='lat' dir='ltr'><strong>(dubitare</strong></span> <span class='ocrx_word' id='word_1_193' title='bbox 2671 679 2803 722; x_wconf 81' lang='lat' dir='ltr'><strong>vero</strong></span> <span class='ocrx_word' id='word_1_194' title='bbox 2833 665 2955 731; x_wconf 86' lang='lat' dir='ltr'><strong>hoc,</strong></span> <span class='ocrx_word' id='word_1_195' title='bbox 2984 678 3154 736; x_wconf 90' lang='lat' dir='ltr'><strong>quare</strong></span> <span class='ocrx_word' id='word_1_196' title='bbox 3187 663 3422 719; x_wconf 82' lang='lat' dir='ltr'><strong>divinam</strong></span> <span class='ocrx_word' id='word_1_197' title='bbox 3450 658 3746 718; x_wconf 83' lang='lat' dir='ltr'><strong>bonitatem</strong></span> 
     </span>
    </p>
   </div>
   <div class='ocr_carea' id='block_1_33' title="bbox 2163 754 3751 829">
    <p class='ocr_par' dir='ltr' id='par_1_33' title="bbox 2163 754 3751 829">
     <span class='ocr_line' id='line_1_33' title="bbox 2163 754 3751 829; baseline -0.005 -17"><span class='ocrx_word' id='word_1_198' title='bbox 2163 772 2407 815; x_wconf 84' lang='lat' dir='ltr'><strong>summus</strong></span> <span class='ocrx_word' id='word_1_199' title='bbox 2450 761 2704 814; x_wconf 77' lang='lat' dir='ltr'><strong>sacerdos</strong></span> <span class='ocrx_word' id='word_1_200' title='bbox 2738 756 3059 829; x_wconf 84' lang='lat' dir='ltr'><strong>deprecatur</strong></span> <span class='ocrx_word' id='word_1_201' title='bbox 3097 754 3142 822; x_wconf 72' lang='grc'>⁸,</span> <span class='ocrx_word' id='word_1_202' title='bbox 3170 761 3515 825; x_wconf 85' lang='lat' dir='ltr'><strong>peccatorum</strong></span> <span class='ocrx_word' id='word_1_203' title='bbox 3559 757 3751 822; x_wconf 80' lang='lat' dir='ltr'><strong>petens</strong></span> 
     </span>
    </p>
   </div>
   <div class='ocr_carea' id='block_1_34' title="bbox 2165 843 3747 925">
    <p class='ocr_par' dir='ltr' id='par_1_34' title="bbox 2165 843 3747 925">
     <span class='ocr_line' id='line_1_34' title="bbox 2165 843 3747 925; baseline -0.008 -18"><span class='ocrx_word' id='word_1_204' title='bbox 2165 851 2451 909; x_wconf 77' lang='lat' dir='ltr'><strong>dormienti</strong></span> <span class='ocrx_word' id='word_1_205' title='bbox 2480 851 2853 920; x_wconf 61' lang='lat' dir='ltr'><strong>“amissionem</strong></span> <span class='ocrx_word' id='word_1_206' title='bbox 2870 859 2927 907; x_wconf 86' lang='lat' dir='ltr'><strong>et</strong></span> <span class='ocrx_word' id='word_1_207' title='bbox 2941 847 3294 906; x_wconf 77' lang='lat' dir='ltr'><strong>deifortnihus</strong></span> <span class='ocrx_word' id='word_1_208' title='bbox 3308 843 3747 925; x_wconf 82' lang='lat' dir='ltr'><strong>aequipotentem</strong></span> 
     </span>
    </p>
   </div>
   <div class='ocr_carea' id='block_1_35' title="bbox 2164 931 3749 1014">
    <p class='ocr_par' dir='ltr' id='par_1_35' title="bbox 2164 931 3749 1014">
     <span class='ocr_line' id='line_1_35' title="bbox 2164 931 3749 1014; baseline -0.008 -14"><span class='ocrx_word' id='word_1_209' title='bbox 2164 952 2221 1000; x_wconf 88' lang='lat' dir='ltr'><strong>et</strong></span> <span class='ocrx_word' id='word_1_210' title='bbox 2243 943 2631 999; x_wconf 86' lang='lat' dir='ltr'><strong>lucidissimam</strong></span> <span class='ocrx_word' id='word_1_211' title='bbox 2668 958 2900 1014; x_wconf 88' lang='lat' dir='ltr'><strong>partem.</strong></span> <span class='ocrx_word' id='word_1_212' title='bbox 2935 941 2995 998; x_wconf 88' lang='lat' dir='ltr'><strong>Si</strong></span> <span class='ocrx_word' id='word_1_213' title='bbox 3033 942 3179 998; x_wconf 89' lang='lat' dir='ltr'><strong>enim</strong></span> <span class='ocrx_word' id='word_1_214' title='bbox 3202 936 3586 996; x_wconf 87' lang='lat' dir='ltr'><strong>retributiones</strong></span> <span class='ocrx_word' id='word_1_215' title='bbox 3603 931 3749 989; x_wconf 82' lang='lat' dir='ltr'><strong>reci-</strong></span> 
     </span>
    </p>
   </div>
   <div class='ocr_carea' id='block_1_36' title="bbox 2163 1015 3751 1107">
    <p class='ocr_par' dir='ltr' id='par_1_36' title="bbox 2163 1015 3751 1107">
     <span class='ocr_line' id='line_1_36' title="bbox 2163 1015 3751 1107; baseline -0.007 -18"><span class='ocrx_word' id='word_1_216' title='bbox 2163 1035 2279 1107; x_wconf 89' lang='lat' dir='ltr'><strong>piat</strong></span> <span class='ocrx_word' id='word_1_217' title='bbox 2299 1015 2529 1091; x_wconf 46' lang='lat' dir='ltr'><strong>omnis‘a</strong></span> <span class='ocrx_word' id='word_1_218' title='bbox 2557 1034 2739 1091; x_wconf 86' lang='lat' dir='ltr'><strong>divina</strong></span> <span class='ocrx_word' id='word_1_219' title='bbox 2779 1034 3011 1107; x_wconf 78' lang='lat' dir='ltr'><strong>iustitia,</strong></span> <span class='ocrx_word' id='word_1_220' title='bbox 3051 1046 3194 1104; x_wconf 89' lang='lat' dir='ltr'><strong>quae</strong></span> <span class='ocrx_word' id='word_1_221' title='bbox 3239 1030 3295 1086; x_wconf 86' lang='lat' dir='ltr'><strong>in</strong></span> <span class='ocrx_word' id='word_1_222' title='bbox 3337 1024 3615 1100; x_wconf 85' lang='lat' dir='ltr'><strong>praesenti</strong></span> <span class='ocrx_word' id='word_1_223' title='bbox 3637 1023 3751 1079; x_wconf 76' lang='lat' dir='ltr'><strong>vita</strong></span> 
     </span>
    </p>
   </div>
   <div class='ocr_carea' id='block_1_37' title="bbox 2165 1124 3748 1200">
    <p class='ocr_par' dir='ltr' id='par_1_37' title="bbox 2165 1124 3748 1200">
     <span class='ocr_line' id='line_1_37' title="bbox 2165 1124 3748 1200; baseline -0.008 -16"><span class='ocrx_word' id='word_1_224' title='bbox 2165 1128 2433 1185; x_wconf 87' lang='lat' dir='ltr'><strong>bonorum</strong></span> <span class='ocrx_word' id='word_1_225' title='bbox 2456 1136 2549 1183; x_wconf 88' lang='lat' dir='ltr'><strong>aut</strong></span> <span class='ocrx_word' id='word_1_226' title='bbox 2573 1128 2869 1184; x_wconf 84' lang='lat' dir='ltr'><strong>alterorum</strong></span> <span class='ocrx_word' id='word_1_227' title='bbox 2893 1128 3123 1200; x_wconf 76' lang='lat' dir='ltr'><strong>peregit,</strong></span> <span class='ocrx_word' id='word_1_228' title='bbox 3151 1124 3328 1180; x_wconf 76' lang='lat' dir='ltr'><strong>finivit</strong></span> <span class='ocrx_word' id='word_1_229' title='bbox 3347 1132 3531 1179; x_wconf 89' lang='lat' dir='ltr'><strong>autem</strong></span> <span class='ocrx_word' id='word_1_230' title='bbox 3558 1132 3748 1188; x_wconf 61' lang='lat' dir='ltr'><strong>secum</strong></span> 
     </span>
    </p>
   </div>
   <div class='ocr_carea' id='block_1_38' title="bbox 2166 1211 3751 1290">
    <p class='ocr_par' dir='ltr' id='par_1_38' title="bbox 2166 1211 3751 1290">
     <span class='ocr_line' id='line_1_38' title="bbox 2166 1211 3751 1290; baseline 0.003 -18"><span class='ocrx_word' id='word_1_231' title='bbox 2166 1216 2293 1272; x_wconf 92' lang='lat' dir='ltr'><strong>dum</strong></span> <span class='ocrx_word' id='word_1_232' title='bbox 2323 1218 2466 1273; x_wconf 89' lang='lat' dir='ltr'><strong>hanc</strong></span> <span class='ocrx_word' id='word_1_233' title='bbox 2496 1217 2663 1273; x_wconf 89' lang='lat' dir='ltr'><strong>vitam</strong></span> <span class='ocrx_word' id='word_1_234' title='bbox 2688 1219 2939 1290; x_wconf 89' lang='lat' dir='ltr'><strong>proprias</strong></span> <span class='ocrx_word' id='word_1_235' title='bbox 2966 1219 3312 1290; x_wconf 85' lang='lat' dir='ltr'><strong>operationes</strong></span> <span class='ocrx_word' id='word_1_236' title='bbox 3342 1214 3435 1287; x_wconf 87' lang='lat' dir='ltr'><strong>qui</strong></span> <span class='ocrx_word' id='word_1_237' title='bbox 3474 1211 3751 1277; x_wconf 62' lang='lat' dir='ltr'><strong>dormitm.</strong></span> 
     </span>
    </p>
   </div>
   <div class='ocr_carea' id='block_1_39' title="bbox 2166 1305 3825 1381">
    <p class='ocr_par' dir='ltr' id='par_1_39' title="bbox 2166 1305 3825 1381">
     <span class='ocr_line' id='line_1_39' title="bbox 2166 1305 3825 1381; baseline -0.001 -19"><span class='ocrx_word' id='word_1_238' title='bbox 2166 1310 2438 1378; x_wconf 78' lang='lat' dir='ltr'><strong>quomodo</strong></span> <span class='ocrx_word' id='word_1_239' title='bbox 2463 1324 2562 1381; x_wconf 88' lang='lat' dir='ltr'><strong>per</strong></span> <span class='ocrx_word' id='word_1_240' title='bbox 2596 1310 2867 1380; x_wconf 86' lang='lat' dir='ltr'><strong>quandam</strong></span> <span class='ocrx_word' id='word_1_241' title='bbox 2912 1325 3159 1367; x_wconf 84' lang='lat' dir='ltr'><strong>summus</strong></span> <span class='ocrx_word' id='word_1_242' title='bbox 3184 1309 3437 1366; x_wconf 85' lang='lat' dir='ltr'><strong>sacerdos</strong></span> <span class='ocrx_word' id='word_1_243' title='bbox 3456 1305 3757 1371; x_wconf 86' lang='lat' dir='ltr'><strong>orationem</strong></span> <span class='ocrx_word' id='word_1_244' title='bbox 3821 1314 3825 1317; x_wconf 82' lang='lat'><em>&#39;</em></span> 
     </span>
    </p>
   </div>
   <div class='ocr_carea' id='block_1_40' title="bbox 2168 1397 3759 1475">
    <p class='ocr_par' dir='ltr' id='par_1_40' title="bbox 2168 1397 3759 1475">
     <span class='ocr_line' id='line_1_40' title="bbox 2168 1397 3759 1475; baseline -0.004 -15"><span class='ocrx_word' id='word_1_245' title='bbox 2168 1405 2224 1460; x_wconf 90' lang='lat' dir='ltr'><strong>in</strong></span> <span class='ocrx_word' id='word_1_246' title='bbox 2256 1404 2482 1461; x_wconf 76' lang='lat' dir='ltr'><strong>alterunt</strong></span> <span class='ocrx_word' id='word_1_247' title='bbox 2505 1404 2748 1475; x_wconf 86' lang='lat' dir='ltr'><strong>requiem</strong></span> <span class='ocrx_word' id='word_1_248' title='bbox 2772 1405 3083 1461; x_wconf 74' lang='lat' dir='ltr'><strong>transvehet</strong></span> <span class='ocrx_word' id='word_1_249' title='bbox 3109 1403 3249 1459; x_wconf 88' lang='lat' dir='ltr'><strong>ultra</strong></span> <span class='ocrx_word' id='word_1_250' title='bbox 3272 1402 3583 1475; x_wconf 75' lang='lat' dir='ltr'><strong>dignitatem</strong></span> <span class='ocrx_word' id='word_1_251' title='bbox 3606 1397 3759 1471; x_wconf 79' lang='lat' dir='ltr'><strong>ejus?</strong></span> 
     </span>
    </p>
   </div>
   <div class='ocr_carea' id='block_1_41' title="bbox 2166 1492 3757 1565">
    <p class='ocr_par' dir='ltr' id='par_1_41' title="bbox 2166 1492 3757 1565">
     <span class='ocr_line' id='line_1_41' title="bbox 2166 1492 3757 1565; baseline -0.006 -14"><span class='ocrx_word' id='word_1_252' title='bbox 2166 1494 2236 1551; x_wconf 86' lang='lat' dir='ltr'><strong>Et</strong></span> <span class='ocrx_word' id='word_1_253' title='bbox 2262 1495 2483 1565; x_wconf 86' lang='lat' dir='ltr'><strong>quidem</strong></span> <span class='ocrx_word' id='word_1_254' title='bbox 2531 1494 2602 1550; x_wconf 85' lang='lat' dir='ltr'><strong>ibi</strong></span> <span class='ocrx_word' id='word_1_255' title='bbox 2650 1495 2796 1550; x_wconf 81' lang='lat' dir='ltr'><strong>vitae</strong></span> <span class='ocrx_word' id='word_1_256' title='bbox 2832 1496 3248 1552; x_wconf 86' lang='lat' dir='ltr'><strong>retributionem</strong></span> <span class='ocrx_word' id='word_1_257' title='bbox 3291 1492 3512 1555; x_wconf 79' lang='lat' dir='ltr'><strong>habebit</strong></span> <span class='ocrx_word' id='word_1_258' title='bbox 3549 1498 3757 1561; x_wconf 86' lang='lat' dir='ltr'><strong>partem</strong></span> 
     </span>
    </p>
   </div>
   <div class='ocr_carea' id='block_1_42' title="bbox 3590 1577 3841 1655">
    <p class='ocr_par' dir='ltr' id='par_1_42' title="bbox 3590 1577 3841 1655">
     <span class='ocr_line' id='line_1_42' title="bbox 3590 1577 3841 1655; baseline -0.024 -16"><span class='ocrx_word' id='word_1_259' title='bbox 3590 1577 3759 1651; x_wconf 78' lang='lat' dir='ltr'><strong>Sepsit</strong></span> <span class='ocrx_word' id='word_1_260' title='bbox 3835 1650 3841 1655; x_wconf 20' lang='grc' dir='ltr'>ε</span> 
     </span>
    </p>
   </div>
   <div class='ocr_carea' id='block_1_43' title="bbox 2168 1668 3764 1748">
    <p class='ocr_par' dir='ltr' id='par_1_43' title="bbox 2168 1668 3764 1748">
     <span class='ocr_line' id='line_1_43' title="bbox 2168 1668 3764 1748; baseline -0.008 -13"><span class='ocrx_word' id='word_1_261' title='bbox 2168 1679 2329 1744; x_wconf 84' lang='lat' dir='ltr'><strong>enim,</strong></span> <span class='ocrx_word' id='word_1_262' title='bbox 2370 1678 2564 1748; x_wconf 88' lang='lat' dir='ltr'><strong>inquit,</strong></span> <span class='ocrx_word' id='word_1_263' title='bbox 2592 1677 2735 1734; x_wconf 82' lang='lat' dir='ltr'><strong>Dens</strong></span> <span class='ocrx_word' id='word_1_264' title='bbox 2760 1678 3039 1735; x_wconf 81' lang='lat' dir='ltr'><strong>adversum</strong></span> <span class='ocrx_word' id='word_1_265' title='bbox 3070 1694 3145 1743; x_wconf 86' lang='lat' dir='ltr'><strong>se,</strong></span> <span class='ocrx_word' id='word_1_266' title='bbox 3172 1684 3221 1731; x_wconf 83' lang='lat' dir='ltr'><strong>et</strong></span> <span class='ocrx_word' id='word_1_267' title='bbox 3253 1675 3451 1746; x_wconf 80' lang='lat' dir='ltr'><strong>feretur</strong></span> <span class='ocrx_word' id='word_1_268' title='bbox 3482 1668 3764 1742; x_wconf 74' lang='lat' dir='ltr'><strong>unusquis-</strong></span> 
     </span>
    </p>
   </div>
   <div class='ocr_carea' id='block_1_44' title="bbox 2169 1758 3760 1842">
    <p class='ocr_par' dir='ltr' id='par_1_44' title="bbox 2169 1758 3760 1842">
     <span class='ocr_line' id='line_1_44' title="bbox 2169 1758 3760 1842; baseline -0.008 -17"><span class='ocrx_word' id='word_1_269' title='bbox 2169 1787 2269 1842; x_wconf 82' lang='lat' dir='ltr'><strong>que</strong></span> <span class='ocrx_word' id='word_1_270' title='bbox 2294 1787 2387 1841; x_wconf 85' lang='lat' dir='ltr'><strong>per</strong></span> <span class='ocrx_word' id='word_1_271' title='bbox 2413 1786 2603 1841; x_wconf 85' lang='lat' dir='ltr'><strong>corpus</strong></span> <span class='ocrx_word' id='word_1_272' title='bbox 2626 1769 2697 1826; x_wconf 85' lang='lat' dir='ltr'><strong>ad</strong></span> <span class='ocrx_word' id='word_1_273' title='bbox 2715 1785 2850 1841; x_wconf 80' lang='lat' dir='ltr'><strong>quae</strong></span> <span class='ocrx_word' id='word_1_274' title='bbox 2872 1768 3051 1840; x_wconf 79' lang='lat' dir='ltr'><strong>gessit,</strong></span> <span class='ocrx_word' id='word_1_275' title='bbox 3080 1768 3185 1823; x_wconf 79' lang='lat' dir='ltr'><strong>sive</strong></span> <span class='ocrx_word' id='word_1_276' title='bbox 3207 1766 3364 1828; x_wconf 83' lang='lat' dir='ltr'><strong>bona,</strong></span> <span class='ocrx_word' id='word_1_277' title='bbox 3400 1764 3507 1820; x_wconf 76' lang='lat' dir='ltr'><strong>sive</strong></span> <span class='ocrx_word' id='word_1_278' title='bbox 3539 1758 3682 1818; x_wconf 85' lang='lat' dir='ltr'><strong>mola</strong></span> <span class='ocrx_word' id='word_1_279' title='bbox 3709 1758 3760 1812; x_wconf 74' lang='grc' dir='ltr'><strong>ι’.</strong></span> 
     </span>
    </p>
   </div>
   <div class='ocr_carea' id='block_1_45' title="bbox 2169 1850 3768 1935">
    <p class='ocr_par' dir='ltr' id='par_1_45' title="bbox 2169 1850 3768 1935">
     <span class='ocr_line' id='line_1_45' title="bbox 2169 1850 3768 1935; baseline -0.007 -17"><span class='ocrx_word' id='word_1_280' title='bbox 2169 1862 2306 1932; x_wconf 85' lang='lat' dir='ltr'><strong>Quia</strong></span> <span class='ocrx_word' id='word_1_281' title='bbox 2334 1878 2466 1920; x_wconf 83' lang='lat' dir='ltr'><strong>vero</strong></span> <span class='ocrx_word' id='word_1_282' title='bbox 2484 1863 2760 1935; x_wconf 77' lang='lat' dir='ltr'><strong>juStorum</strong></span> <span class='ocrx_word' id='word_1_283' title='bbox 2784 1861 3061 1918; x_wconf 87' lang='lat' dir='ltr'><strong>orationes</strong></span> <span class='ocrx_word' id='word_1_284' title='bbox 3087 1866 3142 1917; x_wconf 90' lang='lat' dir='ltr'><strong>et</strong></span> <span class='ocrx_word' id='word_1_285' title='bbox 3171 1858 3467 1915; x_wconf 88' lang='lat' dir='ltr'><strong>secundum</strong></span> <span class='ocrx_word' id='word_1_286' title='bbox 3503 1856 3646 1913; x_wconf 87' lang='lat' dir='ltr'><strong>hanc</strong></span> <span class='ocrx_word' id='word_1_287' title='bbox 3682 1850 3768 1907; x_wconf 88' lang='lat' dir='ltr'><strong>vi-</strong></span> 
     </span>
    </p>
   </div>
   <div class='ocr_carea' id='block_1_46' title="bbox 2171 1943 3765 2029">
    <p class='ocr_par' dir='ltr' id='par_1_46' title="bbox 2171 1943 3765 2029">
     <span class='ocr_line' id='line_1_46' title="bbox 2171 1943 3765 2029; baseline -0.008 -16"><span class='ocrx_word' id='word_1_288' title='bbox 2171 1958 2307 2024; x_wconf 76' lang='lat' dir='ltr'><strong>tam,</strong></span> <span class='ocrx_word' id='word_1_289' title='bbox 2336 1966 2544 2029; x_wconf 82' lang='lat' dir='ltr'><strong>quanto</strong></span> <span class='ocrx_word' id='word_1_290' title='bbox 2576 1955 2764 2028; x_wconf 68' lang='lat' dir='ltr'><strong>magis</strong></span> <span class='ocrx_word' id='word_1_291' title='bbox 2809 1963 2935 2028; x_wconf 85' lang='lat' dir='ltr'><strong>post</strong></span> <span class='ocrx_word' id='word_1_292' title='bbox 2976 1962 3208 2011; x_wconf 90' lang='lat' dir='ltr'><strong>mortem</strong></span> <span class='ocrx_word' id='word_1_293' title='bbox 3249 1954 3306 2008; x_wconf 88' lang='lat' dir='ltr'><strong>in</strong></span> <span class='ocrx_word' id='word_1_294' title='bbox 3349 1949 3458 2017; x_wconf 82' lang='lat' dir='ltr'><strong>bis,</strong></span> <span class='ocrx_word' id='word_1_295' title='bbox 3500 1947 3591 2018; x_wconf 88' lang='lat' dir='ltr'><strong>qui</strong></span> <span class='ocrx_word' id='word_1_296' title='bbox 3616 1943 3765 2016; x_wconf 78' lang='lat' dir='ltr'><strong>digni</strong></span> 
     </span>
    </p>
   </div>
   <div class='ocr_carea' id='block_1_47' title="bbox 2174 2035 3765 2117">
    <p class='ocr_par' dir='ltr' id='par_1_47' title="bbox 2174 2035 3765 2117">
     <span class='ocr_line' id='line_1_47' title="bbox 2174 2035 3765 2117; baseline -0.009 -10"><span class='ocrx_word' id='word_1_297' title='bbox 2174 2061 2302 2107; x_wconf 90' lang='lat' dir='ltr'><strong>sunt</strong></span> <span class='ocrx_word' id='word_1_298' title='bbox 2327 2051 2502 2107; x_wconf 85' lang='lat' dir='ltr'><strong>sacris</strong></span> <span class='ocrx_word' id='word_1_299' title='bbox 2529 2047 2892 2114; x_wconf 86' lang='lat' dir='ltr'><strong>orationibus,</strong></span> <span class='ocrx_word' id='word_1_300' title='bbox 2908 2051 3208 2117; x_wconf 85' lang='lat' dir='ltr'><strong>operantur</strong></span> <span class='ocrx_word' id='word_1_301' title='bbox 3237 2038 3630 2103; x_wconf 84' lang='lat' dir='ltr'><strong>tantummodo,</strong></span> <span class='ocrx_word' id='word_1_302' title='bbox 3656 2035 3765 2093; x_wconf 80' lang='lat' dir='ltr'><strong>elo-</strong></span> 
     </span>
    </p>
   </div>
   <div class='ocr_carea' id='block_1_48' title="bbox 2173 2126 3768 2216">
    <p class='ocr_par' dir='ltr' id='par_1_48' title="bbox 2173 2126 3768 2216">
     <span class='ocr_line' id='line_1_48' title="bbox 2173 2126 3768 2216; baseline -0.011 -17"><span class='ocrx_word' id='word_1_303' title='bbox 2173 2142 2427 2216; x_wconf 87' lang='lat' dir='ltr'><strong>quiorum</strong></span> <span class='ocrx_word' id='word_1_304' title='bbox 2468 2156 2568 2198; x_wconf 88' lang='lat' dir='ltr'><strong>nos</strong></span> <span class='ocrx_word' id='word_1_305' title='bbox 2612 2140 2852 2198; x_wconf 86' lang='lat' dir='ltr'><strong>edocent</strong></span> <span class='ocrx_word' id='word_1_306' title='bbox 2906 2150 3075 2193; x_wconf 78' lang='lat' dir='ltr'><strong>verae</strong></span> <span class='ocrx_word' id='word_1_307' title='bbox 3129 2133 3467 2189; x_wconf 85' lang='lat' dir='ltr'><strong>traditiones.</strong></span> <span class='ocrx_word' id='word_1_308' title='bbox 3493 2128 3605 2186; x_wconf 80' lang='lat' dir='ltr'><strong>Aut</strong></span> <span class='ocrx_word' id='word_1_309' title='bbox 3640 2126 3768 2198; x_wconf 88' lang='lat' dir='ltr'><strong>quid</strong></span> 
     </span>
    </p>
   </div>
   <div class='ocr_carea' id='block_1_49' title="bbox 2176 2221 3770 2295">
    <p class='ocr_par' dir='ltr' id='par_1_49' title="bbox 2176 2221 3770 2295">
     <span class='ocr_line' id='line_1_49' title="bbox 2176 2221 3770 2295; baseline -0.009 -4"><span class='ocrx_word' id='word_1_310' title='bbox 2176 2252 2207 2290; x_wconf 84' lang='lat' dir='ltr'><strong>a</strong></span> <span class='ocrx_word' id='word_1_311' title='bbox 2231 2233 2451 2291; x_wconf 83' lang='lat' dir='ltr'><strong>Samuel</strong></span> <span class='ocrx_word' id='word_1_312' title='bbox 2473 2231 2603 2289; x_wconf 83' lang='lat' dir='ltr'><strong>Saul</strong></span> <span class='ocrx_word' id='word_1_313' title='bbox 2623 2230 2933 2288; x_wconf 86' lang='lat' dir='ltr'><strong>annullatus</strong></span> <span class='ocrx_word' id='word_1_314' title='bbox 2951 2227 3070 2286; x_wconf 87' lang='lat' dir='ltr'><strong>est?</strong></span> <span class='ocrx_word' id='word_1_315' title='bbox 3094 2226 3233 2295; x_wconf 84' lang='lat' dir='ltr'><strong>Quid</strong></span> <span class='ocrx_word' id='word_1_316' title='bbox 3253 2231 3434 2280; x_wconf 89' lang='lat' dir='ltr'><strong>autem</strong></span> <span class='ocrx_word' id='word_1_317' title='bbox 3454 2222 3477 2255; x_wconf 85' lang='grc'><strong><em>³</em></strong></span> <span class='ocrx_word' id='word_1_318' title='bbox 3497 2221 3770 2278; x_wconf 73' lang='lat' dir='ltr'><strong>Ilcbraeo~</strong></span> 
     </span>
    </p>
   </div>
   <div class='ocr_carea' id='block_1_50' title="bbox 2178 2312 3768 2399">
    <p class='ocr_par' dir='ltr' id='par_1_50' title="bbox 2178 2312 3768 2399">
     <span class='ocr_line' id='line_1_50' title="bbox 2178 2312 3768 2399; baseline -0.013 -15"><span class='ocrx_word' id='word_1_319' title='bbox 2178 2343 2300 2384; x_wconf 90' lang='lat' dir='ltr'><strong>rum</strong></span> <span class='ocrx_word' id='word_1_320' title='bbox 2328 2325 2532 2399; x_wconf 90' lang='lat' dir='ltr'><strong>populo</strong></span> <span class='ocrx_word' id='word_1_321' title='bbox 2568 2322 2773 2397; x_wconf 77' lang='lat' dir='ltr'><strong>profuit</strong></span> <span class='ocrx_word' id='word_1_322' title='bbox 2810 2320 3127 2394; x_wconf 84' lang='lat' dir='ltr'><strong>prophetica</strong></span> <span class='ocrx_word' id='word_1_323' title='bbox 3160 2312 3615 2373; x_wconf 80' lang='lat' dir='ltr'><strong>oratio?&#39;Etenim</strong></span> <span class='ocrx_word' id='word_1_324' title='bbox 3652 2319 3768 2366; x_wconf 86' lang='lat' dir='ltr'><strong>tau-</strong></span> 
     </span>
    </p>
   </div>
   <div class='ocr_carea' id='block_1_51' title="bbox 2179 2400 3771 2492">
    <p class='ocr_par' dir='ltr' id='par_1_51' title="bbox 2179 2400 3771 2492">
     <span class='ocr_line' id='line_1_51' title="bbox 2179 2400 3771 2492; baseline -0.011 -17"><span class='ocrx_word' id='word_1_325' title='bbox 2179 2434 2346 2492; x_wconf 85' lang='lat' dir='ltr'><strong>quam</strong></span> <span class='ocrx_word' id='word_1_326' title='bbox 2389 2418 2434 2475; x_wconf 88' lang='lat' dir='ltr'><strong>si</strong></span> <span class='ocrx_word' id='word_1_327' title='bbox 2484 2416 2606 2489; x_wconf 83' lang='lat' dir='ltr'><strong>quis</strong></span> <span class='ocrx_word' id='word_1_328' title='bbox 2652 2416 2766 2472; x_wconf 88' lang='lat' dir='ltr'><strong>soic</strong></span> <span class='ocrx_word' id='word_1_329' title='bbox 2791 2412 3010 2485; x_wconf 79' lang='lat' dir='ltr'><strong>propria</strong></span> <span class='ocrx_word' id='word_1_330' title='bbox 3038 2412 3273 2468; x_wconf 86' lang='lat' dir='ltr'><strong>donante</strong></span> <span class='ocrx_word' id='word_1_331' title='bbox 3307 2405 3532 2471; x_wconf 89' lang='lat' dir='ltr'><strong>lumina,</strong></span> <span class='ocrx_word' id='word_1_332' title='bbox 3567 2400 3771 2459; x_wconf 84' lang='lat' dir='ltr'><strong>illaesis</strong></span> 
     </span>
    </p>
   </div>
   <div class='ocr_carea' id='block_1_52' title="bbox 2181 2492 3767 2581">
    <p class='ocr_par' dir='ltr' id='par_1_52' title="bbox 2181 2492 3767 2581">
     <span class='ocr_line' id='line_1_52' title="bbox 2181 2492 3767 2581; baseline -0.014 -12"><span class='ocrx_word' id='word_1_333' title='bbox 2181 2511 2355 2569; x_wconf 84' lang='lat' dir='ltr'><strong>oculis</strong></span> <span class='ocrx_word' id='word_1_334' title='bbox 2406 2509 2461 2566; x_wconf 91' lang='lat' dir='ltr'><strong>in</strong></span> <span class='ocrx_word' id='word_1_335' title='bbox 2500 2507 2918 2581; x_wconf 84' lang='lat' dir='ltr'><strong>participatione</strong></span> <span class='ocrx_word' id='word_1_336' title='bbox 2978 2501 3172 2560; x_wconf 88' lang='lat' dir='ltr'><strong>solaris</strong></span> <span class='ocrx_word' id='word_1_337' title='bbox 3211 2498 3430 2555; x_wconf 84' lang='lat' dir='ltr'><strong>luminis</strong></span> <span class='ocrx_word' id='word_1_338' title='bbox 3458 2494 3591 2569; x_wconf 88' lang='lat' dir='ltr'><strong>petit</strong></span> <span class='ocrx_word' id='word_1_339' title='bbox 3632 2492 3767 2556; x_wconf 80' lang='lat' dir='ltr'><strong>ﬁeri,</strong></span> 
     </span>
    </p>
   </div>
   <div class='ocr_carea' id='block_1_53' title="bbox 2181 2589 3772 2681">
    <p class='ocr_par' dir='ltr' id='par_1_53' title="bbox 2181 2589 3772 2681">
     <span class='ocr_line' id='line_1_53' title="bbox 2181 2589 3772 2681; baseline -0.016 -16"><span class='ocrx_word' id='word_1_340' title='bbox 2181 2593 2433 2681; x_wconf 68' lang='lat' dir='ltr'><strong>pt‘Opt‘ios</strong></span> <span class='ocrx_word' id='word_1_341' title='bbox 2455 2608 2708 2673; x_wconf 87' lang='lat' dir='ltr'><strong>aspectus</strong></span> <span class='ocrx_word' id='word_1_342' title='bbox 2735 2597 3157 2657; x_wconf 86' lang='lat' dir='ltr'><strong>exterminans:</strong></span> <span class='ocrx_word' id='word_1_343' title='bbox 3199 2593 3280 2650; x_wconf 90' lang='lat' dir='ltr'><strong>sic</strong></span> <span class='ocrx_word' id='word_1_344' title='bbox 3322 2591 3391 2647; x_wconf 87' lang='lat' dir='ltr'><strong>ad</strong></span> <span class='ocrx_word' id='word_1_345' title='bbox 3449 2589 3772 2659; x_wconf 82' lang='lat' dir='ltr'><strong>impotentes</strong></span> 
     </span>
    </p>
   </div>
   <div class='ocr_carea' id='block_1_54' title="bbox 486 2682 2086 2781">
    <p class='ocr_par' dir='ltr' id='par_1_54' title="bbox 486 2706 2086 2781">
     <span class='ocr_line' id='line_1_54' title="bbox 486 2706 2086 2781; baseline 0.003 -21"><span class='ocrx_word' id='word_1_346' title='bbox 486 2718 610 2760; x_wconf 79' lang='lat' dir='ltr'><strong>rum</strong></span> <span class='ocrx_word' id='word_1_347' title='bbox 638 2706 1024 2762; x_wconf 84' lang='lat' dir='ltr'><strong>retributiones</strong></span> <span class='ocrx_word' id='word_1_348' title='bbox 1050 2724 1082 2763; x_wconf 88' lang='lat' dir='ltr'><strong>a</strong></span> <span class='ocrx_word' id='word_1_349' title='bbox 1115 2708 1262 2765; x_wconf 85' lang='lat' dir='ltr'><strong>veris</strong></span> <span class='ocrx_word' id='word_1_350' title='bbox 1289 2707 1519 2781; x_wconf 86' lang='lat' dir='ltr'><strong>eioquiis</strong></span> <span class='ocrx_word' id='word_1_351' title='bbox 1545 2710 1815 2776; x_wconf 85' lang='lat' dir='ltr'><strong>laudatas,</strong></span> <span class='ocrx_word' id='word_1_352' title='bbox 1856 2720 1913 2767; x_wconf 90' lang='lat' dir='ltr'><strong>et</strong></span> <span class='ocrx_word' id='word_1_353' title='bbox 1952 2710 2086 2767; x_wconf 88' lang='lat' dir='ltr'><strong>cali-</strong></span> 
     </span>
    </p>
   </div>
   <div class='ocr_carea' id='block_1_55' title="bbox 2184 2682 3771 2781">
    <p class='ocr_par' dir='ltr' id='par_1_55' title="bbox 2187 2682 3771 2768">
     <span class='ocr_line' id='line_1_55' title="bbox 2187 2682 3771 2768; baseline -0.02 -8"><span class='ocrx_word' id='word_1_354' title='bbox 2187 2693 2526 2768; x_wconf 80' lang='lat' dir='ltr'><strong>concupis‘cit</strong></span> <span class='ocrx_word' id='word_1_355' title='bbox 2546 2699 2602 2748; x_wconf 91' lang='lat' dir='ltr'><strong>et</strong></span> <span class='ocrx_word' id='word_1_356' title='bbox 2626 2686 2930 2762; x_wconf 82' lang='lat' dir='ltr'><strong>superﬂuas</strong></span> <span class='ocrx_word' id='word_1_357' title='bbox 2952 2701 3095 2758; x_wconf 82' lang='lat' dir='ltr'><strong>spes,</strong></span> <span class='ocrx_word' id='word_1_358' title='bbox 3111 2682 3201 2753; x_wconf 85' lang='lat' dir='ltr'><strong>qui</strong></span> <span class='ocrx_word' id='word_1_359' title='bbox 3226 2689 3539 2738; x_wconf 83' lang='lat' dir='ltr'><strong>sanctorum</strong></span> <span class='ocrx_word' id='word_1_360' title='bbox 3561 2686 3771 2732; x_wconf 83' lang='lat' dir='ltr'><strong>summe</strong></span> 
     </span>
    </p>
   </div>
   <div class='ocr_carea' id='block_1_56' title="bbox 487 2775 3770 2878">
    <p class='ocr_par' dir='ltr' id='par_1_56' title="bbox 487 2775 3770 2878">
     <span class='ocr_line' id='line_1_56' title="bbox 487 2775 3770 2878; baseline 0.003 -30"><span class='ocrx_word' id='word_1_361' title='bbox 487 2796 644 2868; x_wconf 71' lang='lat' dir='ltr'><strong>gines</strong></span> <span class='ocrx_word' id='word_1_362' title='bbox 682 2794 798 2852; x_wconf 78' lang='lat' dir='ltr'><strong>fore</strong></span> <span class='ocrx_word' id='word_1_363' title='bbox 845 2797 1043 2855; x_wconf 86' lang='lat' dir='ltr'><strong>talibus</strong></span> <span class='ocrx_word' id='word_1_364' title='bbox 1082 2775 1689 2857; x_wconf 53' lang='lat' dir='ltr'><strong>immundis—infinitas.</strong></span> <span class='ocrx_word' id='word_1_365' title='bbox 1744 2775 2105 2857; x_wconf 77' lang='lat' dir='ltr'><strong>Pet-mittitur</strong></span> <span class='ocrx_word' id='word_1_366' title='bbox 2187 2787 2520 2847; x_wconf 65' lang='lat' dir='ltr'><strong>mirabilium</strong></span> <span class='ocrx_word' id='word_1_367' title='bbox 2543 2781 2841 2878; x_wconf 55' lang='grc' dir='ltr'><strong>οηξῖὒηθευ</strong></span> <span class='ocrx_word' id='word_1_368' title='bbox 2867 2787 2927 2835; x_wconf 51' lang='lat' dir='ltr'><strong>ei</strong></span> <span class='ocrx_word' id='word_1_369' title='bbox 2971 2775 3269 2878; x_wconf 66' lang='lat' dir='ltr'><strong>5_e°““d“m</strong></span> <span class='ocrx_word' id='word_1_370' title='bbox 3304 2779 3770 2878; x_wconf 46' lang='lat' dir='ltr'><strong>&quot;‘f‘wrfm</strong></span> 
     </span>
    </p>
   </div>
   <div class='ocr_carea' id='block_1_57' title="bbox 486 2861 2086 2966">
    <p class='ocr_par' dir='ltr' id='par_1_57' title="bbox 486 2888 2084 2962">
     <span class='ocr_line' id='line_1_57' title="bbox 486 2888 2084 2962; baseline 0.003 -17"><span class='ocrx_word' id='word_1_371' title='bbox 486 2888 638 2945; x_wconf 87' lang='lat' dir='ltr'><strong>enim</strong></span> <span class='ocrx_word' id='word_1_372' title='bbox 667 2888 748 2945; x_wconf 89' lang='lat' dir='ltr'><strong>eis</strong></span> <span class='ocrx_word' id='word_1_373' title='bbox 784 2904 956 2962; x_wconf 83' lang='lat' dir='ltr'><strong>aeque</strong></span> <span class='ocrx_word' id='word_1_374' title='bbox 984 2891 1132 2957; x_wconf 89' lang='lat' dir='ltr'><strong>utile,</strong></span> <span class='ocrx_word' id='word_1_375' title='bbox 1166 2892 1409 2950; x_wconf 78' lang='lat' dir='ltr'><strong>videntes</strong></span> <span class='ocrx_word' id='word_1_376' title='bbox 1448 2908 1606 2950; x_wconf 74' lang='lat' dir='ltr'><strong>saeue</strong></span> <span class='ocrx_word' id='word_1_377' title='bbox 1648 2907 2084 2952; x_wconf 88' lang='lat' dir='ltr'><strong>consummatum</strong></span> 
     </span>
    </p>
   </div>
   <div class='ocr_carea' id='block_1_58' title="bbox 2184 2861 3773 2966">
    <p class='ocr_par' dir='ltr' id='par_1_58' title="bbox 2188 2861 3773 2951">
     <span class='ocr_line' id='line_1_58' title="bbox 2188 2861 3773 2951; baseline -0.016 -10"><span class='ocrx_word' id='word_1_378' title='bbox 2188 2891 2407 2941; x_wconf 84' lang='lat' dir='ltr'><strong>sanctas</strong></span> <span class='ocrx_word' id='word_1_379' title='bbox 2457 2873 2803 2951; x_wconf 89' lang='lat' dir='ltr'><strong>operatioues</strong></span> <span class='ocrx_word' id='word_1_380' title='bbox 2843 2871 3156 2945; x_wconf 79' lang='lat' dir='ltr'><strong>exagitans,</strong></span> <span class='ocrx_word' id='word_1_381' title='bbox 3210 2863 3534 2938; x_wconf 76' lang='lat' dir='ltr'><strong>negligentia</strong></span> <span class='ocrx_word' id='word_1_382' title='bbox 3579 2861 3773 2917; x_wconf 86' lang='lat' dir='ltr'><strong>divinis</strong></span> 
     </span>
    </p>
   </div>
   <div class='ocr_carea' id='block_1_59' title="bbox 487 2955 3775 3049">
    <p class='ocr_par' dir='ltr' id='par_1_59' title="bbox 487 2955 3775 3049">
     <span class='ocr_line' id='line_1_59' title="bbox 487 2955 3775 3049; baseline -0.009 -12"><span class='ocrx_word' id='word_1_383' title='bbox 487 2995 559 3037; x_wconf 73' lang='lat' dir='ltr'><strong>ex</strong></span> <span class='ocrx_word' id='word_1_384' title='bbox 605 2955 967 3037; x_wconf 72' lang='lat' dir='ltr'><strong>ministrativa</strong></span> <span class='ocrx_word' id='word_1_385' title='bbox 1010 2955 1329 3041; x_wconf 87' lang='lat' dir='ltr'><strong>recitatione</strong></span> <span class='ocrx_word' id='word_1_386' title='bbox 1359 2986 1565 3043; x_wconf 84' lang='lat' dir='ltr'><strong>socium</strong></span> <span class='ocrx_word' id='word_1_387' title='bbox 1595 3001 1724 3043; x_wconf 84' lang='lat' dir='ltr'><strong>vere</strong></span> <span class='ocrx_word' id='word_1_388' title='bbox 1762 2986 2085 3043; x_wconf 81' lang='lat' dir='ltr'><strong>existentem</strong></span> <span class='ocrx_word' id='word_1_389' title='bbox 2190 2977 2351 3036; x_wconf 85' lang='lat' dir='ltr'><strong>donis</strong></span> <span class='ocrx_word' id='word_1_390' title='bbox 2370 2983 2427 3032; x_wconf 88' lang='lat' dir='ltr'><strong>et</strong></span> <span class='ocrx_word' id='word_1_391' title='bbox 2454 2966 2919 3030; x_wconf 81' lang='lat' dir='ltr'><strong>manifestissimis</strong></span> <span class='ocrx_word' id='word_1_392' title='bbox 2941 2961 3295 3049; x_wconf 84' lang='lat' dir='ltr'><strong>deil&#39;ormibus</strong></span> <span class='ocrx_word' id='word_1_393' title='bbox 3321 2955 3594 3049; x_wconf 81' lang='lat' dir='ltr'><strong>mandatis</strong></span> <span class='ocrx_word' id='word_1_394' title='bbox 3628 2965 3775 3049; x_wconf 80' lang='lat' dir='ltr'><strong>rece-</strong></span> 
     </span>
    </p>
   </div>
   <div class='ocr_carea' id='block_1_60' title="bbox 488 3073 2088 3148">
    <p class='ocr_par' dir='ltr' id='par_1_60' title="bbox 488 3073 2088 3148">
     <span class='ocr_line' id='line_1_60' title="bbox 488 3073 2088 3148; baseline 0.003 -19"><span class='ocrx_word' id='word_1_395' title='bbox 488 3089 525 3129; x_wconf 87' lang='lat' dir='ltr'><strong>a</strong></span> <span class='ocrx_word' id='word_1_396' title='bbox 556 3073 744 3130; x_wconf 87' lang='lat' dir='ltr'><strong>seculo</strong></span> <span class='ocrx_word' id='word_1_397' title='bbox 784 3075 810 3118; x_wconf 85' lang='grc'><strong><em>²-</em></strong></span> <span class='ocrx_word' id='word_1_398' title='bbox 832 3084 1143 3131; x_wconf 81' lang='lat' dir='ltr'><strong>sanctorum</strong></span> <span class='ocrx_word' id='word_1_399' title='bbox 1177 3074 1499 3132; x_wconf 83' lang='lat' dir='ltr'><strong>mirabiliter</strong></span> <span class='ocrx_word' id='word_1_400' title='bbox 1525 3076 1980 3148; x_wconf 78' lang='lat' dir='ltr'><strong>praedicatorum.</strong></span> <span class='ocrx_word' id='word_1_401' title='bbox 2019 3078 2088 3134; x_wconf 87' lang='lat' dir='ltr'><strong>Et</strong></span> 
     </span>
    </p>
   </div>
   <div class='ocr_carea' id='block_1_61' title="bbox 493 3165 2088 3245">
    <p class='ocr_par' dir='ltr' id='par_1_61' title="bbox 493 3165 2088 3245">
     <span class='ocr_line' id='line_1_61' title="bbox 493 3165 2088 3245; baseline 0.005 -24"><span class='ocrx_word' id='word_1_402' title='bbox 493 3165 746 3222; x_wconf 79' lang='lat' dir='ltr'><strong>fortassis</strong></span> <span class='ocrx_word' id='word_1_403' title='bbox 771 3167 964 3237; x_wconf 67' lang='lat' dir='ltr'><strong>et‘ipsi</strong></span> <span class='ocrx_word' id='word_1_404' title='bbox 995 3168 1060 3223; x_wconf 88' lang='lat' dir='ltr'><strong>ad</strong></span> <span class='ocrx_word' id='word_1_405' title='bbox 1091 3168 1270 3225; x_wconf 89' lang='lat' dir='ltr'><strong>simile</strong></span> <span class='ocrx_word' id='word_1_406' title='bbox 1290 3170 1627 3245; x_wconf 74' lang='lat' dir='ltr'><strong>desiderium</strong></span> <span class='ocrx_word' id='word_1_407' title='bbox 1656 3171 1898 3238; x_wconf 83' lang='lat' dir='ltr'><strong>venient,</strong></span> <span class='ocrx_word' id='word_1_408' title='bbox 1937 3182 1995 3228; x_wconf 86' lang='lat' dir='ltr'><strong>et</strong></span> <span class='ocrx_word' id='word_1_409' title='bbox 2017 3186 2088 3229; x_wconf 80' lang='lat' dir='ltr'><strong>ex</strong></span> 
     </span>
    </p>
   </div>
   <div class='ocr_carea' id='block_1_62' title="bbox 496 3258 2092 3329">
    <p class='ocr_par' dir='ltr' id='par_1_62' title="bbox 496 3258 2092 3329">
     <span class='ocr_line' id='line_1_62' title="bbox 496 3258 2092 3329; baseline 0.007 -15"><span class='ocrx_word' id='word_1_410' title='bbox 496 3258 865 3314; x_wconf 81' lang='lat' dir='ltr'><strong>ministrativa</strong></span> <span class='ocrx_word' id='word_1_411' title='bbox 911 3261 1139 3325; x_wconf 85' lang='lat' dir='ltr'><strong>scicntia</strong></span> <span class='ocrx_word' id='word_1_412' title='bbox 1169 3259 1496 3329; x_wconf 37' lang='lat' dir='ltr'><strong>edocen‘tur,</strong></span> <span class='ocrx_word' id='word_1_413' title='bbox 1540 3264 1754 3320; x_wconf 86' lang='lat' dir='ltr'><strong>beatam</strong></span> <span class='ocrx_word' id='word_1_414' title='bbox 1792 3280 1923 3324; x_wconf 84' lang='lat' dir='ltr'><strong>vere</strong></span> <span class='ocrx_word' id='word_1_415' title='bbox 1968 3280 2092 3326; x_wconf 67' lang='lat' dir='ltr'><strong>esse</strong></span> 
     </span>
    </p>
   </div>
   <div class='ocr_carea' id='block_1_63' title="bbox 493 3348 1377 3417">
    <p class='ocr_par' dir='ltr' id='par_1_63' title="bbox 493 3348 1377 3417">
     <span class='ocr_line' id='line_1_63' title="bbox 493 3348 1377 3417; baseline 0.006 -10"><span class='ocrx_word' id='word_1_416' title='bbox 493 3350 553 3417; x_wconf 84' lang='lat' dir='ltr'><strong>in</strong></span> <span class='ocrx_word' id='word_1_417' title='bbox 585 3348 805 3407; x_wconf 88' lang='lat' dir='ltr'><strong>Christo</strong></span> <span class='ocrx_word' id='word_1_418' title='bbox 832 3354 1377 3412; x_wconf 75' lang='lat' dir='ltr'><strong>consunn&#39;nationem.</strong></span> 
     </span>
    </p>
   </div>
   <div class='ocr_carea' id='block_1_64' title="bbox 571 3440 2098 3509">
    <p class='ocr_par' dir='ltr' id='par_1_64' title="bbox 571 3440 2098 3509">
     <span class='ocr_line' id='line_1_64' title="bbox 571 3440 2098 3509; baseline 0.008 -12"><span class='ocrx_word' id='word_1_419' title='bbox 571 3442 778 3500; x_wconf 88' lang='lat' dir='ltr'><strong>Deinde</strong></span> <span class='ocrx_word' id='word_1_420' title='bbox 806 3445 1072 3503; x_wconf 79' lang='lat' dir='ltr'><strong>accedens</strong></span> <span class='ocrx_word' id='word_1_421' title='bbox 1100 3447 1314 3503; x_wconf 69' lang='lat' dir='ltr'><strong>divinus</strong></span> <span class='ocrx_word' id='word_1_422' title='bbox 1340 3463 1582 3505; x_wconf 85' lang='lat' dir='ltr'><strong>summus</strong></span> <span class='ocrx_word' id='word_1_423' title='bbox 1613 3450 1869 3507; x_wconf 87' lang='lat' dir='ltr'><strong>sacerdos</strong></span> <span class='ocrx_word' id='word_1_424' title='bbox 1888 3440 2098 3509; x_wconf 84' lang='lat' dir='ltr'><strong>oratio-</strong></span> 
     </span>
    </p>
   </div>
   <div class='ocr_carea' id='block_1_65' title="bbox 499 3535 2120 3616">
    <p class='ocr_par' dir='ltr' id='par_1_65' title="bbox 499 3535 2120 3616">
     <span class='ocr_line' id='line_1_65' title="bbox 499 3535 2120 3616; baseline 0.009 -26"><span class='ocrx_word' id='word_1_425' title='bbox 499 3535 701 3592; x_wconf 84' lang='lat' dir='ltr'><strong>tiouem</strong></span> <span class='ocrx_word' id='word_1_426' title='bbox 732 3553 946 3594; x_wconf 81' lang='lat' dir='ltr'><strong>sacram</strong></span> <span class='ocrx_word' id='word_1_427' title='bbox 978 3553 1142 3610; x_wconf 84' lang='lat' dir='ltr'><strong>super</strong></span> <span class='ocrx_word' id='word_1_428' title='bbox 1161 3540 1463 3597; x_wconf 89' lang='lat' dir='ltr'><strong>dormiente</strong></span> <span class='ocrx_word' id='word_1_429' title='bbox 1482 3542 1634 3609; x_wconf 79' lang='lat' dir='ltr'><strong>facit,</strong></span> <span class='ocrx_word' id='word_1_430' title='bbox 1656 3554 1711 3599; x_wconf 89' lang='lat' dir='ltr'><strong>et</strong></span> <span class='ocrx_word' id='word_1_431' title='bbox 1739 3545 2120 3616; x_wconf 88' lang='lat' dir='ltr'><strong>postoratio—.</strong></span> 
     </span>
    </p>
   </div>
   <div class='ocr_carea' id='block_1_66' title="bbox 498 3617 2094 3702">
    <p class='ocr_par' dir='ltr' id='par_1_66' title="bbox 498 3617 2094 3702">
     <span class='ocr_line' id='line_1_66' title="bbox 498 3617 2094 3702; baseline 0.006 -18"><span class='ocrx_word' id='word_1_432' title='bbox 498 3642 625 3685; x_wconf 89' lang='lat' dir='ltr'><strong>nem</strong></span> <span class='ocrx_word' id='word_1_433' title='bbox 656 3617 774 3701; x_wconf 87' lang='lat' dir='ltr'><strong>ipse</strong></span> <span class='ocrx_word' id='word_1_434' title='bbox 806 3645 1052 3687; x_wconf 84' lang='lat' dir='ltr'><strong>summus</strong></span> <span class='ocrx_word' id='word_1_435' title='bbox 1080 3634 1338 3689; x_wconf 84' lang='lat' dir='ltr'><strong>saecrdes</strong></span> <span class='ocrx_word' id='word_1_436' title='bbox 1364 3649 1491 3691; x_wconf 85' lang='lat' dir='ltr'><strong>eum</strong></span> <span class='ocrx_word' id='word_1_437' title='bbox 1531 3635 1752 3702; x_wconf 82' lang='lat' dir='ltr'><strong>salutat,</strong></span> <span class='ocrx_word' id='word_1_438' title='bbox 1785 3644 1839 3692; x_wconf 91' lang='lat' dir='ltr'><strong>et</strong></span> <span class='ocrx_word' id='word_1_439' title='bbox 1859 3635 2094 3694; x_wconf 76' lang='lat' dir='ltr'><strong>&#39;deinde</strong></span> 
     </span>
    </p>
   </div>
   <div class='ocr_carea' id='block_1_67' title="bbox 500 3726 2093 3801">
    <p class='ocr_par' dir='ltr' id='par_1_67' title="bbox 500 3726 2093 3801">
     <span class='ocr_line' id='line_1_67' title="bbox 500 3726 2093 3801; baseline 0.003 -20"><span class='ocrx_word' id='word_1_440' title='bbox 500 3734 817 3796; x_wconf 86' lang='lat' dir='ltr'><strong>praesentes</strong></span> <span class='ocrx_word' id='word_1_441' title='bbox 843 3741 1055 3783; x_wconf 85' lang='lat' dir='ltr'><strong>omnes.</strong></span> <span class='ocrx_word' id='word_1_442' title='bbox 1102 3726 1217 3797; x_wconf 85' lang='lat' dir='ltr'><strong>Ipsa</strong></span> <span class='ocrx_word' id='word_1_443' title='bbox 1252 3728 1416 3801; x_wconf 83' lang='lat' dir='ltr'><strong>igitur</strong></span> <span class='ocrx_word' id='word_1_444' title='bbox 1441 3730 1619 3786; x_wconf 90' lang='lat' dir='ltr'><strong>oratio</strong></span> <span class='ocrx_word' id='word_1_445' title='bbox 1665 3730 1903 3788; x_wconf 70' lang='lat' dir='ltr'><strong>divinam</strong></span> <span class='ocrx_word' id='word_1_446' title='bbox 1935 3731 2093 3787; x_wconf 88' lang='lat' dir='ltr'><strong>honi-</strong></span> 
     </span>
    </p>
   </div>
   <div class='ocr_carea' id='block_1_68' title="bbox 502 3818 2098 3895">
    <p class='ocr_par' dir='ltr' id='par_1_68' title="bbox 502 3818 2098 3895">
     <span class='ocr_line' id='line_1_68' title="bbox 502 3818 2098 3895; baseline 0.003 -21"><span class='ocrx_word' id='word_1_447' title='bbox 502 3825 670 3874; x_wconf 85' lang='lat' dir='ltr'><strong>tatem</strong></span> <span class='ocrx_word' id='word_1_448' title='bbox 710 3819 1055 3889; x_wconf 83' lang='lat' dir='ltr'><strong>deprecatur,</strong></span> <span class='ocrx_word' id='word_1_449' title='bbox 1085 3820 1267 3874; x_wconf 87' lang='lat' dir='ltr'><strong>omnia</strong></span> <span class='ocrx_word' id='word_1_450' title='bbox 1295 3822 1514 3892; x_wconf 89' lang='lat' dir='ltr'><strong>quidem</strong></span> <span class='ocrx_word' id='word_1_451' title='bbox 1538 3822 1812 3879; x_wconf 87' lang='lat' dir='ltr'><strong>dimittere</strong></span> <span class='ocrx_word' id='word_1_452' title='bbox 1856 3838 1956 3895; x_wconf 83' lang='lat' dir='ltr'><strong>per</strong></span> <span class='ocrx_word' id='word_1_453' title='bbox 1994 3818 2098 3878; x_wconf 84' lang='lat' dir='ltr'><strong>hu-</strong></span> 
     </span>
    </p>
   </div>
   <div class='ocr_carea' id='block_1_69' title="bbox 450 3911 2100 3984">
    <p class='ocr_par' dir='ltr' id='par_1_69' title="bbox 450 3911 2100 3984">
     <span class='ocr_line' id='line_1_69' title="bbox 450 3911 2100 3984; baseline 0.001 -14"><span class='ocrx_word' id='word_1_454' title='bbox 450 3954 459 3957; x_wconf 64' lang='grc'><strong>-</strong></span> <span class='ocrx_word' id='word_1_455' title='bbox 505 3928 727 3977; x_wconf 75' lang='lat' dir='ltr'><strong>matiam</strong></span> <span class='ocrx_word' id='word_1_456' title='bbox 762 3911 1135 3969; x_wconf 83' lang='lat' dir='ltr'><strong>inﬁrmitatem</strong></span> <span class='ocrx_word' id='word_1_457' title='bbox 1186 3915 1477 3971; x_wconf 88' lang='lat' dir='ltr'><strong>commissa</strong></span> <span class='ocrx_word' id='word_1_458' title='bbox 1513 3915 1827 3984; x_wconf 84' lang='lat' dir='ltr'><strong>dormienti,</strong></span> <span class='ocrx_word' id='word_1_459' title='bbox 1876 3916 2100 3973; x_wconf 59' lang='lat' dir='ltr'><strong>ordinm-</strong></span> 
     </span>
    </p>
   </div>
   <div class='ocr_carea' id='block_1_70' title="bbox 508 4004 2102 4077">
    <p class='ocr_par' dir='ltr' id='par_1_70' title="bbox 508 4004 2102 4077">
     <span class='ocr_line' id='line_1_70' title="bbox 508 4004 2102 4077; baseline 0.003 -16"><span class='ocrx_word' id='word_1_460' title='bbox 508 4020 681 4077; x_wconf 87' lang='lat' dir='ltr'><strong>reque</strong></span> <span class='ocrx_word' id='word_1_461' title='bbox 700 4020 823 4063; x_wconf 88' lang='lat' dir='ltr'><strong>eum</strong></span> <span class='ocrx_word' id='word_1_462' title='bbox 846 4006 903 4060; x_wconf 92' lang='lat' dir='ltr'><strong>in</strong></span> <span class='ocrx_word' id='word_1_463' title='bbox 930 4004 1134 4061; x_wconf 86' lang='lat' dir='ltr'><strong>lumine</strong></span> <span class='ocrx_word' id='word_1_464' title='bbox 1150 4015 1205 4062; x_wconf 88' lang='lat' dir='ltr'><strong>et</strong></span> <span class='ocrx_word' id='word_1_465' title='bbox 1228 4007 1447 4077; x_wconf 78' lang='lat' dir='ltr'><strong>regione</strong></span> <span class='ocrx_word' id='word_1_466' title='bbox 1473 4009 1788 4076; x_wconf 74' lang='lat' dir='ltr'><strong>viventium,</strong></span> <span class='ocrx_word' id='word_1_467' title='bbox 1812 4007 1865 4062; x_wconf 87' lang='lat' dir='ltr'><strong>in</strong></span> <span class='ocrx_word' id='word_1_468' title='bbox 1890 4007 2102 4065; x_wconf 84' lang='lat' dir='ltr'><strong>sinibus</strong></span> 
     </span>
    </p>
   </div>
   <div class='ocr_carea' id='block_1_71' title="bbox 506 4096 2101 4170">
    <p class='ocr_par' dir='ltr' id='par_1_71' title="bbox 506 4096 2101 4170">
     <span class='ocr_line' id='line_1_71' title="bbox 506 4096 2101 4170; baseline 0.001 -15"><span class='ocrx_word' id='word_1_469' title='bbox 506 4096 785 4159; x_wconf 76' lang='lat' dir='ltr'><strong>Abraham</strong></span> <span class='ocrx_word' id='word_1_470' title='bbox 813 4105 868 4153; x_wconf 89' lang='lat' dir='ltr'><strong>et</strong></span> <span class='ocrx_word' id='word_1_471' title='bbox 903 4096 1056 4153; x_wconf 87' lang='lat' dir='ltr'><strong>Isaac</strong></span> <span class='ocrx_word' id='word_1_472' title='bbox 1080 4108 1134 4155; x_wconf 91' lang='lat' dir='ltr'><strong>et</strong></span> <span class='ocrx_word' id='word_1_473' title='bbox 1166 4098 1357 4163; x_wconf 56' lang='grc' dir='ltr'><strong>πωροι»,</strong></span> <span class='ocrx_word' id='word_1_474' title='bbox 1384 4099 1505 4157; x_wconf 87' lang='lat' dir='ltr'><strong>loco</strong></span> <span class='ocrx_word' id='word_1_475' title='bbox 1530 4115 1638 4170; x_wconf 87' lang='lat' dir='ltr'><strong>quo</strong></span> <span class='ocrx_word' id='word_1_476' title='bbox 1681 4099 1968 4169; x_wconf 74' lang='lat' dir='ltr'><strong>expellitur</strong></span> <span class='ocrx_word' id='word_1_477' title='bbox 2005 4101 2101 4156; x_wconf 80' lang='lat' dir='ltr'><strong>tio-</strong></span> 
     </span>
    </p>
   </div>
   <div class='ocr_carea' id='block_1_72' title="bbox 504 4190 2101 4264">
    <p class='ocr_par' dir='ltr' id='par_1_72' title="bbox 504 4190 2101 4264">
     <span class='ocr_line' id='line_1_72' title="bbox 504 4190 2101 4264; baseline -0.002 -16"><span class='ocrx_word' id='word_1_478' title='bbox 504 4192 598 4249; x_wconf 80' lang='lat' dir='ltr'><strong>Ior</strong></span> <span class='ocrx_word' id='word_1_479' title='bbox 627 4200 684 4248; x_wconf 88' lang='lat' dir='ltr'><strong>et</strong></span> <span class='ocrx_word' id='word_1_480' title='bbox 713 4192 928 4247; x_wconf 83' lang='lat' dir='ltr'><strong>tristitia</strong></span> <span class='ocrx_word' id='word_1_481' title='bbox 960 4201 1013 4247; x_wconf 90' lang='lat' dir='ltr'><strong>et</strong></span> <span class='ocrx_word' id='word_1_482' title='bbox 1034 4192 1301 4264; x_wconf 75' lang='lat' dir='ltr'><strong>angustia.</strong></span> <span class='ocrx_word' id='word_1_483' title='bbox 1326 4190 1442 4247; x_wconf 73' lang='lat' dir='ltr'><strong>Hae</strong></span> <span class='ocrx_word' id='word_1_484' title='bbox 1464 4191 1685 4262; x_wconf 81' lang='lat' dir='ltr'><strong>quidem</strong></span> <span class='ocrx_word' id='word_1_485' title='bbox 1726 4207 1879 4261; x_wconf 79' lang='lat' dir='ltr'><strong>ergo,</strong></span> <span class='ocrx_word' id='word_1_486' title='bbox 1912 4200 1970 4247; x_wconf 92' lang='lat' dir='ltr'><strong>ut</strong></span> <span class='ocrx_word' id='word_1_487' title='bbox 2012 4207 2101 4246; x_wconf 86' lang='lat' dir='ltr'><strong>ar-</strong></span> 
     </span>
    </p>
   </div>
   <div class='ocr_carea' id='block_1_73' title="bbox 511 4284 2100 4353">
    <p class='ocr_par' dir='ltr' id='par_1_73' title="bbox 511 4284 2100 4353">
     <span class='ocr_line' id='line_1_73' title="bbox 511 4284 2100 4353; baseline -0.001 -11"><span class='ocrx_word' id='word_1_488' title='bbox 511 4284 707 4353; x_wconf 85' lang='lat' dir='ltr'><strong>bitror,</strong></span> <span class='ocrx_word' id='word_1_489' title='bbox 722 4286 903 4343; x_wconf 86' lang='lat' dir='ltr'><strong>clarae</strong></span> <span class='ocrx_word' id='word_1_490' title='bbox 917 4294 1228 4342; x_wconf 87' lang='lat' dir='ltr'><strong>sanctorum</strong></span> <span class='ocrx_word' id='word_1_491' title='bbox 1242 4284 1682 4343; x_wconf 76' lang='lat' dir='ltr'><strong>beatissimorum</strong></span> <span class='ocrx_word' id='word_1_492' title='bbox 1697 4285 2100 4342; x_wconf 64' lang='lat' dir='ltr'><strong>retributiones.</strong></span> 
     </span>
    </p>
   </div>
   <div class='ocr_carea' id='block_1_74' title="bbox 513 4376 2105 4465">
    <p class='ocr_par' dir='ltr' id='par_1_74' title="bbox 513 4376 2105 4465">
     <span class='ocr_line' id='line_1_74' title="bbox 513 4376 2105 4465; baseline 0.001 -34"><span class='ocrx_word' id='word_1_493' title='bbox 513 4376 655 4446; x_wconf 90' lang='lat' dir='ltr'><strong>Quid</strong></span> <span class='ocrx_word' id='word_1_494' title='bbox 690 4377 833 4433; x_wconf 86' lang='lat' dir='ltr'><strong>enim</strong></span> <span class='ocrx_word' id='word_1_495' title='bbox 873 4376 1124 4433; x_wconf 77' lang='lat' dir='ltr'><strong>fortassis</strong></span> <span class='ocrx_word' id='word_1_496' title='bbox 1173 4376 1269 4432; x_wconf 85' lang='lat' dir='ltr'><strong>tiat</strong></span> <span class='ocrx_word' id='word_1_497' title='bbox 1300 4376 1729 4465; x_wconf 72' lang='lat' dir='ltr'><strong>perfectissimae</strong></span> <span class='ocrx_word' id='word_1_498' title='bbox 1770 4376 2015 4434; x_wconf 85' lang='lat' dir='ltr'><strong>laetitiae</strong></span> <span class='ocrx_word' id='word_1_499' title='bbox 2048 4385 2105 4433; x_wconf 86' lang='lat' dir='ltr'><strong>et</strong></span> 
     </span>
    </p>
   </div>
   <div class='ocr_carea' id='block_1_75' title="bbox 2191 3044 3776 3130">
    <p class='ocr_par' dir='ltr' id='par_1_75' title="bbox 2191 3044 3776 3130">
     <span class='ocr_line' id='line_1_75' title="bbox 2191 3044 3776 3130; baseline -0.018 -2"><span class='ocrx_word' id='word_1_500' title='bbox 2191 3069 2307 3127; x_wconf 88' lang='lat' dir='ltr'><strong>det.</strong></span> <span class='ocrx_word' id='word_1_501' title='bbox 2338 3058 2472 3125; x_wconf 85' lang='lat' dir='ltr'><strong>Dico</strong></span> <span class='ocrx_word' id='word_1_502' title='bbox 2505 3072 2709 3127; x_wconf 86' lang='lat' dir='ltr'><strong>autem,</strong></span> <span class='ocrx_word' id='word_1_503' title='bbox 2752 3046 2985 3130; x_wconf 10' lang='lat' dir='ltr'><strong>eloquia»</strong></span> <span class='ocrx_word' id='word_1_504' title='bbox 3012 3055 3244 3126; x_wconf 84' lang='lat' dir='ltr'><strong>sequens</strong></span> <span class='ocrx_word' id='word_1_505' title='bbox 3267 3062 3316 3114; x_wconf 79' lang='grc' dir='ltr'><strong>ο.</strong></span> <span class='ocrx_word' id='word_1_506' title='bbox 3365 3047 3527 3105; x_wconf 88' lang='lat' dir='ltr'><strong>utiles</strong></span> <span class='ocrx_word' id='word_1_507' title='bbox 3555 3044 3776 3104; x_wconf 85' lang='lat' dir='ltr'><strong>omnino</strong></span> 
     </span>
    </p>
   </div>
   <div class='ocr_carea' id='block_1_76' title="bbox 2193 3135 3776 3227">
    <p class='ocr_par' dir='ltr' id='par_1_76' title="bbox 2193 3135 3776 3227">
     <span class='ocr_line' id='line_1_76' title="bbox 2193 3135 3776 3227; baseline -0.024 -2"><span class='ocrx_word' id='word_1_508' title='bbox 2193 3171 2324 3227; x_wconf 81' lang='lat' dir='ltr'><strong>sunt</strong></span> <span class='ocrx_word' id='word_1_509' title='bbox 2373 3165 2428 3220; x_wconf 90' lang='lat' dir='ltr'><strong>in</strong></span> <span class='ocrx_word' id='word_1_510' title='bbox 2482 3161 2589 3216; x_wconf 84' lang='lat' dir='ltr'><strong>hae</strong></span> <span class='ocrx_word' id='word_1_511' title='bbox 2630 3156 2739 3212; x_wconf 70' lang='lat' dir='ltr'><strong>vita</strong></span> <span class='ocrx_word' id='word_1_512' title='bbox 2790 3161 3105 3209; x_wconf 79' lang='lat' dir='ltr'><strong>sanctorum</strong></span> <span class='ocrx_word' id='word_1_513' title='bbox 3158 3144 3434 3202; x_wconf 86' lang='lat' dir='ltr'><strong>orationes</strong></span> <span class='ocrx_word' id='word_1_514' title='bbox 3480 3135 3776 3194; x_wconf 80' lang='lat' dir='ltr'><strong>secundum</strong></span> 
     </span>
    </p>
   </div>
   <div class='ocr_carea' id='block_1_77' title="bbox 2192 3227 3779 3320">
    <p class='ocr_par' dir='ltr' id='par_1_77' title="bbox 2192 3227 3779 3320">
     <span class='ocr_line' id='line_1_77' title="bbox 2192 3227 3779 3320; baseline -0.022 -3"><span class='ocrx_word' id='word_1_515' title='bbox 2192 3258 2342 3317; x_wconf 87' lang='lat' dir='ltr'><strong>hunc</strong></span> <span class='ocrx_word' id='word_1_516' title='bbox 2378 3252 2621 3311; x_wconf 80' lang='lat' dir='ltr'><strong>modum.</strong></span> <span class='ocrx_word' id='word_1_517' title='bbox 2672 3247 2731 3305; x_wconf 89' lang='lat' dir='ltr'><strong>Si</strong></span> <span class='ocrx_word' id='word_1_518' title='bbox 2764 3246 2887 3320; x_wconf 87' lang='lat' dir='ltr'><strong>quis</strong></span> <span class='ocrx_word' id='word_1_519' title='bbox 2935 3242 3116 3300; x_wconf 86' lang='lat' dir='ltr'><strong>divina</strong></span> <span class='ocrx_word' id='word_1_520' title='bbox 3159 3245 3416 3311; x_wconf 88' lang='lat' dir='ltr'><strong>appetens</strong></span> <span class='ocrx_word' id='word_1_521' title='bbox 3438 3232 3598 3295; x_wconf 89' lang='lat' dir='ltr'><strong>dona,</strong></span> <span class='ocrx_word' id='word_1_522' title='bbox 3625 3237 3681 3285; x_wconf 91' lang='lat' dir='ltr'><strong>et</strong></span> <span class='ocrx_word' id='word_1_523' title='bbox 3710 3227 3779 3283; x_wconf 88' lang='lat' dir='ltr'><strong>ad</strong></span> 
     </span>
    </p>
   </div>
   <div class='ocr_carea' id='block_1_78' title="bbox 2194 3320 3776 3426">
    <p class='ocr_par' dir='ltr' id='par_1_78' title="bbox 2194 3320 3776 3426">
     <span class='ocr_line' id='line_1_78' title="bbox 2194 3320 3776 3426; baseline -0.021 -18"><span class='ocrx_word' id='word_1_524' title='bbox 2194 3320 2668 3426; x_wconf 83' lang='lat' dir='ltr'><strong>participationem</strong></span> <span class='ocrx_word' id='word_1_525' title='bbox 2717 3355 2906 3399; x_wconf 88' lang='lat' dir='ltr'><strong>eorum</strong></span> <span class='ocrx_word' id='word_1_526' title='bbox 2962 3349 3181 3393; x_wconf 89' lang='lat' dir='ltr'><strong>sacrum</strong></span> <span class='ocrx_word' id='word_1_527' title='bbox 3243 3329 3487 3426; x_wconf 75' lang='lat' dir='ltr'><strong>habitum</strong></span> <span class='ocrx_word' id='word_1_528' title='bbox 3537 3323 3776 3426; x_wconf 63' lang='lat' dir='ltr'><strong>habens:</strong></span> 
     </span>
    </p>
   </div>
   <div class='ocr_carea' id='block_1_79' title="bbox 2196 3408 3780 3515">
    <p class='ocr_par' dir='ltr' id='par_1_79' title="bbox 2196 3408 3780 3515">
     <span class='ocr_line' id='line_1_79' title="bbox 2196 3408 3780 3515; baseline -0.021 -16"><span class='ocrx_word' id='word_1_529' title='bbox 2196 3408 2452 3512; x_wconf 65' lang='lat' dir='ltr'><strong>ianquein</strong></span> <span class='ocrx_word' id='word_1_530' title='bbox 2485 3435 2735 3513; x_wconf 79' lang='lat' dir='ltr'><strong>propriae</strong></span> <span class='ocrx_word' id='word_1_531' title='bbox 2773 3440 3110 3503; x_wconf 78' lang='lat' dir='ltr'><strong>cognoscens</strong></span> <span class='ocrx_word' id='word_1_532' title='bbox 3136 3418 3442 3496; x_wconf 79' lang='lat' dir='ltr'><strong>parvitatis,</strong></span> <span class='ocrx_word' id='word_1_533' title='bbox 3465 3414 3692 3515; x_wconf 67' lang='lat' dir='ltr'><strong>venieps</strong></span> <span class='ocrx_word' id='word_1_534' title='bbox 3709 3408 3780 3515; x_wconf 68' lang='lat' dir='ltr'><strong>ad</strong></span> 
     </span>
    </p>
   </div>
   <div class='ocr_carea' id='block_1_80' title="bbox 2198 3503 3783 3608">
    <p class='ocr_par' dir='ltr' id='par_1_80' title="bbox 2198 3503 3783 3608">
     <span class='ocr_line' id='line_1_80' title="bbox 2198 3503 3783 3608; baseline -0.023 -16"><span class='ocrx_word' id='word_1_535' title='bbox 2198 3503 2501 3608; x_wconf 37' lang='lat' dir='ltr'><strong>quendam-</strong></span> <span class='ocrx_word' id='word_1_536' title='bbox 2545 3503 2857 3585; x_wconf 81' lang='lat' dir='ltr'><strong>sanctorum</strong></span> <span class='ocrx_word' id='word_1_537' title='bbox 2932 3520 3172 3575; x_wconf 87' lang='lat' dir='ltr'><strong>virorum</strong></span> <span class='ocrx_word' id='word_1_538' title='bbox 3199 3554 3218 3582; x_wconf 90' lang='lat'><strong>,</strong></span> <span class='ocrx_word' id='word_1_539' title='bbox 3301 3512 3561 3608; x_wconf 71' lang='lat' dir='ltr'><strong>dignatus</strong></span> <span class='ocrx_word' id='word_1_540' title='bbox 3621 3503 3783 3608; x_wconf 71' lang='lat' dir='ltr'><strong>fuerit</strong></span> 
     </span>
    </p>
   </div>
   <div class='ocr_carea' id='block_1_81' title="bbox 2197 3595 3817 3688">
    <p class='ocr_par' dir='ltr' id='par_1_81' title="bbox 2197 3595 3817 3688">
     <span class='ocr_line' id='line_1_81' title="bbox 2197 3595 3817 3688; baseline -0.022 -3"><span class='ocrx_word' id='word_1_541' title='bbox 2197 3595 2322 3686; x_wconf 72' lang='lat' dir='ltr'><strong>eum</strong></span> <span class='ocrx_word' id='word_1_542' title='bbox 2376 3624 2458 3681; x_wconf 89' lang='lat' dir='ltr'><strong>sui</strong></span> <span class='ocrx_word' id='word_1_543' title='bbox 2509 3621 2626 3678; x_wconf 81' lang='lat' dir='ltr'><strong>fieri</strong></span> <span class='ocrx_word' id='word_1_544' title='bbox 2680 3617 2986 3688; x_wconf 71' lang='lat' dir='ltr'><strong>adiutorem</strong></span> <span class='ocrx_word' id='word_1_545' title='bbox 3036 3618 3095 3667; x_wconf 87' lang='lat' dir='ltr'><strong>et</strong></span> <span class='ocrx_word' id='word_1_546' title='bbox 3145 3616 3493 3671; x_wconf 77' lang='lat' dir='ltr'><strong>conservum,</strong></span> <span class='ocrx_word' id='word_1_547' title='bbox 3546 3595 3817 3655; x_wconf 72' lang='lat' dir='ltr'><strong>luerabi-.</strong></span> 
     </span>
    </p>
   </div>
   <div class='ocr_carea' id='block_1_82' title="bbox 2199 3689 3780 3774">
    <p class='ocr_par' dir='ltr' id='par_1_82' title="bbox 2199 3689 3780 3774">
     <span class='ocr_line' id='line_1_82' title="bbox 2199 3689 3780 3774; baseline -0.022 0"><span class='ocrx_word' id='word_1_548' title='bbox 2199 3729 2290 3774; x_wconf 88' lang='lat' dir='ltr'><strong>tur</strong></span> <span class='ocrx_word' id='word_1_549' title='bbox 2328 3714 2551 3772; x_wconf 89' lang='lat' dir='ltr'><strong>omnino</strong></span> <span class='ocrx_word' id='word_1_550' title='bbox 2579 3726 2649 3768; x_wconf 71' lang='lat' dir='ltr'><strong>ex</strong></span> <span class='ocrx_word' id='word_1_551' title='bbox 2690 3710 2796 3768; x_wconf 84' lang='lat' dir='ltr'><strong>hoc</strong></span> <span class='ocrx_word' id='word_1_552' title='bbox 2844 3717 3035 3763; x_wconf 87' lang='lat' dir='ltr'><strong>omnes</strong></span> <span class='ocrx_word' id='word_1_553' title='bbox 3079 3702 3424 3771; x_wconf 85' lang='lat' dir='ltr'><strong>superantem</strong></span> <span class='ocrx_word' id='word_1_554' title='bbox 3472 3689 3780 3748; x_wconf 83' lang='lat' dir='ltr'><strong>utilitatem.</strong></span> 
     </span>
    </p>
   </div>
   <div class='ocr_carea' id='block_1_83' title="bbox 2192 3777 3784 3878">
    <p class='ocr_par' dir='ltr' id='par_1_83' title="bbox 2192 3777 3784 3878">
     <span class='ocr_line' id='line_1_83' title="bbox 2192 3777 3784 3878; baseline -0.022 -10"><span class='ocrx_word' id='word_1_555' title='bbox 2192 3788 2743 3878; x_wconf 18' lang='lat' dir='ltr'><strong>‘Consequeturenim</strong></span> <span class='ocrx_word' id='word_1_556' title='bbox 2763 3812 2904 3872; x_wconf 88' lang='lat' dir='ltr'><strong>quae</strong></span> <span class='ocrx_word' id='word_1_557' title='bbox 2929 3794 3065 3869; x_wconf 90' lang='lat' dir='ltr'><strong>petit</strong></span> <span class='ocrx_word' id='word_1_558' title='bbox 3088 3788 3427 3878; x_wconf 81' lang='lat' dir='ltr'><strong>divinissima</strong></span> <span class='ocrx_word' id='word_1_559' title='bbox 3455 3785 3617 3847; x_wconf 86' lang='lat' dir='ltr'><strong>dona,</strong></span> <span class='ocrx_word' id='word_1_560' title='bbox 3649 3777 3784 3878; x_wconf 55' lang='lat' dir='ltr'><strong>reci:</strong></span> 
     </span>
    </p>
   </div>
   <div class='ocr_carea' id='block_1_84' title="bbox 2164 3867 3785 3975">
    <p class='ocr_par' dir='ltr' id='par_1_84' title="bbox 2164 3867 3785 3975">
     <span class='ocr_line' id='line_1_84' title="bbox 2164 3867 3785 3975; baseline -0.022 -17"><span class='ocrx_word' id='word_1_561' title='bbox 2164 3906 2166 3909; x_wconf 76' lang='grc'>’</span> <span class='ocrx_word' id='word_1_562' title='bbox 2198 3867 2413 3975; x_wconf 53' lang='grc' dir='ltr'><strong>ρίθηιε-</strong></span> <span class='ocrx_word' id='word_1_563' title='bbox 2435 3913 2559 3954; x_wconf 90' lang='lat' dir='ltr'><strong>eum</strong></span> <span class='ocrx_word' id='word_1_564' title='bbox 2585 3867 2799 3950; x_wconf 33' lang='lat' dir='ltr'><strong>divina-</strong></span> <span class='ocrx_word' id='word_1_565' title='bbox 2833 3867 3097 3952; x_wconf 82' lang='lat' dir='ltr'><strong>bonitate,</strong></span> <span class='ocrx_word' id='word_1_566' title='bbox 3154 3888 3210 3939; x_wconf 86' lang='lat' dir='ltr'><strong>et</strong></span> <span class='ocrx_word' id='word_1_567' title='bbox 3246 3877 3526 3957; x_wconf 47' lang='lat' dir='ltr'><strong>prop’riam</strong></span> <span class='ocrx_word' id='word_1_568' title='bbox 3576 3867 3785 3975; x_wconf 60' lang='lat' dir='ltr'><strong>verenti</strong></span> 
     </span>
    </p>
   </div>
   <div class='ocr_carea' id='block_1_85' title="bbox 2201 3968 3784 4057">
    <p class='ocr_par' dir='ltr' id='par_1_85' title="bbox 2201 3968 3784 4057">
     <span class='ocr_line' id='line_1_85' title="bbox 2201 3968 3784 4057; baseline -0.023 -3"><span class='ocrx_word' id='word_1_569' title='bbox 2201 3968 2614 4057; x_wconf 76' lang='lat' dir='ltr'><strong>conscientiam,</strong></span> <span class='ocrx_word' id='word_1_570' title='bbox 2637 4000 2692 4046; x_wconf 89' lang='lat' dir='ltr'><strong>et</strong></span> <span class='ocrx_word' id='word_1_571' title='bbox 2721 3988 2777 4044; x_wconf 89' lang='lat' dir='ltr'><strong>in</strong></span> <span class='ocrx_word' id='word_1_572' title='bbox 2801 3982 3007 4042; x_wconf 87' lang='lat' dir='ltr'><strong>sanctis</strong></span> <span class='ocrx_word' id='word_1_573' title='bbox 3024 3975 3385 4038; x_wconf 81' lang='lat' dir='ltr'><strong>confessione,</strong></span> <span class='ocrx_word' id='word_1_574' title='bbox 3412 3978 3470 4025; x_wconf 84' lang='lat' dir='ltr'><strong>et</strong></span> <span class='ocrx_word' id='word_1_575' title='bbox 3494 3968 3784 4040; x_wconf 86' lang='lat' dir='ltr'><strong>petitarum</strong></span> 
     </span>
    </p>
   </div>
   <div class='ocr_carea' id='block_1_86' title="bbox 2202 4060 3823 4161">
    <p class='ocr_par' dir='ltr' id='par_1_86' title="bbox 2202 4060 3823 4161">
     <span class='ocr_line' id='line_1_86' title="bbox 2202 4060 3823 4161; baseline -0.027 -13"><span class='ocrx_word' id='word_1_576' title='bbox 2202 4102 2486 4155; x_wconf 81' lang='lat' dir='ltr'><strong>sacrarum</strong></span> <span class='ocrx_word' id='word_1_577' title='bbox 2523 4060 2845 4156; x_wconf 68' lang='lat' dir='ltr'><strong>petitionum</strong></span> <span class='ocrx_word' id='word_1_578' title='bbox 2887 4070 3139 4129; x_wconf 85' lang='lat' dir='ltr'><strong>laudabili</strong></span> <span class='ocrx_word' id='word_1_579' title='bbox 3179 4063 3474 4161; x_wconf 72' lang='lat' dir='ltr'><strong>desiderio,</strong></span> <span class='ocrx_word' id='word_1_580' title='bbox 3518 4069 3573 4114; x_wconf 90' lang='lat' dir='ltr'><strong>et</strong></span> <span class='ocrx_word' id='word_1_581' title='bbox 3599 4070 3823 4161; x_wconf 41' lang='grc' dir='ltr'><strong>,λ</strong></span> 
     </span>
    </p>
   </div>
   <div class='ocr_carea' id='block_1_87' title="bbox 2203 4150 3789 4259">
    <p class='ocr_par' dir='ltr' id='par_1_87' title="bbox 2203 4150 3789 4259">
     <span class='ocr_line' id='line_1_87' title="bbox 2203 4150 3789 4259; baseline -0.037 -2"><span class='ocrx_word' id='word_1_582' title='bbox 2203 4151 2409 4259; x_wconf 68' lang='lat' dir='ltr'><strong>(luenti-</strong></span> <span class='ocrx_word' id='word_1_583' title='bbox 2446 4188 2502 4235; x_wconf 88' lang='lat' dir='ltr'><strong>ct</strong></span> <span class='ocrx_word' id='word_1_584' title='bbox 2525 4150 2810 4234; x_wconf 29' lang='lat' dir='ltr'><strong>vdeil‘ormi</strong></span> <span class='ocrx_word' id='word_1_585' title='bbox 2848 4169 3057 4259; x_wconf 83' lang='lat' dir='ltr'><strong>habitu.</strong></span> <span class='ocrx_word' id='word_1_586' title='bbox 3082 4163 3179 4219; x_wconf 84' lang='lat' dir='ltr'><strong>Est</strong></span> <span class='ocrx_word' id='word_1_587' title='bbox 3194 4159 3347 4259; x_wconf 81' lang='lat' dir='ltr'><strong>enim</strong></span> <span class='ocrx_word' id='word_1_588' title='bbox 3371 4164 3429 4259; x_wconf 61' lang='lat' dir='ltr'><strong>et</strong></span> <span class='ocrx_word' id='word_1_589' title='bbox 3463 4150 3789 4259; x_wconf 28' lang='lat' dir='ltr'><strong>ltocudiv‘izni-s</strong></span> 
     </span>
    </p>
   </div>
   <div class='ocr_carea' id='block_1_88' title="bbox 2197 4244 3791 4349">
    <p class='ocr_par' dir='ltr' id='par_1_88' title="bbox 2197 4244 3791 4349">
     <span class='ocr_line' id='line_1_88' title="bbox 2197 4244 3791 4349; baseline -0.028 -15"><span class='ocrx_word' id='word_1_590' title='bbox 2197 4244 2422 4349; x_wconf 67' lang='lat' dir='ltr'><strong>iudiciis</strong></span> <span class='ocrx_word' id='word_1_591' title='bbox 2465 4266 2885 4343; x_wconf 71' lang='lat' dir='ltr'><strong>promulgatum,</strong></span> <span class='ocrx_word' id='word_1_592' title='bbox 2940 4256 3123 4312; x_wconf 77' lang='lat' dir='ltr'><strong>divina</strong></span> <span class='ocrx_word' id='word_1_593' title='bbox 3177 4251 3323 4349; x_wconf 78' lang='lat' dir='ltr'><strong>dona</strong></span> <span class='ocrx_word' id='word_1_594' title='bbox 3355 4244 3534 4349; x_wconf 41' lang='lat' dir='ltr'><strong>dign-is</strong></span> <span class='ocrx_word' id='word_1_595' title='bbox 3576 4244 3791 4349; x_wconf 73' lang='lat' dir='ltr'><strong>partiet-</strong></span> 
     </span>
    </p>
   </div>
   <div class='ocr_carea' id='block_1_89' title="bbox 2208 4337 3784 4451">
    <p class='ocr_par' dir='ltr' id='par_1_89' title="bbox 2208 4337 3784 4451">
     <span class='ocr_line' id='line_1_89' title="bbox 2208 4337 3784 4451; baseline -0.029 -21"><span class='ocrx_word' id='word_1_596' title='bbox 2208 4337 2385 4451; x_wconf 72' lang='lat' dir='ltr'><strong>pande</strong></span> <span class='ocrx_word' id='word_1_597' title='bbox 2415 4337 2698 4422; x_wconf 45' lang='lat' dir='ltr'><strong>in-ordine</strong></span> <span class='ocrx_word' id='word_1_598' title='bbox 2720 4354 3060 4440; x_wconf 76' lang='lat' dir='ltr'><strong>divinissimo</strong></span> <span class='ocrx_word' id='word_1_599' title='bbox 3086 4343 3279 4403; x_wconf 88' lang='lat' dir='ltr'><strong>donari</strong></span> <span class='ocrx_word' id='word_1_600' title='bbox 3320 4355 3417 4444; x_wconf 78' lang='lat' dir='ltr'><strong>per</strong></span> <span class='ocrx_word' id='word_1_601' title='bbox 3461 4337 3657 4407; x_wconf 76' lang='lat' dir='ltr'><strong>dignos</strong></span> <span class='ocrx_word' id='word_1_602' title='bbox 3684 4340 3784 4387; x_wconf 85' lang='lat' dir='ltr'><strong>tra-</strong></span> 
     </span>
    </p>
   </div>
   <div class='ocr_carea' id='block_1_90' title="bbox 514 4438 2086 4543">
    <p class='ocr_par' dir='ltr' id='par_1_90' title="bbox 514 4453 2086 4541">
     <span class='ocr_line' id='line_1_90' title="bbox 514 4453 2086 4541; baseline -0.001 -14"><span class='ocrx_word' id='word_1_603' title='bbox 514 4469 888 4527; x_wconf 77' lang='lat' dir='ltr'><strong>iliuntinatrici</strong></span> <span class='ocrx_word' id='word_1_604' title='bbox 961 4453 1370 4529; x_wconf 67' lang='lat' dir='ltr'><strong>immortalitati</strong></span> <span class='ocrx_word' id='word_1_605' title='bbox 1430 4470 1950 4541; x_wconf 82' lang='lat' dir='ltr'><strong>compenderalum,</strong></span> <span class='ocrx_word' id='word_1_606' title='bbox 2003 4481 2086 4526; x_wconf 89' lang='lat' dir='ltr'><strong>ets</strong></span> 
     </span>
    </p>
   </div>
   <div class='ocr_carea' id='block_1_91' title="bbox 2184 4438 3791 4543">
    <p class='ocr_par' dir='ltr' id='par_1_91' title="bbox 2184 4438 3791 4536">
     <span class='ocr_line' id='line_1_91' title="bbox 2184 4438 3791 4536; baseline -0.031 -11"><span class='ocrx_word' id='word_1_607' title='bbox 2184 4438 2343 4536; x_wconf 53' lang='lat' dir='ltr'><strong>tuere</strong></span> <span class='ocrx_word' id='word_1_608' title='bbox 2367 4460 2410 4515; x_wconf 83' lang='grc'><strong>⁸.</strong></span> <span class='ocrx_word' id='word_1_609' title='bbox 2429 4458 2585 4516; x_wconf 80' lang='lat' dir='ltr'><strong>Hune</strong></span> <span class='ocrx_word' id='word_1_610' title='bbox 2610 4468 2745 4525; x_wconf 75' lang='lat' dir='ltr'><strong>ergo</strong></span> <span class='ocrx_word' id='word_1_611' title='bbox 2761 4451 2811 4507; x_wconf 89' lang='lat' dir='ltr'><strong>si</strong></span> <span class='ocrx_word' id='word_1_612' title='bbox 2838 4438 2963 4518; x_wconf 88' lang='lat' dir='ltr'><strong>quis</strong></span> <span class='ocrx_word' id='word_1_613' title='bbox 2990 4438 3410 4499; x_wconf 84' lang='lat' dir='ltr'><strong>dehonoraverit</strong></span> <span class='ocrx_word' id='word_1_614' title='bbox 3440 4441 3659 4527; x_wconf 76' lang='lat' dir='ltr'><strong>sacrum</strong></span> <span class='ocrx_word' id='word_1_615' title='bbox 3695 4438 3791 4479; x_wconf 85' lang='lat' dir='ltr'><strong>or-</strong></span> 
     </span>
    </p>
   </div>
   <div class='ocr_carea' id='block_1_92' title="bbox 516 4561 2109 4634">
    <p class='ocr_par' dir='ltr' id='par_1_92' title="bbox 516 4561 2109 4634">
     <span class='ocr_line' id='line_1_92' title="bbox 516 4561 2109 4634; baseline -0.004 -11"><span class='ocrx_word' id='word_1_616' title='bbox 516 4564 755 4623; x_wconf 69' lang='lat' dir='ltr'><strong>mxime</strong></span> <span class='ocrx_word' id='word_1_617' title='bbox 802 4565 1005 4621; x_wconf 84' lang='lat' dir='ltr'><strong>nostris</strong></span> <span class='ocrx_word' id='word_1_618' title='bbox 1048 4561 1490 4634; x_wconf 85' lang='lat' dir='ltr'><strong>proportionibus</strong></span> <span class='ocrx_word' id='word_1_619' title='bbox 1533 4561 1921 4634; x_wconf 76' lang='lat' dir='ltr'><strong>signiticativis.</strong></span> <span class='ocrx_word' id='word_1_620' title='bbox 1957 4562 2109 4617; x_wconf 85' lang='lat' dir='ltr'><strong>omni</strong></span> 
     </span>
    </p>
   </div>
   <div class='ocr_carea' id='block_1_93' title="bbox 513 4651 2109 4726">
    <p class='ocr_par' dir='ltr' id='par_1_93' title="bbox 513 4651 2109 4726">
     <span class='ocr_line' id='line_1_93' title="bbox 513 4651 2109 4726; baseline -0.003 -16"><span class='ocrx_word' id='word_1_621' title='bbox 513 4652 747 4710; x_wconf 75' lang='lat' dir='ltr'><strong>altiores</strong></span> <span class='ocrx_word' id='word_1_622' title='bbox 775 4654 959 4708; x_wconf 89' lang='lat' dir='ltr'><strong>animo</strong></span> <span class='ocrx_word' id='word_1_623' title='bbox 998 4651 1399 4725; x_wconf 81' lang='lat' dir='ltr'><strong>.promissiones</strong></span> <span class='ocrx_word' id='word_1_624' title='bbox 1427 4652 1788 4726; x_wconf 65' lang='lat' dir='ltr'><strong>significante.</strong></span> <span class='ocrx_word' id='word_1_625' title='bbox 1839 4661 1896 4708; x_wconf 88' lang='lat' dir='ltr'><strong>et</strong></span> <span class='ocrx_word' id='word_1_626' title='bbox 1929 4652 2109 4707; x_wconf 82' lang='lat' dir='ltr'><strong>activa</strong></span> 
     </span>
    </p>
   </div>
   <div class='ocr_carea' id='block_1_94' title="bbox 508 4743 2109 4803">
    <p class='ocr_par' dir='ltr' id='par_1_94' title="bbox 508 4743 2109 4803">
     <span class='ocr_line' id='line_1_94' title="bbox 508 4743 2109 4803; baseline -0.003 0"><span class='ocrx_word' id='word_1_627' title='bbox 508 4744 957 4803; x_wconf 60' lang='lat' dir='ltr'><strong>mumvcritate</strong></span> <span class='ocrx_word' id='word_1_628' title='bbox 978 4743 1194 4800; x_wconf 89' lang='lat' dir='ltr'><strong>relictas</strong></span> <span class='ocrx_word' id='word_1_629' title='bbox 1213 4743 1411 4800; x_wconf 88' lang='lat' dir='ltr'><strong>habent</strong></span> <span class='ocrx_word' id='word_1_630' title='bbox 1442 4743 1879 4799; x_wconf 86' lang='lat' dir='ltr'><strong>nominationes?</strong></span> <span class='ocrx_word' id='word_1_631' title='bbox 1906 4744 2109 4799; x_wconf 79' lang='lat' dir='ltr'><strong>Verum</strong></span> 
     </span>
    </p>
   </div>
   <div class='ocr_carea' id='block_1_95' title="bbox 508 4832 2113 4905">
    <p class='ocr_par' dir='ltr' id='par_1_95' title="bbox 508 4832 2113 4905">
     <span class='ocr_line' id='line_1_95' title="bbox 508 4832 2113 4905; baseline 0.001 -17"><span class='ocrx_word' id='word_1_632' title='bbox 508 4834 662 4890; x_wconf 70' lang='lat' dir='ltr'><strong>enim</strong></span> <span class='ocrx_word' id='word_1_633' title='bbox 691 4849 812 4890; x_wconf 80' lang='lat' dir='ltr'><strong>esse</strong></span> <span class='ocrx_word' id='word_1_634' title='bbox 855 4832 1128 4905; x_wconf 81' lang='lat' dir='ltr'><strong>eloquium</strong></span> <span class='ocrx_word' id='word_1_635' title='bbox 1158 4834 1576 4899; x_wconf 84' lang='lat' dir='ltr'><strong>aestimandum,</strong></span> <span class='ocrx_word' id='word_1_636' title='bbox 1617 4836 1744 4904; x_wconf 76' lang='lat' dir='ltr'><strong>quia</strong></span> <span class='ocrx_word' id='word_1_637' title='bbox 1785 4834 1966 4889; x_wconf 71' lang='lat' dir='ltr'><strong>oculus</strong></span> <span class='ocrx_word' id='word_1_638' title='bbox 2006 4851 2113 4889; x_wconf 78' lang='lat' dir='ltr'><strong>non</strong></span> 
     </span>
    </p>
   </div>
   <div class='ocr_carea' id='block_1_96' title="bbox 518 4923 2106 4989">
    <p class='ocr_par' dir='ltr' id='par_1_96' title="bbox 518 4923 2106 4989">
     <span class='ocr_line' id='line_1_96' title="bbox 518 4923 2106 4989; baseline -0.002 -9"><span class='ocrx_word' id='word_1_639' title='bbox 518 4924 669 4989; x_wconf 73' lang='lat' dir='ltr'><strong>vidit,</strong></span> <span class='ocrx_word' id='word_1_640' title='bbox 690 4940 781 4978; x_wconf 81' lang='lat' dir='ltr'><strong>nec</strong></span> <span class='ocrx_word' id='word_1_641' title='bbox 798 4923 943 4978; x_wconf 79' lang='lat' dir='ltr'><strong>auris</strong></span> <span class='ocrx_word' id='word_1_642' title='bbox 970 4924 1193 4986; x_wconf 79' lang='lat' dir='ltr'><strong>audivit.</strong></span> <span class='ocrx_word' id='word_1_643' title='bbox 1210 4932 1258 4978; x_wconf 82' lang='lat' dir='ltr'><strong>et</strong></span> <span class='ocrx_word' id='word_1_644' title='bbox 1281 4924 1346 4981; x_wconf 84' lang='lat' dir='ltr'><strong>in</strong></span> <span class='ocrx_word' id='word_1_645' title='bbox 1363 4938 1453 4979; x_wconf 82' lang='lat' dir='ltr'><strong>cor</strong></span> <span class='ocrx_word' id='word_1_646' title='bbox 1470 4924 1696 4977; x_wconf 76' lang='lat' dir='ltr'><strong>hominis</strong></span> <span class='ocrx_word' id='word_1_647' title='bbox 1725 4940 1830 4977; x_wconf 81' lang='lat' dir='ltr'><strong>non</strong></span> <span class='ocrx_word' id='word_1_648' title='bbox 1854 4923 2106 4988; x_wconf 73' lang='lat' dir='ltr'><strong>ascendit,</strong></span> 
     </span>
    </p>
   </div>
   <div class='ocr_carea' id='block_1_97' title="bbox 514 5002 2115 5088">
    <p class='ocr_par' dir='ltr' id='par_1_97' title="bbox 514 5002 2115 5088">
     <span class='ocr_line' id='line_1_97' title="bbox 514 5002 2115 5088; baseline 0.002 -20"><span class='ocrx_word' id='word_1_649' title='bbox 514 5002 656 5088; x_wconf 81' lang='lat' dir='ltr'><strong>quae</strong></span> <span class='ocrx_word' id='word_1_650' title='bbox 680 5015 1012 5087; x_wconf 73' lang='lat' dir='ltr'><strong>praeparavit</strong></span> <span class='ocrx_word' id='word_1_651' title='bbox 1040 5012 1182 5071; x_wconf 76' lang='lat' dir='ltr'><strong>Deus</strong></span> <span class='ocrx_word' id='word_1_652' title='bbox 1203 5013 1543 5085; x_wconf 75' lang='lat' dir='ltr'><strong>diligentibus</strong></span> <span class='ocrx_word' id='word_1_653' title='bbox 1560 5030 1618 5068; x_wconf 83' lang='lat' dir='ltr'><strong>se</strong></span> <span class='ocrx_word' id='word_1_654' title='bbox 1645 5027 1694 5067; x_wconf 76' lang='grc' dir='ltr'><strong>ει.</strong></span> <span class='ocrx_word' id='word_1_655' title='bbox 1732 5012 1899 5070; x_wconf 88' lang='lat' dir='ltr'><strong>Sinus</strong></span> <span class='ocrx_word' id='word_1_656' title='bbox 1932 5022 2115 5071; x_wconf 83' lang='lat' dir='ltr'><strong>autem</strong></span> 
     </span>
    </p>
   </div>
   <div class='ocr_carea' id='block_1_98' title="bbox 517 5105 2115 5177">
    <p class='ocr_par' dir='ltr' id='par_1_98' title="bbox 517 5105 2115 5177">
     <span class='ocr_line' id='line_1_98' title="bbox 517 5105 2115 5177; baseline 0.002 -19"><span class='ocrx_word' id='word_1_657' title='bbox 517 5116 673 5175; x_wconf 71' lang='lat' dir='ltr'><strong>sunt,</strong></span> <span class='ocrx_word' id='word_1_658' title='bbox 710 5115 770 5161; x_wconf 92' lang='lat' dir='ltr'><strong>ut</strong></span> <span class='ocrx_word' id='word_1_659' title='bbox 814 5106 1079 5172; x_wconf 86' lang='lat' dir='ltr'><strong>arbitror,</strong></span> <span class='ocrx_word' id='word_1_660' title='bbox 1120 5105 1557 5163; x_wconf 86' lang='lat' dir='ltr'><strong>beatissimorum</strong></span> <span class='ocrx_word' id='word_1_661' title='bbox 1582 5106 2020 5177; x_wconf 77' lang='lat' dir='ltr'><strong>patriarcharum</strong></span> <span class='ocrx_word' id='word_1_662' title='bbox 2061 5114 2115 5162; x_wconf 91' lang='lat' dir='ltr'><strong>et</strong></span> 
     </span>
    </p>
   </div>
   <div class='ocr_carea' id='block_1_99' title="bbox 520 5196 2117 5270">
    <p class='ocr_par' dir='ltr' id='par_1_99' title="bbox 520 5196 2117 5270">
     <span class='ocr_line' id='line_1_99' title="bbox 520 5196 2117 5270; baseline -0.003 -16"><span class='ocrx_word' id='word_1_663' title='bbox 520 5199 856 5270; x_wconf 82' lang='lat' dir='ltr'><strong>reliquorum</strong></span> <span class='ocrx_word' id='word_1_664' title='bbox 886 5205 1200 5257; x_wconf 77' lang='lat' dir='ltr'><strong>sanctorum</strong></span> <span class='ocrx_word' id='word_1_665' title='bbox 1228 5197 1473 5255; x_wconf 78' lang='lat' dir='ltr'><strong>omnium</strong></span> <span class='ocrx_word' id='word_1_666' title='bbox 1504 5196 1878 5254; x_wconf 79' lang='lat' dir='ltr'><strong>divinissimae</strong></span> <span class='ocrx_word' id='word_1_667' title='bbox 1912 5206 1968 5252; x_wconf 82' lang='lat' dir='ltr'><strong>et</strong></span> <span class='ocrx_word' id='word_1_668' title='bbox 1991 5197 2117 5253; x_wconf 77' lang='lat' dir='ltr'><strong>bea-</strong></span> 
     </span>
    </p>
   </div>
   <div class='ocr_carea' id='block_1_100' title="bbox 1808 5271 2505 5348">
    <p class='ocr_par' dir='ltr' id='par_1_100' title="bbox 1808 5271 2505 5348">
     <span class='ocr_line' id='line_1_100' title="bbox 1808 5271 2505 5348; baseline -0.013 -3"><span class='ocrx_word' id='word_1_669' title='bbox 1808 5287 2065 5347; x_wconf 70' lang='lat' dir='ltr'><strong>VABIAE</strong></span> <span class='ocrx_word' id='word_1_670' title='bbox 2100 5271 2505 5348; x_wconf 70' lang='lat' dir='ltr'><strong>LEC’I‘tUNES.</strong></span> 
     </span>
    </p>
   </div>
   <div class='ocr_carea' id='block_1_101' title="bbox 2149 5382 2576 5451">
    <p class='ocr_par' dir='ltr' id='par_1_101' title="bbox 2149 5382 2576 5451">
     <span class='ocr_line' id='line_1_101' title="bbox 2149 5382 2576 5451; baseline -0.021 -16"><span class='ocrx_word' id='word_1_671' title='bbox 2149 5382 2173 5416; x_wconf 70' lang='grc'><strong>⁸</strong></span> <span class='ocrx_word' id='word_1_672' title='bbox 2192 5382 2235 5445; x_wconf 79' lang='grc' dir='ltr'><strong>Β</strong></span> <span class='ocrx_word' id='word_1_673' title='bbox 2255 5382 2576 5451; x_wconf 76' lang='lat' dir='ltr'><strong>deprecetur.</strong></span> 
     </span>
    </p>
   </div>
   <div class='ocr_carea' id='block_1_102' title="bbox 599 5370 1596 5439">
    <p class='ocr_par' dir='ltr' id='par_1_102' title="bbox 599 5370 1596 5439">
     <span class='ocr_line' id='line_1_102' title="bbox 599 5370 1596 5439; baseline -0.001 -1"><span class='ocrx_word' id='word_1_674' title='bbox 599 5384 611 5415; x_wconf 82' lang='grc'>¹</span> <span class='ocrx_word' id='word_1_675' title='bbox 638 5392 761 5438; x_wconf 77' lang='lat' dir='ltr'><strong>sunt</strong></span> <span class='ocrx_word' id='word_1_676' title='bbox 785 5397 895 5439; x_wconf 87' lang='lat' dir='ltr'><strong>om.</strong></span> <span class='ocrx_word' id='word_1_677' title='bbox 921 5370 1033 5439; x_wconf 73' lang='lat' dir='ltr'><strong>BH.</strong></span> <span class='ocrx_word' id='word_1_678' title='bbox 1106 5384 1131 5419; x_wconf 79' lang='grc'><strong><em>⁸</em></strong></span> <span class='ocrx_word' id='word_1_679' title='bbox 1162 5380 1253 5439; x_wconf 81' lang='lat' dir='ltr'><strong>Eil</strong></span> <span class='ocrx_word' id='word_1_680' title='bbox 1278 5381 1596 5438; x_wconf 77' lang='lat' dir='ltr'><strong>seculorum.</strong></span> 
     </span>
    </p>
   </div>
   <div class='ocr_carea' id='block_1_103' title="bbox 590 5381 2054 5452">
    <p class='ocr_par' dir='ltr' id='par_1_103' title="bbox 590 5381 2054 5452">
     <span class='ocr_line' id='line_1_103' title="bbox 590 5381 2054 5452; baseline 0.001 -14"><span class='ocrx_word' id='word_1_681' title='bbox 590 5384 611 5452; x_wconf 61' lang='grc' dir='ltr'><em>ξ</em></span> <span class='ocrx_word' id='word_1_682' title='bbox 638 5392 761 5438; x_wconf 76' lang='lat' dir='ltr'><strong>sunt</strong></span> <span class='ocrx_word' id='word_1_683' title='bbox 785 5397 895 5439; x_wconf 88' lang='lat' dir='ltr'><strong>om.</strong></span> <span class='ocrx_word' id='word_1_684' title='bbox 921 5381 1033 5439; x_wconf 77' lang='lat' dir='ltr'><strong>BH.</strong></span> <span class='ocrx_word' id='word_1_685' title='bbox 1106 5384 1131 5419; x_wconf 77' lang='grc'><strong><em>⁸</em></strong></span> <span class='ocrx_word' id='word_1_686' title='bbox 1162 5381 1253 5439; x_wconf 83' lang='lat' dir='ltr'><strong>Eii</strong></span> <span class='ocrx_word' id='word_1_687' title='bbox 1278 5381 1596 5438; x_wconf 76' lang='lat' dir='ltr'><strong>seculorum.</strong></span> <span class='ocrx_word' id='word_1_688' title='bbox 1694 5381 1784 5438; x_wconf 72' lang='lat' dir='ltr'><strong>&#39;et</strong></span> <span class='ocrx_word' id='word_1_689' title='bbox 1814 5396 1922 5449; x_wconf 87' lang='lat' dir='ltr'><strong>om,</strong></span> <span class='ocrx_word' id='word_1_690' title='bbox 1944 5382 2054 5440; x_wconf 74' lang='lat' dir='ltr'><strong>AB.</strong></span> 
     </span>
    </p>
   </div>
   <div class='ocr_carea' id='block_1_104' title="bbox 520 5457 765 5517">
    <p class='ocr_par' dir='ltr' id='par_1_104' title="bbox 520 5457 765 5517">
     <span class='ocr_line' id='line_1_104' title="bbox 520 5457 765 5517; baseline -0.02 -4"><span class='ocrx_word' id='word_1_691' title='bbox 520 5457 567 5517; x_wconf 76' lang='grc' dir='ltr'><strong>Ε</strong></span> <span class='ocrx_word' id='word_1_692' title='bbox 604 5458 765 5513; x_wconf 83' lang='lat' dir='ltr'><strong>immo</strong></span> 
     </span>
    </p>
   </div>
   <div class='ocr_carea' id='block_1_105' title="bbox 2213 4517 3792 4615">
    <p class='ocr_par' dir='ltr' id='par_1_105' title="bbox 2213 4517 3792 4615">
     <span class='ocr_line' id='line_1_105' title="bbox 2213 4517 3792 4615; baseline -0.027 -2"><span class='ocrx_word' id='word_1_693' title='bbox 2213 4517 2430 4615; x_wconf 66' lang='lat' dir='ltr'><strong>natum,</strong></span> <span class='ocrx_word' id='word_1_694' title='bbox 2471 4558 2529 4605; x_wconf 88' lang='lat' dir='ltr'><strong>et</strong></span> <span class='ocrx_word' id='word_1_695' title='bbox 2557 4545 2631 4602; x_wconf 82' lang='lat' dir='ltr'><strong>ad</strong></span> <span class='ocrx_word' id='word_1_696' title='bbox 2667 4517 2705 4577; x_wconf 61' lang='grc' dir='ltr'><em>ἶ</em></span> <span class='ocrx_word' id='word_1_697' title='bbox 2730 4517 3022 4598; x_wconf 79' lang='lat' dir='ltr'><strong>militarem</strong></span> <span class='ocrx_word' id='word_1_698' title='bbox 3052 4525 3487 4590; x_wconf 85' lang='lat' dir='ltr'><strong>aestimationem</strong></span> <span class='ocrx_word' id='word_1_699' title='bbox 3536 4517 3792 4615; x_wconf 61' lang='lat' dir='ltr'><strong>veniens,</strong></span> 
     </span>
    </p>
   </div>
   <div class='ocr_carea' id='block_1_106' title="bbox 2213 4605 3797 4706">
    <p class='ocr_par' dir='ltr' id='par_1_106' title="bbox 2213 4605 3797 4706">
     <span class='ocr_line' id='line_1_106' title="bbox 2213 4605 3797 4706; baseline -0.029 -1"><span class='ocrx_word' id='word_1_700' title='bbox 2213 4605 2572 4705; x_wconf 28' lang='lat' dir='ltr'><strong>salii—cientem</strong></span> <span class='ocrx_word' id='word_1_701' title='bbox 2594 4635 2832 4706; x_wconf 78' lang='lat' dir='ltr'><strong>seipsum</strong></span> <span class='ocrx_word' id='word_1_702' title='bbox 2871 4620 3239 4685; x_wconf 80' lang='lat' dir='ltr'><strong>aestimaverit</strong></span> <span class='ocrx_word' id='word_1_703' title='bbox 3271 4618 3339 4673; x_wconf 88' lang='lat' dir='ltr'><strong>ad</strong></span> <span class='ocrx_word' id='word_1_704' title='bbox 3362 4615 3603 4672; x_wconf 84' lang='lat' dir='ltr'><strong>divinum</strong></span> <span class='ocrx_word' id='word_1_705' title='bbox 3633 4605 3797 4706; x_wconf 72' lang='lat' dir='ltr'><strong>collo-</strong></span> 
     </span>
    </p>
   </div>
   <div class='ocr_carea' id='block_1_107' title="bbox 2212 4705 3797 4811">
    <p class='ocr_par' dir='ltr' id='par_1_107' title="bbox 2212 4705 3797 4811">
     <span class='ocr_line' id='line_1_107' title="bbox 2212 4705 3797 4811; baseline -0.031 -15"><span class='ocrx_word' id='word_1_706' title='bbox 2212 4739 2423 4811; x_wconf 87' lang='lat' dir='ltr'><strong>quium,</strong></span> <span class='ocrx_word' id='word_1_707' title='bbox 2461 4741 2517 4788; x_wconf 86' lang='lat' dir='ltr'><strong>et</strong></span> <span class='ocrx_word' id='word_1_708' title='bbox 2558 4705 2776 4786; x_wconf 77' lang='lat' dir='ltr'><strong>sanctos</strong></span> <span class='ocrx_word' id='word_1_709' title='bbox 2823 4712 3233 4787; x_wconf 85' lang='lat' dir='ltr'><strong>contempserit,</strong></span> <span class='ocrx_word' id='word_1_710' title='bbox 3267 4705 3797 4811; x_wconf 33' lang='lat' dir='ltr'><strong>Gallllfl‘lﬂfu‘hibffl-</strong></span> 
     </span>
    </p>
   </div>
   <div class='ocr_carea' id='block_1_108' title="bbox 2219 4786 3799 4898">
    <p class='ocr_par' dir='ltr' id='par_1_108' title="bbox 2219 4786 3799 4898">
     <span class='ocr_line' id='line_1_108' title="bbox 2219 4786 3799 4898; baseline -0.029 -11"><span class='ocrx_word' id='word_1_711' title='bbox 2407 4786 2667 4894; x_wconf 69' lang='lat' dir='ltr'><strong>indignas</strong></span> <span class='ocrx_word' id='word_1_712' title='bbox 2687 4819 2797 4875; x_wconf 80' lang='lat' dir='ltr'><strong>Deo</strong></span> <span class='ocrx_word' id='word_1_713' title='bbox 2823 4821 2879 4871; x_wconf 88' lang='lat' dir='ltr'><strong>et</strong></span> <span class='ocrx_word' id='word_1_714' title='bbox 2902 4826 3013 4867; x_wconf 83' lang='lat' dir='ltr'><strong>non</strong></span> <span class='ocrx_word' id='word_1_715' title='bbox 3041 4786 3227 4863; x_wconf 84' lang='lat' dir='ltr'><strong>sacras</strong></span> <span class='ocrx_word' id='word_1_716' title='bbox 3246 4795 3483 4898; x_wconf 76' lang='lat' dir='ltr'><strong>petierit,</strong></span> <span class='ocrx_word' id='word_1_717' title='bbox 3506 4800 3564 4848; x_wconf 89' lang='lat' dir='ltr'><strong>et</strong></span> 
     </span>
    </p>
   </div>
   <div class='ocr_carea' id='block_1_109' title="bbox 2217 4886 3801 4980">
    <p class='ocr_par' dir='ltr' id='par_1_109' title="bbox 2217 4886 3801 4980">
     <span class='ocr_line' id='line_1_109' title="bbox 2217 4886 3801 4980; baseline -0.028 0"><span class='ocrx_word' id='word_1_718' title='bbox 2217 4886 2361 4980; x_wconf 80' lang='lat' dir='ltr'><strong>rium</strong></span> <span class='ocrx_word' id='word_1_719' title='bbox 2385 4886 2583 4977; x_wconf 74' lang='lat' dir='ltr'><strong>divinis</strong></span> <span class='ocrx_word' id='word_1_720' title='bbox 2610 4928 2718 4970; x_wconf 90' lang='lat' dir='ltr'><strong>non</strong></span> <span class='ocrx_word' id='word_1_721' title='bbox 2747 4907 3156 4966; x_wconf 81' lang='lat' dir='ltr'><strong>corroboratum</strong></span> <span class='ocrx_word' id='word_1_722' title='bbox 3204 4891 3457 4980; x_wconf 83' lang='lat' dir='ltr'><strong>habuerit</strong></span> <span class='ocrx_word' id='word_1_723' title='bbox 3485 4897 3542 4945; x_wconf 90' lang='lat' dir='ltr'><strong>et</strong></span> <span class='ocrx_word' id='word_1_724' title='bbox 3582 4886 3801 4980; x_wconf 74' lang='lat' dir='ltr'><strong>sibimet</strong></span> 
     </span>
    </p>
   </div>
   <div class='ocr_carea' id='block_1_110' title="bbox 2218 4975 3800 5082">
    <p class='ocr_par' dir='ltr' id='par_1_110' title="bbox 2218 4975 3800 5082">
     <span class='ocr_line' id='line_1_110' title="bbox 2218 4975 3800 5082; baseline -0.028 -10"><span class='ocrx_word' id='word_1_725' title='bbox 2218 4975 2580 5082; x_wconf 45' lang='lat' dir='ltr'><strong>cit—nsciiuens,</strong></span> <span class='ocrx_word' id='word_1_726' title='bbox 2632 5006 2995 5070; x_wconf 84' lang='lat' dir='ltr'><strong>consequetur</strong></span> <span class='ocrx_word' id='word_1_727' title='bbox 3021 5008 3120 5065; x_wconf 88' lang='lat' dir='ltr'><strong>per</strong></span> <span class='ocrx_word' id='word_1_728' title='bbox 3145 4989 3381 5058; x_wconf 86' lang='lat' dir='ltr'><strong>scipsum</strong></span> <span class='ocrx_word' id='word_1_729' title='bbox 3430 4975 3800 5082; x_wconf 46' lang='lat' dir='ltr'><strong>indisciplina:</strong></span> 
     </span>
    </p>
   </div>
   <div class='ocr_carea' id='block_1_111' title="bbox 2220 5074 3799 5174">
    <p class='ocr_par' dir='ltr' id='par_1_111' title="bbox 2220 5074 3799 5174">
     <span class='ocr_line' id='line_1_111' title="bbox 2220 5074 3799 5174; baseline -0.028 -11"><span class='ocrx_word' id='word_1_730' title='bbox 2220 5107 2383 5164; x_wconf 82' lang='lat' dir='ltr'><strong>bilem</strong></span> <span class='ocrx_word' id='word_1_731' title='bbox 2404 5074 2757 5173; x_wconf 29' lang='lat' dir='ltr'><strong>“petitionem.</strong></span> <span class='ocrx_word' id='word_1_732' title='bbox 2815 5090 2892 5154; x_wconf 81' lang='lat' dir='ltr'><strong>De</strong></span> <span class='ocrx_word' id='word_1_733' title='bbox 2929 5087 3075 5145; x_wconf 87' lang='lat' dir='ltr'><strong>dicta</strong></span> <span class='ocrx_word' id='word_1_734' title='bbox 3121 5090 3303 5174; x_wconf 73' lang='lat' dir='ltr'><strong>autem</strong></span> <span class='ocrx_word' id='word_1_735' title='bbox 3333 5074 3598 5174; x_wconf 74' lang='lat' dir='ltr'><strong>oratione.</strong></span> <span class='ocrx_word' id='word_1_736' title='bbox 3634 5078 3799 5174; x_wconf 66' lang='lat' dir='ltr'><strong>quam</strong></span> 
     </span>
    </p>
   </div>
   <div class='ocr_carea' id='block_1_112' title="bbox 2219 5165 3867 5254">
    <p class='ocr_par' dir='ltr' id='par_1_112' title="bbox 2219 5165 3867 5254">
     <span class='ocr_line' id='line_1_112' title="bbox 2219 5165 3867 5254; baseline -0.028 0"><span class='ocrx_word' id='word_1_737' title='bbox 2219 5165 2465 5254; x_wconf 73' lang='lat' dir='ltr'><strong>summus</strong></span> <span class='ocrx_word' id='word_1_738' title='bbox 2500 5186 2755 5247; x_wconf 77' lang='lat' dir='ltr'><strong>sacerdos</strong></span> <span class='ocrx_word' id='word_1_739' title='bbox 2801 5183 3088 5253; x_wconf 78' lang='lat' dir='ltr'><strong>supererat</strong></span> <span class='ocrx_word' id='word_1_740' title='bbox 3127 5165 3439 5234; x_wconf 87' lang='lat' dir='ltr'><strong>dormienti,</strong></span> <span class='ocrx_word' id='word_1_741' title='bbox 3492 5165 3547 5219; x_wconf 90' lang='lat' dir='ltr'><strong>in</strong></span> <span class='ocrx_word' id='word_1_742' title='bbox 3577 5173 3678 5217; x_wconf 78' lang='lat' dir='ltr'><strong>nos</strong></span> <span class='ocrx_word' id='word_1_743' title='bbox 3710 5170 3803 5211; x_wconf 76' lang='lat' dir='ltr'><strong>ve-</strong></span> <span class='ocrx_word' id='word_1_744' title='bbox 3855 5222 3867 5235; x_wconf 81' lang='lat'>_</span> 
     </span>
    </p>
   </div>
   <div class='ocr_carea' id='block_1_113' title="bbox 2664 5343 3805 5422">
    <p class='ocr_par' dir='ltr' id='par_1_113' title="bbox 2664 5343 3805 5422">
     <span class='ocr_line' id='line_1_113' title="bbox 2664 5343 3805 5422; baseline -0.026 2"><span class='ocrx_word' id='word_1_745' title='bbox 2664 5368 2688 5403; x_wconf 83' lang='lat'><strong>&#39;</strong></span> <span class='ocrx_word' id='word_1_746' title='bbox 2720 5365 2809 5422; x_wconf 81' lang='lat' dir='ltr'><strong>BI]</strong></span> <span class='ocrx_word' id='word_1_747' title='bbox 2829 5363 2991 5421; x_wconf 79' lang='lat' dir='ltr'><strong>enim.</strong></span> <span class='ocrx_word' id='word_1_748' title='bbox 3068 5358 3091 5390; x_wconf 84' lang='grc'><strong>⁸</strong></span> <span class='ocrx_word' id='word_1_749' title='bbox 3116 5353 3210 5412; x_wconf 84' lang='lat' dir='ltr'><strong>BII</strong></span> <span class='ocrx_word' id='word_1_750' title='bbox 3232 5349 3374 5410; x_wconf 84' lang='lat' dir='ltr'><strong>tradi</strong></span> <span class='ocrx_word' id='word_1_751' title='bbox 3470 5345 3493 5382; x_wconf 82' lang='lat'><strong>’</strong></span> <span class='ocrx_word' id='word_1_752' title='bbox 3527 5343 3637 5400; x_wconf 83' lang='lat' dir='ltr'><strong>Pro</strong></span> <span class='ocrx_word' id='word_1_753' title='bbox 3657 5347 3805 5401; x_wconf 60' lang='lat' dir='ltr'><strong>eiad</strong></span> 
     </span>
    </p>
   </div>
   <div class='ocr_carea' id='block_1_114' title="bbox 2101 5522 2327 5616">
    <p class='ocr_par' dir='ltr' id='par_1_114' title="bbox 2101 5522 2327 5616">
     <span class='ocr_line' id='line_1_114' title="bbox 2101 5522 2327 5616; baseline -0.04 -33"><span class='ocrx_word' id='word_1_754' title='bbox 2101 5522 2327 5616; x_wconf 46' lang='lat' dir='ltr'><strong>SOTAE.</strong></span> 
     </span>
    </p>
   </div>
   <div class='ocr_carea' id='block_1_115' title="bbox 603 5615 1369 5683">
    <p class='ocr_par' dir='ltr' id='par_1_115' title="bbox 603 5615 1369 5683">
     <span class='ocr_line' id='line_1_115' title="bbox 603 5615 1369 5683; baseline 0 -11"><span class='ocrx_word' id='word_1_755' title='bbox 603 5630 630 5660; x_wconf 80' lang='grc' dir='ltr'>ιι</span> <span class='ocrx_word' id='word_1_756' title='bbox 664 5615 767 5673; x_wconf 85' lang='lat' dir='ltr'><strong>Isa.</strong></span> <span class='ocrx_word' id='word_1_757' title='bbox 807 5616 1003 5683; x_wconf 65' lang='lat' dir='ltr'><strong>LXIV;</strong></span> <span class='ocrx_word' id='word_1_758' title='bbox 1034 5616 1200 5674; x_wconf 88' lang='lat' dir='ltr'><strong>lCor.</strong></span> <span class='ocrx_word' id='word_1_759' title='bbox 1222 5619 1285 5680; x_wconf 88' lang='lat' dir='ltr'><strong>II,</strong></span> <span class='ocrx_word' id='word_1_760' title='bbox 1316 5621 1369 5675; x_wconf 88' lang='lat'><strong>9.</strong></span> 
     </span>
    </p>
   </div>
   <div class='ocr_carea' id='block_1_116' title="bbox 597 5683 2105 5753">
    <p class='ocr_par' dir='ltr' id='par_1_116' title="bbox 597 5683 2105 5753">
     <span class='ocr_line' id='line_1_116' title="bbox 597 5683 2105 5753; baseline -0.003 -8"><span class='ocrx_word' id='word_1_761' title='bbox 597 5694 625 5725; x_wconf 73' lang='lat'><strong><em>&quot;</em></strong></span> <span class='ocrx_word' id='word_1_762' title='bbox 655 5689 778 5745; x_wconf 76' lang='lat' dir='ltr'><strong>Job.</strong></span> <span class='ocrx_word' id='word_1_763' title='bbox 798 5686 1001 5753; x_wconf 73' lang='lat' dir='ltr'><strong>XXIX;</strong></span> <span class='ocrx_word' id='word_1_764' title='bbox 1028 5689 1133 5746; x_wconf 83' lang='lat' dir='ltr'><strong>Ose</strong></span> <span class='ocrx_word' id='word_1_765' title='bbox 1158 5689 1235 5751; x_wconf 87' lang='lat' dir='ltr'><strong>II:</strong></span> <span class='ocrx_word' id='word_1_766' title='bbox 1263 5689 1280 5745; x_wconf 92' lang='grc' dir='ltr'><strong>Ι</strong></span> <span class='ocrx_word' id='word_1_767' title='bbox 1305 5688 1428 5744; x_wconf 86' lang='lat' dir='ltr'><strong>Cor.</strong></span> <span class='ocrx_word' id='word_1_768' title='bbox 1452 5687 1520 5750; x_wconf 68' lang='grc' dir='ltr'><strong>Υ,</strong></span> <span class='ocrx_word' id='word_1_769' title='bbox 1541 5689 1636 5753; x_wconf 84' lang='lat' dir='ltr'><strong>l0;</strong></span> <span class='ocrx_word' id='word_1_770' title='bbox 1660 5689 1681 5743; x_wconf 88' lang='lat' dir='ltr'><strong>I</strong></span> <span class='ocrx_word' id='word_1_771' title='bbox 1707 5684 1839 5753; x_wconf 70' lang='lat' dir='ltr'><strong>Reg.</strong></span> <span class='ocrx_word' id='word_1_772' title='bbox 1860 5683 2105 5752; x_wconf 74' lang='lat' dir='ltr'><strong>XXVIII;</strong></span> 
     </span>
    </p>
   </div>
   <div class='ocr_carea' id='block_1_117' title="bbox 525 5754 2107 5845">
    <p class='ocr_par' dir='ltr' id='par_1_117' title="bbox 525 5754 2107 5845">
     <span class='ocr_line' id='line_1_117' title="bbox 525 5754 2107 5845; baseline -0.002 -28"><span class='ocrx_word' id='word_1_773' title='bbox 525 5760 695 5825; x_wconf 62' lang='lat' dir='ltr'><strong>Exod.</strong></span> <span class='ocrx_word' id='word_1_774' title='bbox 743 5758 901 5825; x_wconf 71' lang='lat' dir='ltr'><strong>XVII,</strong></span> <span class='ocrx_word' id='word_1_775' title='bbox 944 5759 1160 5845; x_wconf 61' lang='grc' dir='ltr'><strong>ῙξΧΧΙΙ,</strong></span> <span class='ocrx_word' id='word_1_776' title='bbox 1203 5758 1455 5827; x_wconf 76' lang='lat' dir='ltr'><strong>XXXIII;</strong></span> <span class='ocrx_word' id='word_1_777' title='bbox 1489 5758 1644 5816; x_wconf 80' lang='lat' dir='ltr'><strong>Num.</strong></span> <span class='ocrx_word' id='word_1_778' title='bbox 1679 5756 1771 5824; x_wconf 72' lang='lat' dir='ltr'><strong>XI,</strong></span> <span class='ocrx_word' id='word_1_779' title='bbox 1800 5754 1940 5824; x_wconf 76' lang='lat' dir='ltr'><strong>XIV,</strong></span> <span class='ocrx_word' id='word_1_780' title='bbox 1969 5755 2107 5822; x_wconf 74' lang='lat' dir='ltr'><strong>XVI.</strong></span> 
     </span>
    </p>
   </div>
   <div class='ocr_carea' id='block_1_118' title="bbox 2224 5589 3161 5736">
    <p class='ocr_par' dir='ltr' id='par_1_118' title="bbox 2224 5589 3161 5736">
     <span class='ocr_line' id='line_1_118' title="bbox 2224 5589 3161 5736; baseline -0.026 -66"><span class='ocrx_word' id='word_1_781' title='bbox 2224 5610 2451 5736; x_wconf 40' lang='lat' dir='ltr'><strong>XXBII;</strong></span> <span class='ocrx_word' id='word_1_782' title='bbox 2486 5607 2641 5730; x_wconf 49' lang='grc' dir='ltr'><strong>Ῑίςιιί.</strong></span> <span class='ocrx_word' id='word_1_783' title='bbox 2669 5603 2713 5669; x_wconf 91' lang='lat' dir='ltr'><strong>l,</strong></span> <span class='ocrx_word' id='word_1_784' title='bbox 2749 5599 2849 5667; x_wconf 78' lang='lat' dir='ltr'><strong>IX;</strong></span> <span class='ocrx_word' id='word_1_785' title='bbox 2896 5594 3039 5652; x_wconf 87' lang='lat' dir='ltr'><strong>Psal.</strong></span> <span class='ocrx_word' id='word_1_786' title='bbox 3074 5589 3161 5648; x_wconf 81' lang='lat' dir='ltr'><strong>CV</strong></span> 
     </span>
     <span class='ocr_line' id='line_1_119' title="bbox 2293 5696 2569 5736; baseline -0.029 2"><span class='ocrx_word' id='word_1_787' title='bbox 2293 5696 2311 5721; x_wconf 75' lang='grc' dir='ltr'><strong>ε</strong></span> <span class='ocrx_word' id='word_1_788' title='bbox 2388 5696 2470 5736; x_wconf 87' lang='lat' dir='ltr'><strong>ac.</strong></span> <span class='ocrx_word' id='word_1_789' title='bbox 2554 5718 2569 5730; x_wconf 91' lang='lat'><strong>.</strong></span> 
     </span>
    </p>
   </div>
   <div class='ocr_carea' id='block_1_119' title="bbox 2293 5696 2569 5736">
    <p class='ocr_par' dir='ltr' id='par_1_119' title="bbox 2293 5696 2569 5736">
     <span class='ocr_line' id='line_1_120' title="bbox 2293 5696 2569 5736; baseline -0.025 0"><span class='ocrx_word' id='word_1_790' title='bbox 2293 5696 2311 5721; x_wconf 68' lang='grc' dir='ltr'><strong>ε</strong></span> <span class='ocrx_word' id='word_1_791' title='bbox 2353 5696 2470 5736; x_wconf 69' lang='lat' dir='ltr'><strong>J20.</strong></span> <span class='ocrx_word' id='word_1_792' title='bbox 2510 5696 2569 5730; x_wconf 77' lang='grc' dir='ltr'><strong>ὶ.</strong></span> 
     </span>
    </p>
   </div>
  </div>
