4210 6240
453 294 582 356 ΗΜ

1807 293 2119 375 ,ιοΑκιιιε
2156 295 2355 358 SCOTI

3587 303 3724 362 HI!

452 409 1103 490 aliiahrenuntiationem
1128 410 1314 467 dicunt
1347 419 1399 464 et
1429 423 1613 464 sacras
1642 405 2030 465 confessiones.
2067 415 2112 475 Α
2143 415 2511 470 nuntiationes
2547 422 2641 471 aut
2669 429 2858 473 sacras
2883 415 3252 476 confessiones
3281 417 3444 487 facio,
3477 421 3572 476 sed
3598 423 3720 492 quia

449 509 678 574 Oportet
709 510 886 557 autem
919 514 1065 558 tuam
1103 500 1465 558 icrarchieam
1491 499 1900 571 intelligentiam
1930 515 2037 555 non

391 653 405 660 _
452 598 727 670 angustari
757 597 811 651 in
831 594 1278 660 ert-siittibus,SetI
1297 605 1350 651 et
1375 594 1570 649 timens
1593 592 1751 649 simul
1775 599 2036 649 eteorum

451 687 791 744 lucidueatus
844 688 1019 760 gratia
1053 687 1284 760 diligens
1333 686 1624 760 defendere
1651 686 1914 742 adversus
1940 701 2040 756 pro

451 782 531 835 eis
559 780 798 850 prolatas
843 780 1088 844 insidias,
1116 788 1506 850 praponentem
1552 789 1609 834 et
1638 779 1739 834 hoc
1762 775 1916 847 juxta
1963 777 2042 834 Ie-

451 889 570 940 gem
601 871 859 939 ditiuam,
889 881 1154 942 quantum
1181 888 1288 926 non
1313 872 1366 926 in
1388 880 1574 926 nostra
1603 869 1831 926 scientia
1857 869 2040 925 omnia

451 965 634 1020 divina
657 965 1201 1030 circumscribuntur,
1244 963 1410 1018 multa
1435 973 1613 1017 autem
1643 978 1672 1015 a
1701 960 1855 1016 nobis
1885 953 2039 1032 igno-

451 1067 630 1112 torum
655 1072 850 1114 Causas
896 1057 1095 1112 habent
1122 1057 1358 1124 divinas,
1387 1057 1542 1112 nobis
1555 1057 1774 1127 quidem
1806 1056 2037 1126 ignotas,
2057 1095 2070 1104 υ

450 1137 609 1204 notas
637 1164 767 1204 vero
795 1158 1038 1203 nostrum
1069 1148 1385 1206 melioribus
1414 1148 1717 1204 ordinibus.
1745 1148 1913 1202 Multa
1945 1163 2043 1202 au-

451 1255 566 1296 tem
616 1250 672 1296 et
721 1241 1118 1296 excelsissimus
1173 1239 1440 1297 essentias
1497 1239 1722 1306 latuere,
1757 1249 1812 1294 et
1861 1256 1892 1294 a
1926 1241 2038 1296 sola

451 1324 738 1404 diligenter
753 1333 984 1402 .cognita
1016 1341 1142 1388 sunt
1167 1331 1592 1402 ‘Sapientissima
1618 1340 1674 1386 et
1700 1331 2038 1402 sapientilica

450 1425 752 1482 thearchia.
802 1427 1168 1482 Vcrontamen
1211 1425 1336 1496 quia
1369 1431 1424 1478 et
1459 1425 1527 1479 de
1555 1424 1658 1481 hoc
1697 1437 1760 1478 ea
1788 1423 2040 1490 dicimus,

448 1533 590 1588 quae
609 1516 827 1588 quidem
857 1516 1151 1573 dciformes
1175 1517 1350 1572 nostri
1385 1516 1563 1572 sancti
1590 1514 1947 1586 perfectores,
1975 1517 2042 1573 ab

449 1611 672 1680 antiqua
701 1609 898 1665 eruditi
944 1609 1255 1674 traditione,
1285 1609 1339 1664 in
1359 1625 1460 1664 nos
1487 1607 1850 1664 adducebant.
1876 1606 2044 1663 Aiunt

445 1703 616 1770 enim,
640 1703 782 1774 quod
802 1703 1018 1774 quidem
1046 1712 1131 1757 est
1157 1719 1367 1768 verum,
1391 1703 1518 1774 quia
1545 1703 1841 1759 secundum
1869 1701 2042 1774 legero

2139 521 2275 575 puer
2290 504 2670 578 abi-enuntiat:
2701 509 2803 564 hoc
2827 521 2930 575 est,
2963 510 3226 566 conﬁteor
3253 527 3479 583 puerum
3501 515 3723 571 credere

2141 598 2196 652 in
2246 612 2462 654 sacrum
2525 614 2746 656 sensum
2803 601 3106 658 venientem
3155 605 3358 660 nostris
3403 605 3664 678 anagogis
3703 624 3719 664 :

2141 691 2652 746 ain'enuntiaturum
2701 693 2920 764 quidem
2971 695 3354 752 universaliter
3396 699 3772 766 contrariis,-

2141 781 2388 836 coniiteri
2409 791 2591 838 autem
2611 791 2666 838 et
2690 784 2907 854 operari
2931 785 3140 841 divinas
3166 785 3556 844 confessiones.
3579 764 3733 846 Nihil.

2141 885 2290 943 ergo,
2308 882 2366 928 ut
2393 875 2646 941 aestimo,
2665 875 3078 946 inconsequens,
3096 883 3142 933 si
3169 879 3462 942 secundum
3486 881 3723 938 divinam

2141 979 2277 1035 puer
2317 979 2598 1036 anagogen
2646 967 2928 1032 educatur,
2958 967 3152 1024 ducem
3187 979 3243 1024 et
3269 972 3606 1026 a‘nadoclmm
3634 986 3723 1026 sa-

2141 1074 2294 1114 crum
2340 1057 2566 1123 habens,
2597 1057 2842 1112 habitum
2871 1057 2974 1113 sibi
3005 1059 3307 1114 divinorum
3337 1059 3721 1128 iusinuantem,

2141 1157 2199 1203 et
2245 1148 2522 1204 custodem
2563 1163 2596 1202 a
2641 1141 2932 1203 contrariis
2975 1149 3232 1220 peritum.
3291 1149 3479 1205 Tradit
3541 1159 3721 1207 autem

2143 1257 2314 1313 puero
2359 1239 2531 1297 sacris
2565 1240 2826 1313 symbolis
2870 1257 3112 1298 summus
3150 1242 3428 1321 sacerdos,
3470 1251 3526 1297 ut
3560 1242 3614 1297 in
3643 1242 3724 1298 eis

2143 1323 2524 1398 conversetur,
2537 1341 2590 1386 et
2605 1347 2782 1403 neque
2801 1332 3064 1387 formetur
3077 1331 3144 1386 ad
3163 1331 3327 1386 vitam
3348 1332 3598 1398 alteram,
3621 1332 3725 1386 nisi

2145 1427 2324 1484 divina
2346 1423 2804 1493 contemplantem
2825 1423 2848 1455 ³
2863 1438 3095 1494 seraper,
3115 1433 3168 1477 ct
3189 1422 3620 1480 connuunionem
3639 1438 3726 1480 eo-

2143 1535 2265 1577 rum
2281 1519 2334 1574 in
2348 1518 2680 1590 profectibus
2697 1518 2898 1576 sanctis
2911 1515 3135 1585 factam,
3149 1517 3500 1590 habitumque
3511 1533 3722 1573 sacrum

2143 1614 2199 1670 in
2235 1614 2315 1670 eis
2355 1613 2572 1678 fortem,
2599 1611 2997 1684 educatumque
3023 1610 3246 1681 pulchre
3266 1608 3292 1644 ³
3323 1625 3354 1664 a
3382 1611 3562 1666 divino
3590 1627 3718 1666 ana-

2143 1704 2338 1760 doeho.
2365 1703 2558 1767 Tanta,
2591 1717 2625 1757 o
2644 1715 2802 1774 piter,
2824 1711 2880 1756 et
2910 1701 2992 1757 sic
3016 1701 3158 1757 bona
3179 1709 3397 1756 nostrae
3422 1699 3726 1755 lerarchiae

446 1794 690 1848 divinam
750 1793 958 1849 reducti
1002 1793 1237 1854 infantes
1291 1793 1358 1848 sd
1399 1793 1642 1849 habitum
1691 1808 1906 1848 sacrum
1941 1807 2040 1849 ve-
2071 1777 2114 1834 Β
2143 1799 2395 1855 videntur
2438 1795 2573 1852 mihi
2599 1791 2890 1851 uniformia
2917 1792 3230 1866 spectacula
3257 1792 3299 1846 '.
3351 1791 3435 1847 Ab
3462 1790 3586 1847 aliis
3629 1803 3725 1846 au-

447 1886 602 1939 nicot
654 1885 802 1940 omni
855 1884 1172 1955 perﬁciendi
1222 1899 1409 1940 errore
1453 1893 1509 1940 et
1575 1884 1854 1939 immunda
1903 1883 2034 1941 vita.

446 1975 782 2047 Multumque
834 1978 935 2032 hoc
979 1975 1176 2032 divinis
1207 1975 1412 2030 nostris
1454 1973 1679 2030 ducibus
1705 1975 1760 2030 in
1792 1974 2034 2030 animum

446 2071 690 2134 veniens,
717 2069 1086 2140 probaverunt
1106 2067 1274 2138 recipi
1304 2065 1862 2128 inl'antessecundum
1889 2065 2037 2137 hunc

444 2177 659 2216 sacrum
703 2161 941 2226 modum.
973 2161 1160 2230 Itaque
1193 2158 1471 2214 naturales
1529 2156 1831 2213 adducendi
1879 2157 2036 2228 pueri

444 2262 700 2322 parentes
755 2251 973 2305 tradere
1003 2264 1226 2319 puerum
1270 2241 1486 2304 cuidam
1509 2247 1846 2303 eruditorum
1866 2245 2035 2302 bono-

447 2360 570 2398 rtnu
599 2343 780 2398 divina
804 2343 1202 2413 pacdagogo,et
1223 2341 1288 2396 de
1309 2349 1496 2398 cetero
1516 2356 1546 2395 a
1566 2355 1624 2397 se
1639 2350 1894 2411 lpuerum
1912 2354 2038 2409 per-

443 2433 578 2498 licit,
611 2442 866 2502 tanquam
898 2447 928 2486 a
952 2433 973 2464 ³
1000 2431 1180 2488 divino
1205 2430 1366 2486 Patre
1393 2440 1448 2486 et
1473 2430 1662 2486 salutis
1689 2445 1878 2486 sacrae
1909 2445 2045 2486 ana-

443 2523 642 2578 docbo.
708 2521 861 2576 Hunc
902 2537 1032 2592 ergo
1083 2535 1329 2578 summus
1380 2521 1635 2576 sacerdos
1691 2521 2037 2575 conﬁtentem

438 2609 594 2681 juxta
647 2610 887 2676 divinam
918 2613 1154 2668 educare
1179 2625 1406 2682 puerum
1429 2611 1620 2677 vitam,
1653 2610 1849 2682 repetit
1876 2611 2041 2666 abre-

443 2701 821 2757 nuntiationes
845 2703 1095 2758 confiteri
1116 2713 1171 2758 et
1189 2717 1376 2758 sacras
1401 2699 1792 2768 confessiones,
1817 2717 1948 2767 non,
1981 2708 2041 2754 ut

443 2795 520 2850 illi
546 2793 730 2851 forsan
746 2795 984 2853 ridentes
1006 2797 1280 2862 dixerunt,
1304 2795 1465 2850 alium
1490 2811 1589 2867 pro
1615 2795 1722 2850 alio
1737 2793 1918 2850 divina
1942 2792 2040 2846 do-

443 2901 596 2943 cens.
625 2885 813 2959 Neque
847 2889 995 2947 enim
1025 2889 1130 2945 hoc
1157 2888 1234 2943 ait
1257 2889 1339 2944 sic
1368 2905 1383 2942 :
1416 2886 1522 2943 Pro
1548 2902 1716 2960 puero
1741 2901 1840 2958 ego
1871 2883 2030 2941 abre-

2141 1901 2248 1949 tem
2291 1889 2542 1947 similiter
2580 1887 2843 1944 intentius
2877 1886 2900 1919 ⁸
2940 1887 3123 1942 animo
3165 1901 3274 1940 non
3327 1884 3462 1940 haec
3516 1892 3724 1940 tantum

2138 1985 2254 2041 visa
2283 1991 2430 2049 sunt,
2462 1979 2726 2036 lucidiora
2751 1988 2930 2033 autem
2967 1977 3136 2040 inulta
3177 1985 3232 2030 et
3264 1973 3633 2030 deiformiora.
3658 1972 3726 2028 Et

2140 2077 2262 2143 tibi,
2287 2084 2346 2132 ut
2371 2073 2628 2136 arbitror,
2654 2073 2877 2128 eninino
2922 2071 3179 2125 lucebunt
3199 2065 3592 2140 splendidiores
3613 2066 3722 2122 for-

2139 2185 2280 2236 mae,
2335 2177 2390 2226 et
2439 2165 2796 2224 divinissimis
2842 2164 3002 2222 dictis
3031 2163 3088 2219 in
3117 2158 3724 2232 ascensionibusaitenti

2142 2267 2210 2320 ad
2266 2260 2619 2318 excelsiorem
2669 2257 2901 2314 radium.
2956 2255 3132 2311 Trade
3159 2254 3342 2326 igitur,
3379 2269 3412 2307 ο
3444 2251 3638 2315 antice,
3669 2259 3726 2306 et

2142 2355 2258 2426 ipse
2300 2351 2433 2410 mihi
2483 2347 2867 2421 perfectiorem
2915 2343 3383 2406 illuminatioaem,
3410 2351 3464 2397 et
3500 2340 3725 2397 ostende

2142 2444 2279 2503 meis
2326 2441 2499 2500 oculis
2525 2450 2876 2513 quascunque
2925 2437 3106 2492 videre
3152 2435 3353 2506 poteris
3387 2432 3724 2504 pulchriores

2141 2539 2344 2594 formas
2371 2543 2428 2591 et
2447 2533 2846 2591 uniformiores.
2879 2529 3106 2586 Confido
3136 2526 3284 2583 enim
3310 2519 3434 2595 ego,
3457 2525 3584 2596 quia
3615 2524 3719 2589 his,

2139 2647 2279 2702 quae
2307 2629 2451 2684 dicta
2489 2636 2635 2691 sunt,
2679 2623 2948 2695 repositos
2981 2623 3034 2676 in
3075 2631 3127 2677 te
3155 2619 3323 2676 divini
3364 2619 3504 2692 ignis
3530 2631 3724 2673 ascen-
3809 2609 3815 2612 ’

2140 2723 2274 2776 deus
2309 2731 2480 2790 usque
2531 2705 2778 2788 vapores.
2819 2712 3048 2785 Explicit
3099 2711 3228 2766 liber
3275 2710 3340 2766 de
3366 2707 3716 2766 ecclesiastica

2139 2814 2429 2871 Ierarclzia.
3093 2843 3102 2848 -
3574 2823 3581 2830 '

913 3150 1440 3272 SANCTI
1523 3149 2186 3270 DIONYSII
2260 3068 3246 3264 AREOPAGITAE

1670 3431 1983 3512 LIBER
2032 3429 2514 3510 TERTIUS.

705 3675 986 3836 DE
1119 3551 2000 3859 DIViNIS
2132 3674 3430 3836 NOMINIBUS.

443 3990 852 4071 Epigramma
901 3989 964 4050 ῖη
1000 3984 1641 4071 ένςςιιτιιηιύίοηυείιιιη
1687 3989 1758 4050 dc
1791 3987 2026 4050 divinis
2057 3995 2102 4058 C
2135 3989 3718 4071 “:29avie?»_Br!!*9°:-.b°992_3"12'a_effe“:13193-9!

1031 4068 1429 4131 Nominibus.

442 4189 518 4244 Att
541 4189 772 4244 animum
798 4189 1043 4259 splendor
1065 4191 1117 4244 in
1139 4190 1344 4246 divinas
1365 4189 1666 4260 Scriptores
1691 4190 2044 4260 milietingens

523 4259 722 4328 formas
765 4261 1101 4314 varietatibus
1137 4277 1290 4315 sacra
1320 4259 1555 4331 nomina,
1590 4272 1638 4314 et
1665 4273 1779 4331 post
1821 4259 2036 4314 stultam

521 4342 738 4383 mortem
803 4333 1050 4386 vitalibus
1117 4332 1404 4401 sapientiae
1453 4329 1674 4401 eloquzis
1731 4331 2038 4385 sonantibus

517 4401 720 4454 divinos
752 4401 1137 4469 manifestarius
1169 4401 1410 4470 hymnos.

520 4513 960 4591 βωηρνρεὺψειο
987 4514 1274 4572 Tiuoruso
1303 4515 1588 4574 Dtosvstus
1615 4517 1901 4586 presbyter.
1925 4517 1946 4547 ⁷

515 4625 832 4678 INCII’IUNT
856 4626 1168 4678 CAPITULA
1194 4628 1274 4679 DE
1291 4627 1532 4680 DIVINIS
1555 4627 1906 4679 NGMINIBUS
1923 4629 1966 4676 ⁸.

447 4730 486 4779 ι.
510 4734 649 4840 8m?
771 4734 972 4806 rationis
996 4734 1352 4798 interpretatio,
1391 4741 1444 4784 et
1463 4745 1590 4795 quae
1617 4732 1790 4782 divinis
1813 4731 2024 4782 nomini-

543 4806 600 4840 αδ
645 4808 692 4840 fit
733 4806 835 4840 illo.

452 4796 847 4906 ΗΡ
866 4855 1080 4906 discreta
1103 4857 1370 4918 theologia.
1389 4863 1438 4906 et
1455 4869 1583 4918 quae
1599 4859 1667 4906 sit
1687 4855 1850 4904 divina
1869 4855 2028 4904 unitas

512 4935 538 4960 ιτ
647 4930 655 4938 “
681 4953 685 4960 .

451 4920 1070 5036 Πιιὸῗξῖιεὲἓοηιιὶοηὶς
1093 4982 1262 5040 virtus,
1291 4989 1343 5028 et
1361 4985 1426 5029 de
1448 4979 1595 5030 beato
1617 4977 1868 5038 Ierotheo,
1893 4983 1946 5026 ct
1966 4976 2032 5027 de

510 5042 763 5091 τίνει-εειιί
789 5049 840 5092 et
860 5041 1420 5105 coarseriptatbeolwgia.

2201 4053 2314 4111 quia
2345 4055 2523 4102 malum
2561 4066 2726 4116 neque
2768 4061 2866 4116 est,
2893 4066 3056 4115 neque
3081 4065 3144 4102 ex
3161 4053 3247 4102 4ο
3278 4055 3406 4114 quod
3434 4063 3528 4113 est,
3552 4053 3713 4117 neQue

2206 4117 2254 4163 in
2274 4117 2619 4163 existentibus.

2139 4173 2574 4285 lliterne
2601 4189 2649 4225 tu
2671 4188 2789 4239 quo,
2815 4183 2867 4226 ct
2904 4175 2968 4226 de
2985 4173 3400 4238 paradigmatibus

2212 4274 2224 4285 .
2243 4245 2316 4285 UP.
2342 4245 2450 4288 Vili.

2139 4297 2342 4362 ){iLDe
2366 4296 2927 4362 sapientia,intellectu,
2952 4299 3160 4362 ratione,
3185 4297 3413 4362 veritate,
3443 4299 3555 4362 fide.

2142 4357 2274 4409 νιιι.
2301 4360 2372 4410 De
2401 4357 2601 4417 virtute,
2626 4361 2830 4424 iustitia,
2854 4361 3044 4420 salute,
3070 4357 3408 4422 redemptione
3425 4361 3517 4420 ,‘in
3542 4372 3638 4424 quo
3661 4368 3715 4412 et

2202 4424 2272 4484 de,
2291 4424 2658 4484 inaequalitate.

3673 4297 3702 4308 Ι

2119 4480 2218 4532 1x.
2256 4483 2331 4532 De
2354 4480 2551 4546 ma'gno,
2579 4495 2745 4546 parvo.
2772 4483 2968 4544 eodem,
2993 4480 3168 4544 altero,
3192 4482 3358 4542 simili,
3397 4483 3616 4532 dissimili
3643 4483 3712 4546 ιο,

2197 4551 2342 4602 statu,
2367 4543 2520 4606 nto'tu,
2539 4543 2864 4607 ’sequaiitate.

2133 4602 2194 4655 X.
2221 4608 2293 4656 De
2308 4602 2652 4668 ornnipo'tenti',
2675 4607 2875 4668 antiquo
2896 4604 3114 4665 dierum,
3139 4605 3188 4652 lo
3211 4617 3308 4665 quo
3331 4611 3384 4654 et
3406 4602 3472 4652 de
3505 4610 3714 4656 aeterno

2194 4677 2247 4716 et
2269 4675 2508 4729 temnere.

2131 4726 2218 4778 XI.
2239 4730 2315 4776 De
2341 4726 2480 4792 pace,
2505 4737 2557 4778 et
2576 4729 2693 4790 quid
2716 4727 2818 4779 vult
2841 4729 2934 4779 sibi
2959 4731 3051 4778 hoc
3076 4739 3166 4789 per
3182 4727 3418 4792 seipsum
3433 4739 3563 4783 esse.
3583 4740 3712 4792 quae

2193 4802 2288 4900 get;
2307 4791 2365 4840 se
2391 4793 2540 4853 ipsam
2565 4800 2681 4854 rita,
2700 4804 2828 4854 quae
2851 4805 2938 4853 per
2957 4803 3014 4840 se
3038 4792 3188 4852 ipsam
3213 4791 3382 4850 virtus,
3412 4797 3465 4838 et
3495 4803 3620 4850 quae
3642 4791 3712 4838 sic

2226 4863 2270 4899 lc
2293 4866 2336 4900 ε.

2226 4863 2336 4900 tcta.

2137 4910 2248 4962 XII.
2275 4915 2537 4981 Defuncto
2557 4921 2856 4976 sanctorum,
2895 4926 3022 4981 rege
3049 4925 3240 4976 regum,
3267 4910 3470 4963 Domino
3490 4913 3710 4962 domino-

2203 4989 2328 5030 rum.
2356 4975 2460 5024 Deo
2491 4977 2716 5026 deorum.

2146 5032 2272 5090 XIII.
2298 5035 2376 5088 De
2402 5040 2625 5100 perlecta
2643 5045 2694 5087 et
2717 5049 2827 5088 uno.

1639 5218 1642 5223 '
1721 5208 1976 5264 VARIAE
2013 5206 2414 5265 LECTIONES.

517 5339 590 5395 'a
620 5358 675 5398 se
703 5358 810 5397 om.
834 5341 942 5396 ΑΕ.
1018 5341 1040 5371 ³
1065 5340 1154 5395 ΛΕ
1186 5340 1304 5394 sub.
1403 5339 1426 5370 ³
1447 5340 1490 5394 Ε
1538 5340 1907 5410 speculantem.

442 5409 582 5482 {BH
626 5413 910 5482 speculata.
991 5412 1010 5442 ⁵
1041 5410 1126 5464 BlI
1189 5413 1436 5464 intentas.

1992 5343 2014 5374 δ
2041 5341 2082 5398 Β
2106 5339 2453 5409 habitumque
2499 5355 2714 5394 sacrum
2735 5341 2789 5395 in
2819 5340 3123 5409 deiformem
3163 5342 3408 5394 ducatum
3461 5341 3703 5411 pulchre.

1513 5413 1531 5442 ⁷
1568 5411 1610 5465 Ε
1649 5411 1886 5481 Dionysii
1915 5413 2256 5482 Areopagitae
2281 5411 2873 5482 episcopirAtltenaram
2924 5411 2992 5464 ad
3046 5411 3366 5464 Timotheum
3413 5413 3705 5482 episcopum

443 5480 662 5554 Ephesi
684 5483 748 5536 de
789 5482 1322 5554 divinis“nominibus.
1352 5480 1916 5554 Compresbyterocet.
1992 5484 2014 5554 Ψ
2051 5480 2279 5554 ΕξΗιιεε
2323 5490 2494 5535 autem
2519 5481 2572 5536 in
2601 5481 2696 5534 hoc
2721 5481 2894 5536 insunt
2927 5484 2991 5536 de
3009 5482 3196 5536 divinis
3224 5480 3517 5537 nominibus
3539 5492 3705 5537 totum

446 5553 674 5624 capitula
713 5569 832 5611 xui.
909 5552 928 5582 ⁹
967 5551 1159 5616 Codd.,
1193 5553 1480 5613 ἐκστασεως

1555 5553 1595 5582 ¹⁰
1634 5552 1799 5606 Codd.
1859 5553 1922 5606 de
1970 5552 2145 5606 simili.
