4210 6250
269 453 407 516 1121

911 446 1159 507 vensm
1195 440 1478 529 OPt-llltilt
1519 445 1578 503 s.
1617 399 1934 530 DleYSll.
1978 433 2045 478 -μ
2082 432 2168 492 DE
2208 397 2882 518 ntvmtsnouiumus.

3404 411 3547 467 liti

271 573 432 634 modo
457 569 717 639 theologia
739 569 1001 639 quaedam
1025 567 1244 646 quidem
1258 565 1462 635 ’unitim
1490 563 1673 631 tradit,
1695 536 1861 634 quae-
1887 568 1950 626 Α·
1966 557 2206 638 omnium
2243 551 2428 618 ohlnia
2469 553 2704 646 lumina,
2750 560 2806 606 et
2837 547 3009 646 unam
3051 539 3550 646 claritatemlindis-

270 669 397 723 dam
422 679 553 720 vero
579 664 832 719 discreto.
868 661 936 717 Et
962 674 1138 730 neque
1170 657 1318 717 unita
1355 669 1615 740 separare
1637 654 1853 726 justum
1925 720 1928 723 ,

269 768 376 826 est,
409 771 583 828 neque
629 755 861 810 discreta
911 752 1265 820 confundere,
1292 749 1388 809 sed
1415 758 1708 823 sequentes
1732 762 1854 807 eam
1904 799 1909 803 .

264 850 422 920 juxta
450 848 704 901 virtatem
721 843 998 899 iudivinos
1017 842 1338 915 splendores
1357 839 1856 914 respicere,etinde
1909 903 1912 906 ,

272 940 485 994 divinas
513 936 997 992 manifestationes-
1012 926 1366 1012 accipientes,
1396 932 1540 992 sicut
1555 931 1854 1012 quamdam

271 1032 516 1104 regulam
566 1028 1017 1086 formosissimum
1056 1022 1323 1092 veritatis,
1356 1026 1429 1084 ibi
1460 1027 1642 1099 posita
1673 1035 1860 1084 custo-
1895 1089 1898 1092 q

268 1123 393 1179 dire
425 1123 474 1175 in
507 1121 816 1190 semetipsis
869 1135 972 1175 non
1021 1118 1402 1190 nmltiplicata,
1431 1125 1656 1197 etnon
1676 1110 1880 1176 mino-~

272 1221 420 1274 rata,
448 1221 506 1286 et
529 1210 968 1277 incctltvet'sibilia
999 1209 1357 1274 festinet-“18s.
1380 1200 1440 1259 διὶ
1472 1200 1716 1258 numidia
1747 1201 1860 1274 θὶς)-

267 1292 525 1378 ἱιιιὶοιῄψη
571 1303 849 1362 custoditi.
886 1315 943 1357 et
989 1302 1062 1363 ab
1104 1303 1236 1376 ipsis
1285 1295 1340 1352 to
1383 1295 1756 1353 custodientes
1791 1309 1860 1350 αι
1909 1342 1916 1349 .

272 1388 690 1468 custodiendum
727 1395 996 1466 potentes.
1032 1383 1190 1457 Ui'iita
1221 1385 1439 1456 quidem
1475 1385 1643 1456 totius
1665 1383 1862 1462 divini-

277 1481 410 1559 tatis
456 1489 606 1546 sunt,
645 1477 782 1554 utin
813 1475 1138 1555 ttieologicis
1157 1477 1563 1554 characteribus
1589 1493 1686 1553 per
1704 1478 1866 1550 plura.
1923 1477 1927 1480 ’

274 1589 346 1630 es
399 1571 631 1642 eloquiis
677 1569 1038 1640 ostendimus,
1084 1568 1860 1640 superbonunt,superdeum,

275 1661 769 1736 superessentiale,
783 1650 1156 1736 supervivens,
1183 1659 1587 1735 supersapiens,
1614 1669 1673 1732 et
1693 1673 1865 1734 quae;
1907 1707 1913 1712 .

276 1769 513 1825 cumque
551 1751 1007 1823 supereminentis
1047 1759 1176 1836 sunt
1213 1749 1538 1834 ablationis,
1568 1764 1694 1807 cum
1737 1749 1863 1822 qui-

276 1849 384 1905 bus
407 1857 465 1904 et
491 1845 727 1903 causalis
752 1839 1291 1917 omnia,_optimum,'
1309 1843 1535 1914 bonum,
1556 1839 1634 1909 ὅν,
1649 1867 1653 1871 ·
1671 1841 1865 1899 viven-

1956 633 2166 708 cretam
2197 647 2546 711 relucentem,
2589 643 2646 700 ct
2676 658 2784 699 non
2813 642 2977 698 etiam
3001 637 3120 708 quis
3140 677 3152 700 ,
3186 644 3244 688 ut
3285 633 3539 692 arbitror,

1959 738 2157 810 poterit
2199 730 2430 808 alicujus
2476 735 2741 808 lampadis
2781 731 2961 788 lumen
2995 732 3060 785 ab
3087 729 3207 783 aliis
3250 741 3316 780 ex
3356 724 3545 778 omnia

1929 831 2161 887 'lumiua
2192 830 2490 886 continenti
2524 828 2676 881 'aé're
2706 823 3051 888 discernere,
3094 832 3152 878 et
3198 822 3379 879 videre
3425 826 3508 880 sin

1959 920 2132 977 altera
2162 919 2316 985 parte
2348 911 2578 970 alteram
2602 923 2836 981 partem,
2874 910 2999 968 totis
3026 914 3080 968 in
3114 913 3241 969 lotis
3267 913 3545 972 inconfuse

1957 999 2403 1076 contemperatis.
2433 999 2541 1061 Sed
2578 1005 2623 1059 si
2673 1002 2836 1060 etiam
2887 1019 3046 1059 unam
3079 1004 3199 1074 quis
3239 1005 3546 1061 ardentium

1909 1103 1914 1112 ‘
1959 1084 2470 1175 subduxerit
2492 1085 2555 1162 δέ’
2576 1097 2740 1153 coibit
2759 1093 2819 1153 et
2841 1099 3115 1169 proprium
3147 1107 3316 1154 totum
3342 1099 3541 1162 lumen,

1912 1193 1921 1203 ‘
1961 1183 2172 1269 nullum
2230 1183 2489 1262 quiddam
2538 1178 2786 1244 aliorum
2817 1181 3096 1245 luu‘t'inum.
3123 1186 3203 1246 "in
3255 1191 3546 1260 semetipsa

1947 1281 2346 1366 complectens,
2391 1276 2491 1340 aut
2530 1276 2737 1338 suimet
2788 1283 2978 1339 alteris
3027 1283 3358 1354 relinquens.
3420 1285 3550 1338 Erat

1943 1373 2106 1451 enim
2134 1389 2354 1433 earum.
2396 1375 2537 1446 quod
2563 1375 2782 1446 quidem
2810 1375 2943 1440 dixi,
2985 1376 3229 1431 omnium
3254 1378 3322 1431 ad
3367 1377 3549 1431 omnia

1960 1445 2362 1536 perlectiSsima
2399 1445 2620 1530 unitas,
2671 1459 3024 1520 incommiitta
3048 1465 3461 1530 universaiiter,
3497 1477 3556 1519 et
3589 1456 3595 1460 ’

1961 1555 2110 1614 nulla
2155 1553 2574 1628 parte.conl'usa
2600 1553 2615 1612 ἑ
2640 1566 2698 1611 et
2727 1554 2882 1622 haec,
2916 1557 3185 1612 existente
3218 1557 3274 1611 in
3321 1569 3552 1625 corpore

1963 1650 2124 1716 aére,
2167 1659 2224 1706 et.
2267 1663 2339 1705 ex
2387 1648 2655 1705 materiali
2705 1649 2830 1722 igne
2859 1645 3130 1721 pendente
3171 1644 3399 1718 lumine.
3449 1647 3550 1704 Ubi

1964 1754 2098 1800 vero
2129 1741 2640 1812 superessentialem
2675 1743 2944 1799 unitatem
2974 1742 3390 1816 supercallocari
3418 1742 3551 1798 dici-

1963 1841 2106 1902 mus,
2156 1832 2264 1891 non
2291 1833 2345 1889 in
2369 1834 2746 1907 corporalibus
2784 1844 2990 1891 tantum
3020 1833 3341 1901 unitatibns,
3374 1836 3468 1918 sed
3498 1846 3557 1891 et

275 1942 415 1996 tium
439 1953 652 2012 parens,
680 1938 915 2008 sapiens,
945 1944 1003 1991 et
1016 1947 1393 2008 quaecumque
1414 1949 1483 1992 ex
1502 1929 1864 2004 optimis'suis
1893 1933 1938 1994 Β
1966 1925 2074 1990 bis,
2098 1921 2242 2000 quae
2265 1936 2392 1982 sunt
2421 1929 2472 1982 in
2497 1927 2783 2009 animabus
2807 1927 2961 1999 ipsis,
2990 1937 3047 1984 et
3073 1929 3125 1984 in
3172 1928 3303 1999 ipsis
3348 1928 3556 1984 intelle-
3632 1992 3640 1999 ,

274 2030 657 2088 donationibus
685 2031 701 2060 ³
752 2026 1310 2099 oumium,bonorum
1331 2040 1503 2082 causa
1543 2019 1865 2081 denomina-

277 2131 391 2179 tur.
440 2121 684 2178 Dlscrcta
712 2128 891 2175 autem
932 2118 1110 2176 Patris
1145 2117 1609 2190 superessentiale
1641 2133 1863 2187 nomen,

275 2221 335 2268 et
387 2227 497 2278 res,
540 2222 600 2268 et
642 2211 764 2267 Filii
795 2221 848 2266 et
895 2209 1136 2281 Spiritus
1180 2209 1328 2269 nulla
1355 2211 1412 2266 in
1437 2200 1526 2268 bis
1550 2207 1863 2282 reciproca-

279 2307 449 2378 tione,
477 2314 572 2361 aut
610 2308 832 2360 omnino
862 2302 1250 2361 conuuunitate
1281 2303 1590 2360 introducta
1638 2301 1739 2362 Est
1763 2319 1864 2360 au-

277 2405 391 2452 tem
422 2396 618 2452 iterum
643 2396 710 2450 ab
734 2396 816 2451 his
837 2396 1133 2451 discretum
1154 2394 1269 2466 ipsa
1290 2395 1585 2453 secundum
1612 2410 1712 2451 nos
1745 2393 1864 2452 lesu

277 2484 679 2565 perfectissima
721 2496 778 2542 et
819 2485 1182 2544 immutabilis,
1203 2486 1580 2554 subsistentia,
1617 2495 1674 2544 et
1700 2502 1868 2560 quae-

277 2579 856 2650 cumquesecuudum
898 2579 1072 2648 ipsam
1108 2586 1241 2637 sunt
1281 2576 1638 2636 humanitatis
1684 2591 1870 2635 essen-

280 2670 432 2724 tialia
485 2670 764 2742 mysteria.
807 2667 1036 2744 Oportet
1061 2679 1266 2736 autem,
1296 2677 1358 2728 ut
1390 2669 1648 2738 arbitror,
1695 2671 1870 2742 magis

280 2763 611 2833 recipientes
633 2777 730 2817 nos
749 2759 1204 2836 perfectissimum
1228 2763 1451 2819 divinae
1480 2773 1536 2820 et
1566 2763 1792 2819 unitatis
1813 2772 1870 2819 et

278 2854 628 2913 discretionis
656 2865 930 2925 exponere
956 2855 1198 2932 modum,
1232 2861 1525 2926 utcumque
1550 2854 1709 2911 nobis
1732 2854 1871 2912 bene

281 2948 626 3020 conspiciens
649 2950 830 3006 omnis
854 2947 1097 3018 ingenita
1113 2955 1201 3003 est
1227 2947 1390 3013 ratio,
1415 2946 1626 3003 varium
1646 2946 1866 3019 quidem

281 3058 444 3098 omne
470 3051 526 3096 et
561 3057 666 3098 non
688 3039 1052 3098 manifestum
1073 3039 1391 3115 relinquens
1413 3081 1430 3108 ,
1461 3043 1600 3099 bene
1635 3042 1872 3100 discreta

285 3151 412 3192 vero
433 3145 487 3192 et
517 3134 803 3190 manifeste
815 3146 870 3190 et
893 3135 1030 3191 bene
1053 3135 1301 3192 ordinate
1327 3135 1547 3208 propria
1571 3135 1871 3212 secundum

285 3231 542 3286 virtutem
584 3230 957 3284 considerans.
1008 3225 1218 3288 Vocant
1259 3228 1428 3294 enim,
1478 3230 1622 3301 quod
1651 3230 1871 3302 quidem

1969 2019 2165 2097 ctibus,
2192 2037 2333 2094 quae
2364 2022 2564 2080 habent
2587 2007 2988 2079 incommistim
3026 2031 3083 2080 et
3118 2022 3557 2093 snpermundane

1965 2131 2065 2192 per
2108 2123 2220 2171 tota
2270 2113 2556 2170 deiformia
2600 2126 2655 2170 et
2677 2114 3100 2188 supercaelestia
3141 2116 3349 2170 elumiua
3400 2116 3556 2184 juxta

1965 2207 2437 2284 participationem
2463 2205 2937 2264 corrationabi-lcm
2969 2208 3416 2278 participantibus
3442 2223 3556 2260 om—

1967 2297 2130 2359 nibus
2159 2308 2535 2373 supe'rremota
2570 2303 2802 2358 unitate.
2854 2302 2949 2358 Est
3000 2312 3183 2357 autem
3208 2312 3264 2358 et
3303 2301 3556 2358 discretio

1971 2396 2023 2450 in
2054 2396 2595 2466 supcreswntialibus
2629 2395 2942 2469 theologiis,
2980 2412 3090 2452 non
3125 2412 3283 2466 quam
3311 2397 3556 2453 dicebam

1970 2489 2338 2553 solummodo,
2391 2490 2516 2560 quia
2555 2500 2611 2544 et
2669 2490 2809 2545 hanc
2856 2490 3120 2545 unitatem
3165 2489 3557 2544 ineommixtim

1970 2583 2223 2648 collocat,
2251 2595 2307 2638 et
2332 2583 2614 2640 inconfuse
2643 2598 2999 2653 unaquaeque
3024 2583 3402 2653 principalimn
3429 2583 3560 2638 sub~

1969 2657 2293 2732 stantiarum
2322 2690 2336 2730 :
2380 2677 2476 2732 sed
2523 2676 2648 2746 quia
2675 2683 2730 2730 et
2768 2671 2908 2745 quae
2938 2684 3066 2739 sunt
3093 2674 3565 2745 supercssentialis

1974 2770 2314 2843 tlteogoniac,
2348 2785 2454 2825 non
2484 2769 2895 2840 reciprocantur
2932 2769 3000 2823 ad
3026 2784 3084 2822 se
3118 2768 3372 2824 invicem.
3406 2767 3567 2822 Solus

1970 2873 2154 2922 autem
2191 2862 2312 2920 fons
2337 2861 2807 2935 superessentialis
2836 2861 3056 2918 dcitatis
3078 2861 3270 2924 Pater,
3304 2863 3430 2915 dum
3458 2878 3563 2915 non

1942 2956 2046 3012 sit
2090 2953 2261 3011 Filius
2302 2964 2475 3025 pater,
2507 2969 2682 3025 neque
2726 2952 2888 3007 Pater
2935 2945 3095 3016 illius,
3135 2951 3569 3009 custodientibus

1970 3048 2191 3121 propria
2219 3047 2467 3114 laudibus
2495 3057 2642 3103 recte
2666 3047 2955 3118 unicuique
2983 3047 3287 3102 divinarum
3315 3045 3568 3099 substan-

1972 3142 2191 3212 tiantm.
2218 3140 2366 3195 Haec
2386 3139 2604 3211 quidem
2633 3139 2927 3196 secundum
2954 3136 3279 3193 ineffabilem
3309 3139 3566 3191 unitatem

1975 3241 2032 3292 et
2045 3233 2456 3303 subsistentiam
2477 3234 2658 3288 unitas
2672 3242 2729 3288 et
2750 3231 3027 3288 discretio.
3053 3231 3109 3286 Si
3126 3241 3303 3286 autem
3319 3242 3369 3284 et
3387 3232 3569 3286 divina

282 3332 340 3378 et
382 3323 436 3378 in
483 3322 606 3376 aliis
641 3322 911 3384 dixeram,
943 3329 1164 3379 nostrae
1199 3321 1533 3394 theologicae
1561 3323 1873 3381 traditionis
1899 3303 1944 3369 ο
1975 3313 2240 3384 discretio
2275 3337 2362 3382 est
2401 3326 2606 3398 optima
2644 3316 2920 3397 processio
2961 3324 3188 3379 unitatis
3221 3324 3434 3378 divinae
3483 3339 3569 3377 su-

285 3402 430 3471 sacri
481 3415 734 3469 doctores
779 3415 1018 3469 unitates
1047 3413 1264 3486 quidem
1293 3415 1506 3472 divinas
1555 3431 1877 3488 superarca-

286 3519 395 3562 nae
417 3516 472 3560 et
497 3505 970 3577 superiucognitae
1001 3505 1228 3561 unitatis
1266 3505 1507 3563 occultas
1532 3515 1589 3562 et
1605 3504 1880 3562 inremea-

285 3597 426 3655 biles
467 3596 1055 3668 supercollocationes,
1098 3595 1455 3652 discretiones
1483 3612 1616 3672 vero
1646 3597 1879 3668 optimas

287 3673 592 3744 divinitatis
651 3699 706 3744 et
766 3688 1182 3760 processiones,
1223 3692 1301 3743 ’et
1388 3688 1878 3746 manifestationes.

287 3781 358 3840 Et
398 3781 551 3840 aiunt
600 3796 756 3837 sacra
795 3781 1010 3852 eloquia
1050 3789 1380 3851 sequentes,
1432 3793 1488 3835 et
1541 3782 1720 3838 dictae
1765 3783 1885 3838 uni-

290 3872 426 3928 tatis
485 3871 704 3942 propria
749 3888 767 3927 :
814 3881 871 3928 et
903 3872 1125 3936 iterum,
1170 3870 1520 3941 discretionis
1561 3888 1682 3930 esse
1721 3889 1889 3946 quas-

241 3977 244 3982 '
290 3963 422 4020 dam
474 3957 743 4034 speciales
796 3971 854 4021 et
907 3964 1144 4017 unitates
1195 3970 1252 4018 et
1302 3962 1700 4029 discretioues,
1760 3975 1815 4021 et
1851 3969 1884 4025 ,¹

293 4058 351 4114 in
423 4057 633 4113 unitate
681 4055 865 4110 divina
928 4055 1047 4110 sine
1116 4057 1689 4127 superessentialitate.
1753 4059 1892 4117 Uni-

293 4157 414 4204 t-utn
465 4148 686 4219 quidem
737 4155 822 4203 est
866 4147 960 4202 uni
1008 4145 1296 4220 principali
1346 4149 1603 4205 Trinitati
1647 4160 1705 4207 et
1740 4167 1893 4209 com-

295 4254 465 4295 mune
548 4238 1024 4309 superessentiaiis
1103 4238 1455 4296 subsistentia
1480 4281 1498 4307 ,
1595 4244 1892 4314 superdeus

299 4333 477 4389 deitas
546 4330 886 4402 superbonus
967 4329 1188 4389 bonitas
1251 4332 1534 4398 omnium,
1606 4335 1894 4393 summitas

302 4428 678 4482 summitatum
703 4423 946 4479 omnium
998 4423 1044 4490 ³,
1074 4426 1245 4497 totius.
1263 4425 1617 4498 proprietatis
1642 4429 1894 4485 immuta-

302 4520 508 4583 bilium,
538 4533 703 4589 super
731 4517 1094 4588 principatum
1125 4518 1324 4584 unitas,
1342 4518 1630 4588 ineﬂ‘abile,
1648 4521 1896 4580 multivo-

303 4627 452 4674 cum,
485 4610 812 4680 ignorantia,
842 4623 1003 4664 omne
1031 4609 1320 4674 invisibile,
1367 4613 1612 4676 omnium
1653 4616 1850 4684 positio
1877 4658 1892 4683 ,

301 4703 548 4759 omnium
603 4701 836 4766 ablatio,
884 4715 1050 4771 super
1092 4717 1309 4759 otnnem
1359 4715 1414 4759 et
1459 4707 1786 4775 positionem
1841 4721 1897 4765 et

305 4796 632 4852 ablutionem
664 4793 806 4848 inter
837 4809 896 4848 se
925 4780 1159 4849 invicem
1181 4835 1196 4856 ,
1240 4794 1286 4849 si
1312 4795 1392 4850 sic
1420 4805 1634 4867 oportet
1682 4799 1898 4866 dicere,

304 4885 693 4958 principalium
751 4885 1182 4941 substantiarum
1229 4887 1439 4944 mansio
1491 4898 1548 4944 et
1591 4890 1897 4958 collocatio,

310 4981 689 5042 universaliter
704 4983 1040 5053 superunita,
1066 4991 1119 5037 et
1142 4982 1286 5036 nulla
1310 4992 1463 5053 parte
1489 4985 1730 5051 confusa,
1761 4988 1904 5044 sicut

309 5074 517 5133 lumina
561 5075 896 5146 lampadem,
934 5084 994 5130 ut
1030 5074 1378 5130 sensibilibus
1421 5083 1476 5130 et
1516 5078 1752 5146 propriis
1779 5088 1904 5134 utar

314 5171 598 5240 exemplis,
624 5171 750 5226 dum
778 5178 907 5225 sunt
934 5171 986 5223 in
1016 5170 1176 5225 domo
1210 5184 1335 5232 una,
1366 5179 1423 5224 et
1465 5181 1573 5225 tota
1604 5175 1655 5226 in
1680 5188 1739 5227 se
1771 5174 1912 5227 invi-

315 5279 432 5318 cem
464 5261 590 5315 totis
621 5268 768 5321 sunt,
799 5269 853 5313 et
895 5261 1209 5329 diligentem
1240 5277 1269 5313 a
1317 5273 1378 5316 se
1425 5262 1653 5317 invicem
1694 5266 1912 5335 proprio

317 5354 660 5407 substantetn
690 5351 893 5404 habent
928 5349 1336 5414 discretimtem,
1375 5351 1524 5406 unita
1561 5352 1908 5420 discretione,

319 5453 373 5497 et
402 5445 610 5497 unitate
632 5442 891 5497 discreta.
924 5442 1134 5498 Etenim
1170 5441 1414 5498 videmus
1440 5443 1494 5498 in
1534 5445 1695 5501 domo
1723 5448 1908 5502 multis

322 5535 486 5591 unitis
542 5535 880 5605 lampadibus
924 5535 990 5590 ad
1041 5551 1204 5591 unum
1254 5536 1469 5609 aliquod
1522 5538 1702 5594 lumen
1758 5542 1909 5597 unita

1927 4668 1972 4728 D

1978 3420 2233 3492 pernnite
2277 3421 2629 3490 semetipsam
2679 3416 2923 3472 bonitate
2986 3423 3041 3470 et
3106 3413 3470 3486 plurilicantis
3518 3424 3576 3467 ct

1979 3509 2417 3576 multiplicantis,
2464 3508 2653 3564 unitae
2701 3506 2922 3580 quidem
2964 3515 3092 3560 sunt
3143 3508 3436 3561 secundum
3492 3505 3575 3559 di-

1978 3602 2164 3658 vinam
2225 3600 2613 3660 discretionem
2671 3596 3144 3654 immensurabilcs
3207 3597 3525 3651 traditiones
3558 3636 3573 3656 .

1981 3692 2407 3751 essentialitatcs
2468 3690 2702 3755 vitales,
2765 3687 3298 3760 sapientilicationes,
3335 3687 3579 3756 aliaeque

1985 3785 2330 3850 donationes,
2358 3779 2614 3840 omnium
2633 3795 2830 3837 causae
2845 3778 3130 3842 bonitatis,
3164 3774 3315 3847 juxta
3348 3792 3484 3848 quas
3511 3792 3576 3833 ex

1985 3875 2287 3947 participiis
2337 3884 2396 3931 et
2430 3873 2880 3946 participantibus
2936 3871 3226 3927 laudantur
3279 3870 3579 3940 impartici-

1987 3982 2114 4043 pate
2189 3969 2529 4041 participata.
2605 3966 2672 4021 Et
2741 3967 2843 4020 hoc
2903 3965 3066 4020 etiam
3142 3978 3470 4025 commune,
3527 3971 3582 4017 ot

1991 4065 2237 4127 unitum,
2286 4068 2343 4116 et
2392 4075 2556 4114 unum
2613 4071 2696 4113 est
2743 4059 2840 4112 toti
2898 4058 3082 4111 deitati
3113 4097 3126 4117 .
3157 4071 3370 4110 omnem
3411 4056 3579 4124 ipsam

1992 4164 2162 4213 totam
2189 4154 2259 4210 ab
2289 4167 2617 4222 unoquoque
2652 4151 3090 4221 participantium
3140 4150 3485 4219 participari,
3526 4160 3582 4202 et

1992 4266 2024 4305 a
2061 4249 2208 4305 nullo
2237 4249 2431 4302 iterum
2461 4246 2603 4301 nulla
2630 4253 2785 4316 parte
2813 4263 2826 4298 :
2854 4245 2994 4299 sicut
3022 4252 3137 4298 rota
3183 4244 3233 4297 in
3279 4244 3456 4297 medio
3480 4243 3583 4296 cir—

1991 4345 2099 4400 culi
2155 4345 2223 4398 ab
2286 4340 2539 4396 omnibus
2598 4339 2652 4394 in
2703 4338 2907 4394 circulo
2961 4336 3358 4408 circumpOsitis
3424 4337 3584 4390 rectis

1995 4437 2196 4500 lineis,
2229 4446 2285 4489 et
2332 4437 2474 4491 sicut
2521 4435 2674 4506 signo
2706 4433 2990 4488 elinrtnata
3042 4431 3211 4486 multa
3257 4431 3583 4500 participant

1997 4529 2313 4602 principalis
2341 4527 2570 4597 exempli
2609 4529 2782 4597 signo,
2808 4533 2864 4579 et
2893 4524 2944 4578 in
2976 4539 3300 4601 unoquoque
3335 4522 3586 4577 oliorum-

2001 4635 2176 4682 torum
2204 4632 2316 4676 toto
2344 4630 2406 4675 et
2427 4623 2616 4675 eodem
2641 4619 2926 4680 existente,
2952 4623 3006 4670 et
3035 4619 3086 4670 in
3119 4615 3265 4669 nullo
3292 4615 3584 4668 scentulum

2007 4715 2206 4772 nullam
2236 4722 2466 4784 partem.
2519 4710 2914 4778 Superpnnitur
2943 4716 3122 4760 autem
3149 4705 3312 4760 etiam
3346 4706 3428 4759 bis
3460 4722 3587 4760 cau-

2009 4809 2308 4864 salissimac
2327 4803 2542 4860 deitatis
2566 4801 3007 4871 imparticipatio,
3025 4815 3131 4870 quo
3150 4815 3323 4870 neque
3352 4810 3590 4856 attuctus

2009 4902 2126 4972 ejus
2156 4901 2257 4964 sit,
2306 4912 2482 4967 neque
2511 4897 2614 4950 alia
2644 4895 2907 4965 quaedam
2942 4893 3007 4948 ad
3034 4881 3410 4962 participantia
3437 4907 3590 4949 com-

2012 4994 2182 5046 mixta
2225 4989 2479 5045 societas.
2532 4985 2862 5064 Et_quiilcm
2912 4983 3110 5038 dixerit
3145 4983 3299 5054 quis,
3355 5000 3461 5037 non
3511 4993 3599 5037 εἰ

2013 5085 2226 5156 signum
2255 5082 2310 5136 in
2345 5081 2472 5136 totis
2515 5076 2814 5134 el'l'ormatis
2853 5085 3022 5131 totum
3073 5085 3127 5130 et
3173 5075 3369 5146 ipsum.
3399 5074 3477 5130 Ac
3504 5091 3601 5142 per

2013 5178 2116 5231 lmc
2145 5191 2252 5241 non
2278 5177 2490 5244 signum
2520 5185 2681 5225 causa
2715 5188 2726 5221 :
2759 5184 2974 5225 omnem
3004 5168 3148 5222 enim
3193 5168 3424 5238 seipsant
3469 5167 3556 5222 illa
3581 5208 3597 5229 .

2011 5278 2066 5323 et
2098 5269 2323 5327 eadem,
2370 5271 2426 5318 et
2465 5263 2757 5329 unicuique
2805 5260 2943 5314 indit
2969 5258 3010 5308 ⁸.
3063 5257 3179 5322 ipsa
3217 5274 3435 5326 quoque
3475 5274 3594 5326 pat-

2015 5356 2351 5427 ticipantium
2382 5352 2681 5409 dichrentia
2699 5351 3089 5406 dissimilitudo
3114 5351 3242 5404 facit
3267 5351 3592 5411 decolorata,

2016 5454 2224 5511 uno,ct
2274 5453 2418 5508 tuto,
2451 5452 2504 5498 et
2553 5443 2744 5519 eodem
2797 5441 3079 5514 principali
3122 5441 3388 5511 exemplo.
3428 5440 3515 5502 Ut,
3558 5440 3599 5494 s’

2019 5538 2233 5607 quidem
2264 5535 2444 5591 mollia
2466 5545 2521 5590 et
2544 5533 2878 5599 fonnabilia,
2911 5543 3004 5588 aut
3028 5534 3192 5588 etiam
3221 5535 3378 5602 plana
3403 5543 3455 5586 et
3477 5549 3576 5586 ceu

1636 5690 1721 5747 VA
1735 5691 1895 5747 RIAE
1932 5692 1966 5749 Ι.
1978 5690 2335 5758 ECTIONES.

401 5829 416 5858 ⁸
447 5827 484 5879 Α
521 5828 1034 5883 αωιοηιὶηίηὶοηὶὸιω
1057 5848 1076 5894 ;
1107 5828 1148 5882 Β
1174 5829 1618 5886 dominationibus

330 5897 488 5951 deum
587 5897 608 5929 ⁵
647 5899 687 5955 ll
730 5899 940 5953 indidit.

733 5990 981 6049 Pn'nm.
1061 5989 1320 6053 CXXII.

1723 5831 1741 5861 '
1777 5830 1864 5884 AB
1893 5826 1968 5886 ut.

2073 5832 2094 5865 '
2132 5829 2425 5888 Summitti:
2462 5827 2827 5887 atun'mitatum
2876 5829 3108 5882 omnium
3154 5842 3264 5880 om.
3298 5825 3404 5878 Bll.
3507 5825 3526 5854 δ
3559 5820 3637 5873 1,.

3134 5985 3214 6047 36
