4198 6264
503 315 676 374 ’11ἓ7
757 280 759 282 ’

1886 331 2167 408 retusis
2206 334 2399 394 scen
2501 331 2512 340 '

3669 311 3806 389 itas

539 450 664 494 ante
707 455 865 495 omne
892 450 940 496 et
975 444 1147 517 magis
1179 458 1240 500 ex
1275 445 1572 516 theologica
1603 441 1851 516 oratione
1881 449 2124 506 inchoari
2153 454 2198 513 Α
2229 428 2503 520 potentem
2553 448 2846 504 bonitatem
2889 444 3103 502 divinae
3139 443 3468 500 infirmitatis
3489 445 3801 500 -omninm
3863 477 3868 482 -

537 540 771 598 oportet,
801 548 904 587 non
933 545 992 589 ιιι
1020 535 1296 592 trahentes
1309 538 1528 606 .nbique
1558 549 1897 609 praesentem
1916 550 1974 598 et
1995 557 2121 598 nus-

537 635 697 689 quam
729 624 997 687 \‘irlttlmu,
1031 627 1123 680 sed
1171 636 1230 680 nt
1267 628 1463 683 divinis
1494 629 1771 686 memoriis
1805 637 1862 687 et
1899 631 2120 688 invoca-

539 714 772 772 tiouihus
817 718 1176 787 nosmetipsos
1226 717 1583 790 injungentes'
1613 720 1666 776 ei
1709 731 1767 778 et
1799 725 2120 780 atlunautes.

537 805 601 858 lit
641 806 740 860 hoc
787 815 964 862 autem
1012 824 1182 878 aeque
1227 810 1540 868 defensione
1572 812 1818 885 dignum,
1855 813 1982 883 quia
2009 813 2122 889 gio-
2169 817 2177 828 ’

541 899 684 952 cioso
710 897 847 952 duce
877 907 1064 955 nostro
1101 899 1346 956 lerolheo
1371 902 1682 973 theologica
1704 903 2119 976 diligentissima

533 988 796 1042 elementa
819 989 1274 1045 excellentissime
1307 1001 1690 1065 congregatus,
1721 1009 1821 1050 nos
1860 1003 2118 1067 tanquam
2154 997 2158 1000 ’

448 1126 451 1127 ν
535 1094 640 1136 non
670 1079 1060 1145 suﬂicieutihus
1087 1082 1213 1146 illis,
1243 1082 1485 1154 aliasque
1511 1094 1566 1140 et
1592 1096 1936 1157 praesentem
1961 1089 2114 1144 theo-
2159 1110 2163 1114 ·

534 1171 726 1240 loginm
765 1171 1206 1243 conscripsimus.
1242 1171 1457 1229 Etenim
1501 1175 1546 1230 si
1584 1176 1802 1248 quidem
1832 1179 1940 1234 ille
1966 1179 2122 1237 dein-

531 1279 656 1330 ceps
714 1263 939 1318 actimre
987 1279 1176 1319 omnes
1231 1265 1558 1335 tiieoingicas
1600 1268 1843 1325 actiones
1895 1267 2146 1343 dignum'

529 1354 790 1417 duxisset,
821 1364 875 1409 et
900 1354 1118 1422 partitis
1174 1353 1467 1418 ambitibus
1511 1359 1902 1428 pertransisset
1955 1360 2121 1419 tutius

533 1447 834 1519 theologiae
870 1447 1184 1518 capitulum,
1227 1463 1337 1504 non
1387 1448 1644 1508 fortassis
1683 1467 1782 1508 nos
1816 1452 1872 1508 in
1909 1462 2117 1510 tantam

529 1548 624 1620 aut
650 1539 938 1602 insaniam,
991 1548 1083 1593 aut
1129 1539 1455 1598 stultitiam'
1498 1543 2116 1616 veniremus,-tanquam

529 1628 896 1699 perspicacius
953 1627 1042 1682 illo
1077 1637 1132 1681 et
1185 1628 1420 1685 divinius
1467 1630 1784 1705 ariiitrando
1831 1629 2116 1704 theol6gii§

528 1719 728 1777 addere
757 1717 1157 1777 delectabilibra
1175 1760 1190 1785 ,
1224 1719 1357 1776 haec
1387 1719 1655 1794 superﬂuo
1682 1723 1945 1791 dicentes,
1975 1739 2040 1780 ac
2069 1726 2114 1782 si

2225 541 2607 598 dominabatur
2637 547 2759 610 post
2806 537 3102 609 theologos,
3137 543 3194 590 ut
3242 535 3546 606 cognoscis,
3577 534 3800 589 aliorum
3840 546 3867 603 ς

2223 617 2535 688 Sanctorum
2583 630 2865 711 doctorum
2913 635 3058 683 totus
3103 642 3171 682 ex
3215 624 3451 697 populis,
3507 635 3652 682 totus
3689 621 3801 678 exi-

2224 733 2374 780 stens
2396 721 2710 792 semetipso,
2731 728 2789 790 et
2805 721 2874 776 ad
2887 719 3210 776 laudandum
3238 718 3550 774 societatem
3569 717 3801 786 patiens,
3845 714 3847 716 ’

2221 820 2276 868 et
2326 813 2395 867 ab
2446 809 2940 880 omnibus,quibus
2990 807 3206 862 auditus
3248 813 3363 871 est,
3413 795 3470 860 et
3531 803 3701 869 visus,
3747 812 3803 858 et
3844 831 3850 842 -

2219 903 2472 976 cognitus
2496 914 2598 969 est,
2626 911 2681 958 et
2717 917 2822 958 non
2865 899 3117 974 cognitus
3160 906 3266 963 cst,
3315 896 3427 954 Deo
3459 895 3804 971 acceptabilis
3831 928 3844 940 -

2221 1007 2342 1051 esse
2370 1002 2424 1050 et
2453 991 2667 1049 divinus
2707 989 3290 1061 laudator-judicatus.
3336 987 3405 1042 Et
3433 980 3566 1058 quid
3596 986 3693 1041 tibi
3739 986 3806 1041 de

2220 1083 2324 1147 his,
2355 1097 2495 1154 quae
2531 1081 2604 1136 ibi
2636 1078 3138 1151 theologiceposita
3162 1086 3309 1144 sunt,
3322 1075 3553 1132 edicam?
3590 1074 3805 1132 Etenim

2219 1175 2265 1232 si
2288 1189 2394 1230 non
2414 1183 2470 1229 et
2489 1189 2521 1228 a
2543 1173 2747 1243 meipso
2770 1171 3078 1249 eloquerer',
3101 1182 3261 1242 saepe
3281 1168 3397 1225 scio
3421 1183 3452 1222 a
3480 1176 3604 1224 teet
3622 1167 3806 1238 partes

2218 1265 2480 1338 quasdam
2512 1263 2817 1320 divinarum
2856 1262 3066 1318 illarum
3095 1260 3512 1334 bymnodiarum
3533 1260 3800 1316 audiens.

2217 1357 2311 1414 Sic
2350 1357 2446 1413 tibi
2478 1357 2674 1414 festino
2699 1371 2767 1411 ex
2795 1365 2986 1427 parato
3014 1353 3192 1410 divina
3217 1351 3488 1424 persequi.
3521 1351 3590 1407 Et
3619 1361 3680 1408 ut
3723 1350 3796 1407 ibi

2204 1449 2469 1520 mystica,
2494 1455 2551 1502 et
2576 1455 2635 1502 ut
2666 1445 2846 1501 multis
2883 1441 3194 1509 ineffabilia,
3224 1449 3280 1498 et
3309 1451 3370 1498 ιιι
3399 1441 3674 1515 incognita
3707 1441 3802 1499 tibi

2219 1538 2611 1612 relinquamus,
2643 1536 2760 1610 ipse
2786 1534 2972 1593 multis
2998 1549 3128 1592 usus
3153 1542 3272 1591 erat
3303 1533 3728 1598 communicare,
3749 1542 3804 1589 et

2204 1638 2447 1702 quantos
2475 1637 2687 1701 poterat
2713 1629 2766 1684 in
2789 1642 2932 1692 eam,
2953 1642 3094 1698 quae
3122 1627 3416 1684 secundum
3458 1636 3690 1691 nos-est,
3714 1642 3804 1681 sa-

2217 1737 2366 1778 cram
2407 1721 2690 1778 scientiam
2724 1721 3005 1778 adducere
3027 1760 3042 1786 ,
3073 1720 3342 1789 quomodo
3369 1718 3806 1790 supereminebat

529 1809 968 1884 pax-vipendendo
1019 1811 1216 1878 adhuc,
1259 1821 1314 1868 et
1355 1811 1610 1882 iniuriam
1660 1811 1928 1882 faciendo,
1957 1823 2014 1873 et
2061 1816 2113 1871 in
2144 1817 2192 1880 Β
2218 1811 2416 1870 multos
2459 1821 2770 1870 sanctorum
2801 1811 3185 1882 magistrorum
3218 1817 3274 1866 et
3321 1811 3580 1881 temporis
3626 1825 3799 1875 mora,

526 1903 848 1973 magistrum
873 1911 930 1959 et
958 1905 1194 1960 amicum
1233 1905 1576 1970 existentem,
1609 1915 1664 1961 et
1691 1921 1793 1963 nos
1817 1915 1939 1978 post
1979 1891 2145 1976 Pan?
2217 1915 2274 1961 et
2320 1905 2519 1961 mentis
2575 1904 2834 1977 puritate,
2887 1912 2942 1959 ct
2991 1905 3364 1960 ostensionum
3413 1902 3806 1977 diligentia,“

528 1994 638 2047 tum
668 1993 911 2048 divinum
958 1992 1011 2058 in
1063 1993 1204 2050 illius
1253 1993 1487 2067 eloquiis
1523 1993 1765 2063 formati,
1793 1995 2120 2069 gloriosissi-
2219 1997 2426 2054 ceteris
2470 1997 2644 2054 sacris
2685 1995 3044 2052 orationibus.
3095 1995 3281 2066 itaque
3326 2009 3665 2066 nequaquam
3713 1993 3806 2050 alia

529 2097 676 2140 mam
731 2084 849 2154 ejus
900 2093 956 2140 et
1009 2085 1520 2159 contemplationem
1568 2098 1626 2145 et
1681 2087 2118 2162 explanationem
2217 2089 2437 2162 quando
2464 2089 2534 2145 ad
2577 2088 2658 2144 sic
2696 2102 2953 2159 maguum
3003 2085 3172 2143 solem
3212 2087 3592 2144 contradicere
3625 2087 3802 2144 conati

529 2177 930 2246 nobismetipsis
976 2177 1365 2250 subripientes.
1402 2178 1514 2237 Sed
1564 2179 1822 2255 quoniam
1865 2185 2119 2254 veritate,
2220 2179 2488 2240 essemus.
2537 2178 2632 2238 Sic
2685 2177 2832 2235 enim
2885 2180 3242 2252 nosmetipsos
3314 2176 3692 2234 constituimus
3751 2186 3805 2235 et

520 2281 666 2334 quae
687 2267 890 2322 divina.
914 2277 1061 2334 sunt,
1098 2268 1333 2339 pretiose
1369 2270 1720 2330 introducens
1762 2274 1875 2342 ille,
1904 2277 2122 2350 conspi-
2191 2276 2602 2350 .cognovimus,
2634 2280 2694 2329 ut
2719 2287 2895 2344 neque
2939 2269 3266 2328 sutiicienter
3291 2269 3590 2343 intelligere
3623 2268 3806 2325 invisi-

525 2371 657 2410 cuas
695 2357 854 2411 nobis
897 2357 1240 2416 deﬁnitiones
1278 2361 1553 2442 exposuit,
1593 2373 1650 2421 et
1690 2363 1744 2420 i
1790 2378 1902 2424 uno
1947 2366 2120 2422 multa
2220 2369 2346 2426 bilia
2395 2365 2577 2423 divina
2607 2363 2908 2436 capiamus,
2954 2376 3129 2432 neque
3174 2367 3232 2416 ut
3279 2359 3569 2416 inetiabitia
3595 2358 3807 2442 divinae

525 2448 790 2512 ambiens,
835 2458 997 2521 prout
1034 2450 1292 2522 possibile
1333 2439 1544 2520 nobis,
1569 2461 1625 2510 et
1659 2454 1782 2523 'bis,
1810 2455 2122 2529 quicunque
2221 2457 2546 2532 cognitionis
2585 2455 2746 2513 liceat
2777 2455 2958 2510 dicere
2985 2460 3042 2508 et
3081 2462 3374 2523 exponere.
3411 2449 3601 2521 Longe
3625 2439 3802 2505 autem

522 2547 650 2594 sunt
679 2542 975 2596 secundum
999 2557 1098 2597 nos
1119 2542 1384 2615 magistri,
1411 2559 1588 2616 nper
1609 2544 1977 2617 perfectam
1998 2548 2118 2604 ani-
2219 2552 2536 2617 existentes,
2560 2548 2860 2606 deserimur
2885 2544 3192 2602 divinorum
3215 2543 3453 2599 virorum
3478 2541 3530 2598 in
3547 2541 3804 2613 theologi-

497 2674 502 2679 .
529 2647 739 2686 marum
759 2629 958 2698 iubens
987 2633 1222 2703 aperire.
1243 2642 1300 2690 ει
1328 2633 1642 2694 ὂίεωωετο
1667 2636 1824 2694 nobis
1841 2651 2121 2694 commcn-
2185 2634 2191 2640 ’
2223 2660 2344 2701 cam
2363 2644 2648 2699 veritatem
2671 2631 2924 2706 scicntia,
2946 2624 3070 2711 quia
3086 2637 3307 2710 omnino
3325 2634 3490 2693 etiam
3515 2636 3569 2690 in
3588 2630 3691 2690 hoc
3713 2649 3806 2706 per

529 2722 753 2778 surabili
828 2738 1082 2782 sermone
1143 2726 1473 2802 conspicuos
1541 2736 1598 2784 et
1657 2735 1908 2799 potentes
1961 2728 2124 2786 intei-
2224 2735 2588 2791 abundantem
2615 2732 2861 2790 timorem
2883 2729 3151 2794 venimus,
3181 2741 3357 2798 neque
3379 2723 3602 2780 omnino
3623 2723 3806 2779 audire

464 2899 477 2906 ἱ
531 2817 948 2875 tectualissimac
985 2816 1098 2901 viri
1135 2817 1278 2876 illius
1309 2819 1525 2878 virtutis
1560 2818 1839 2878 ambitus:
1867 2830 1924 2878 et
1961 2834 2128 2893 saepe
2222 2837 2318 2884 aut
2348 2827 2528 2883 dicere
2557 2826 2686 2900 quid
2717 2827 2784 2882 de
2808 2823 2986 2882 divina
3009 2819 3369 2893 philosophia,
3393 2817 3440 2874 si
3463 2832 3571 2874 non
3613 2830 3804 2873 secun-

529 2924 630 2965 nos
655 2919 711 2966 et
738 2919 793 2964 ιιι
825 2910 938 2980 ipse
966 2909 1021 2964 in
1050 2910 1152 2967 hoc
1177 2909 1500 2969 exhortatus
1527 2926 1610 2978 es,
1627 2920 1688 2970 et
1709 2912 1906 2968 librum
1922 2912 2122 2984 ipsum,

532 3002 1074 3072 utsuperexaltatum
1111 3002 1392 3060 remisisti.
1435 3002 1738 3076 Propterea
1769 3011 1832 3060 et
1870 3018 1974 3062 nos
1997 2998 2124 3061 eum
2214 3014 2525 3085 captionem
2581 3010 2889 3070 divinarum
2960 3007 3328 3080 cognitionum
3397 3003 3694 3076 negligere.
3743 2999 3810 3058 Ει

485 3149 488 3151 μ
530 3097 775 3162 quidem,
816 3103 874 3151 ut
920 3094 1282 3166 perfectorem
1326 3105 1383 3154 et
1423 3094 1825 3154 bonorabiiium
1864 3111 2124 3155 sensuum
2228 3104 2332 3162 hoc
2355 3118 2456 3160 nos
2482 3104 2785 3160 docuerunt
2812 3117 2919 3157 non
2960 3100 3135 3156 solum
3171 3096 3324 3169 juxta
3358 3105 3608 3155 naturam
3645 3106 3807 3165 appe-

533 3189 869 3256 magistrum,
905 3188 1010 3253 his,
1043 3187 1133 3259 qui
1166 3202 1330 3260 super
1344 3188 1559 3247 .muitos
1587 3197 2120 3262 sunt,segrcgarsns,

2227 3198 2358 3254 titus
2393 3181 2700 3253 animarum
2737 3193 3053 3249 amabiliter
3077 3205 3296 3263 semper
3329 3187 3533 3255 dulces,
3561 3187 3809 3256 adjuncta

2190 2925 2193 2928 ’
2224 2919 2352 2978 dum
2392 2918 2737 2977 intellectum
2789 2916 3152 2989 percepimus.
3183 2911 3274 2968 Sic
3300 2926 3408 2968 non
3434 2918 3648 2982 oportet
3691 2923 3808 2966 sus-
3908 2987 3912 2990 ν

462 3296 475 3305 ·
530 3279 692 3333 veluti
723 3279 986 3348 quaedam
1012 3279 1250 3349 secunda
1271 3279 1507 3352 eloquia,
1537 3289 1592 3338 et
1619 3279 1735 3343 Deo
1758 3289 1952 3339 unctos
1988 3295 2123 3338 con-

526 3382 864 3440 sequentem.
897 3369 991 3427 liis
1029 3379 1210 3428 autem
1227 3413 1242 3440 ,
1271 3373 1363 3445 qui
1391 3372 1686 3430 secundum
1707 3368 1810 3430 nos
1829 3381 1972 3439 sunt,
1995 3386 2123 3444 pro-

522 3463 906 3534 ,ρυνιίοιιιιιίιθι
953 3465 1109 3522 nobis
1151 3479 1252 3523 nos
1301 3465 1485 3523 divina
1525 3465 1826 3523 trademus.
1870 3464 1931 3524 Si
1973 3465 2121 3522 enim

528 3556 895 3627 pet-tectorum
922 3567 1008 3614 est
1032 3557 1200 3640 solida
1227 3575 1354 3617 esca
1379 3571 1432 3628 ι,
1455 3558 1548 3615 tali
1579 3573 1676 3617 esu
1702 3557 1845 3614 alios
1877 3566 2122 3630 quantae

533 3651 691 3704 t‘nerit
717 3650 1102 3722 perfectionis?
1153 3652 1317 3712 Recte
1364 3653 1529 3723 igitur
1555 3668 1589 3711 a
1622 3651 1780 3709 nobis
1818 3662 1878 3708 et
1921 3658 2122 3709 conve-

533 3741 869 3802 nientissima
925 3742 1025 3797 hoc
1069 3742 1274 3799 dictum
1320 3751 1427 3808 est,
1474 3758 1573 3815 per
1619 3741 1860 3816 seipsam
1905 3739 2123 3814 quidem

529 3833 1003 3902 contemplativam
1051 3834 1404 3891 invisibiiium
1451 3835 1794 3908 eioquiorum
1832 3831 2123 3898 visionem,

530 3934 586 3977 et
615 3926 1017 3995 oonspectivam
1047 3943 1238 3982 eorum
1257 3928 1581 3996 doctrinam,
1611 3926 1948 3987 honorabilis
1979 3925 2123 3981 indi-

532 4031 662 4086 gere
696 4016 945 4086 virtutis;
991 4018 1048 4072 in
1110 4019 1217 4075 hoc
1264 4026 1450 4075 autem
1491 4018 1786 4076 ferentium
1834 4019 2127 4076 verborum

532 4106 813 4162 scientiam
844 4117 902 4164 et
933 4100 1276 4183 disciplinam
1308 4112 1610 4169 minoribus
1633 4111 1843 4168 devotis
1863 4118 1922 4167 et
1941 4123 2130 4166 sacra-

538 4199 606 4250 tis
645 4200 961 4255 conveuire.
1001 4200 1168 4271 Atqui
1213 4211 1271 4258 et
1304 4203 1408 4258 hoc
1461 4203 1620 4260 nobis
1644 4202 1994 4258 obsonatum
2043 4207 2130 4257 est

537 4293 692 4346 valde
720 4293 1014 4350 nioduiose.
1062 4294 1268 4365 Itaque.
1297 4295 1417 4366 ipso
1467 4293 1652 4352 divino
1687 4295 1826 4352 duce
1849 4293 2005 4363 juxta
2034 4307 2134 4348 ex-

534 4385 866 4456 pressionem
925 4385 1157 4451 lucidam
1218 4387 1356 4443 bene
1410 4385 1683 4452 discretis,
1732 4384 1866 4441 nihil
1905 4384 2140 4440 omnino

537 4475 921 4546 injungendum
958 4492 1194 4547 unquam
1221 4477 1292 4532 ad
1317 4478 1663 4549 tautologiam
1690 4478 1744 4533 in
1779 4477 2038 4548 propositi
2062 4476 2132 4531 ab

513 4583 598 4618 ,ω
628 4566 823 4632 eloquii
852 4567 1304 4642 explanationem.
1341 4567 1611 4636 Quoniam
1632 4576 1687 4624 et
1707 4583 1837 4627 cum
1856 4569 1988 4642 ipsis
2015 4569 2132 4624 Deo
2161 4566 2209 4626 Ι)

537 4657 958 4727 ποριιριιιιιὶιὶιιιιε
981 4660 1180 4719 nostris
1199 4661 1427 4728 summis
1437 4659 1895 4716 sacerdotibus—
1909 4661 2128 4731 quando

538 4759 592 4802 ct
623 4765 740 4813 nos,
774 4760 830 4804 ut
857 4751 1198 4817 aestimatur,
1230 4760 1286 4811 et
1313 4760 1392 4818 tu,
1425 4761 1482 4809 et
1505 4753 1659 4809 multi
1693 4767 2006 4810 sanc'orum
2030 4767 2130 4807 no-

434 4896 439 4902 ,
539 4848 778 4896 stt-orum
832 4839 1060 4896 fratrum
1110 4843 1166 4896 in
1213 4843 1476 4901 visionem
1517 4843 1684 4898 vitam
1728 4843 1815 4900 inc
1863 4843 2036 4900 cautis
2075 4850 2132 4899 et

543 4937 712 4990 licunt
756 4935 1064 5008 recipientis
1101 4940 1349 5009 corporis
1390 4939 1782 5004 convenimus;
1813 4940 2002 4994 aderat
2037 4953 2134 4992 au-

537 5038 651 5081 tem
682 5035 736 5081 ct
782 5028 874 5082 Dei
895 5073 898 5076 ι
920 5028 1088 5084 frater
1114 5028 1368 5097 lacubus,
1403 5041 1459 5088 et
1486 5030 1679 5087 Petrus
1705 5040 1891 5086 vertex
1934 5037 1988 5085 et
2031 5031 2131 5084 ho-

542 5121 938 5178 norabilissitna
971 5122 1340 5194 theologorum
1371 5123 1688 5180 summitas:
1717 5123 1911 5178 deinde
1934 5121 2136 5192 placuit

545 5220 668 5282 post
717 5211 978 5268 visionem
1025 5213 1264 5267 .iaudare
1309 5227 1554 5274 summos
1601 5212 1914 5267 sacerdotes
1974 5209 2138 5263 simul

538 5321 754 5369 onmes,
782 5287 1049 5374 qttoinodo
1081 5305 1452 5376 unusquisque
1483 5314 1602 5360 erat
1631 5303 1876 5365 idoneus,
1905 5301 2135 5356 multum

2223 3283 2716 3359 supernaturalium
2741 3283 3217 3357 contemplatione,
3242 3283 3336 3339 sed
3365 3289 3419 3338 et
3456 3281 3571 3352 ipsa
3601 3278 3810 3334 divina-

2224 3386 2344 3436 rum
2391 3378 2571 3454 legum
2616 3377 2832 3452 egregia
2885 3375 3168 3448 dispositio
3205 3392 3221 3429 :
3266 3387 3331 3430 ea
3383 3371 3619 3447 quidem,
3676 3383 3811 3442 quac

2221 3485 2388 3543 super
2419 3485 2521 3527 nos
2547 3476 2695 3536 sunt,
2725 3465 3002 3538 depellens
3026 3464 3252 3521 multum
3279 3461 3528 3525 actitare,
3555 3467 3615 3515 et
3643 3469 3700 3514 ut
3723 3474 3811 3515 su—

2222 3578 2324 3634 per
2367 3561 2708 3632 dignitatem,
2749 3567 2802 3613 et
2839 3567 2900 3612 ut
2941 3554 3298 3628 impossibilia
3337 3551 3564 3608 :omuia
3612 3557 3809 3614 autem,

2224 3664 2580 3722 quaecunque
2603 3663 2636 3705 a
2663 3648 2822 3705 nobis
2843 3654 3173 3720 appetuntur
3202 3653 3259 3700 et
3287 3644 3392 3700 don
3405 3651 3580 3708 tutor,
3609 3641 3812 3696 discere

2225 3752 2434 3799 attente
2464 3742 2759 3813 imperans,
2789 3747 2850 3795 et
2874 3738 2998 3794 aliis
3025 3734 3552 3794 divinitus-tradere.
3600 3731 3695 3788 His
3719 3731 3812 3803 igi-

2229 3846 2319 3892 tur
2342 3844 2398 3890 et
2426 3849 2524 3890 nos
2543 3832 2719 3901 suasi,
2746 3840 2800 3889 et
2827 3830 2897 3886 ad
2911 3827 3242 3902 .possibiicm
3282 3825 3588 3902 divinorum
3630 3824 3815 3879 iuven-

2231 3925 2432 3981 tionem
2462 3924 2770 3978 laborantes
2791 3931 2885 3976 aut
2906 3919 3278 3980 formidantes,
3311 3916 3406 3972 sed
3426 3924 3482 3970 et
3503 3929 3612 3969 non
3636 3913 3814 3968 valen-
3845 3925 3848 3928 ’

2230 4025 2311 4072 tes
2365 3999 2719 4072 in'nostrum
2763 4012 2987 4068 meliora
3019 4010 3283 4081 aspicere,
3333 4005 3611 4078 inadjutos
3658 4003 3820 4059 relino

2230 4123 2404 4180 qnere
2436 4121 2545 4165 non
2573 4105 2927 4172 sustinentes,
2977 4104 3031 4158 in
3085 4097 3536 4159 conscribendam
3588 4099 3817 4154 nosmet-

2231 4205 2378 4277 ipsos
2416 4201 2788 4274 perduximus,
2819 4213 3019 4254 novum
3063 4194 3446 4268 quidemmihi!
3480 4194 3819 4250 introducere

2231 4296 2516 4366 audentes,
2559 4291 2934 4350 subtilioribus
2979 4299 3164 4345 autem
3200 4298 3260 4345 et
3301 4289 3596 4344 secundum
3633 4297 3820 4358 partes

2232 4388 2474 4460 singulas
2541 4383 3094 4456 interrogationibus,
3149 4396 3291 4453 quae
3331 4379 3626 4452 praeclare
3678 4379 3818 4435 dicta

2232 4491 2362 4540 sunt
2396 4496 2518 4537 vere
2547 4481 2614 4536 ab
2644 4479 2918 4543 lerotbeo,
2951 4466 3321 4531 discernentes
3346 4481 3400 4529 et
3433 4473 3820 4546 exprimentes.

2767 4607 3166 4666 εΑΡιΤυιυιι
3207 4607 3291 4663 ιγ.

2227 4747 2311 4803 De
2333 4765 2371 4813 ο,
2400 4748 2549 4809 timo,
2573 4744 2793 4813 lumine,
2826 4745 2978 4805 bono,
3007 4757 3206 4806 amore,
3231 4735 3608 4813 exstasi,.zelo,
3635 4744 3684 4789 et
3698 4733 3825 4813 quia

2308 4809 2505 4872 malum
2537 4806 2701 4887 neque
2731 4806 2804 4878 iis,
2848 4825 3012 4884 neque
3039 4828 3103 4865 ea:
3129 4828 3223 4878 eo,
3268 4809 3407 4882 quod
3443 4817 3544 4871 est,
3587 4821 3750 4876 neque
3772 4806 3824 4858 in

2261 4925 2264 4928 ι
2306 4888 2672 4942 existentibus.

2313 5019 2370 5074 Si
2399 5017 2742 5073 commodum
2764 5030 2915 5087 ergo,
2944 5014 2998 5068 in
3024 5027 3144 5068 eam
3169 5011 3280 5082 jam
3308 5020 3557 5065 sermone
3590 5005 3820 5063 divinam

2243 5112 2671 5170 nominationem
2697 5108 3022 5171 redeamus,
3053 5118 3213 5175 quam
3244 5107 3450 5156 remote
3471 5096 3714 5168 theologi
3737 5110 3822 5149 su-

2243 5206 2558 5277 pcrdivinae
2585 5198 2776 5256 deitati
2821 5198 2888 5252 ab
2915 5196 3168 5251 omnibus
3203 5197 3508 5266 segregant,
3543 5188 3737 5258 ipsam,
3771 5192 3826 5238 ut

2244 5299 2504 5358 arbitror,
2536 5294 2778 5350 divinam
2818 5288 3228 5347 subsistentiam
3253 5288 3274 5317 ’
3306 5283 3603 5342 bonitatem
3645 5280 3796 5334 dicen

1840 5437 2096 5495 VARIAE
2135 5426 2534 5493 LECTlONES.

628 5563 642 5592 ¹
683 5561 771 5615 ΑΕ
806 5563 858 5617 in
895 5575 1099 5616 tantum
1133 5573 1224 5618 aut
1252 5562 1462 5622 insania
1495 5570 1582 5615 aut
1622 5559 1866 5612 stultitia.
1945 5556 1965 5588 ³
2007 5554 2100 5608 BH
2140 5549 2513 5605 substantiam.

2079 5663 2257 5720 NOTA
2270 5661 2328 5714 Ε.

623 5788 654 5816 ι
691 5773 856 5829 Hebr.
905 5771 968 5827 ι’.
