4198 6238
337 306 491 368 HIS-

819 298 826 304 ’
960 308 1225 381 vensm
1263 321 1555 384 ossuum
1590 324 1650 382 s.
1690 328 2007 387 oronrsn.
2046 361 2121 373 -
2159 333 2247 395 οε
2286 335 2531 391 annos
2569 335 2959 396 noututuus.

3470 340 3606 399 I130

331 436 439 490 tes.
462 433 516 480 et
541 425 667 526 quia
702 430 984 489 eximendo
1009 435 1274 515 optimum
1301 477 1316 500 ,
1366 449 1427 493 ut
1444 434 1739 499 cssentiale
1771 442 1918 513 opti—
1948 446 1995 505 Α
2025 454 2278 515 cooperta
2304 447 2493 502 vivunt
2511 427 2566 503 et
2593 443 2809 517 obruta,
2830 458 2886 505 et
2915 450 3233 522 simpliciter
3252 466 3627 526 quaecunque:

299 535 511 585 ,tnum,
568 523 629 578 in
666 525 874 593 omnia,
905 543 1045 608 quae
1089 540 1247 598 sunt,
1298 534 1543 611 extendit
1592 534 1909 591 bonitatem.

330 611 539 671 Etenim
566 616 709 673 sicut
727 620 944 690 quidem
974 623 1074 694 qui
1098 626 1395 703 secundum
1423 642 1524 684 nos
1553 638 1641 683 est
1674 617 1788 695 sol,
1808 645 1913 684 non

327 703 574 782 cogitans
622 715 716 761 aut
772 710 1141 781 praeeligens,
1195 715 1293 770 sed
1347 729 1416 769 eo
1468 730 1589 772 esse
1646 715 1916 773 illuminat

326 796 528 861 omnia,
571 812 711 868 quae
735 802 1062 875 participare
1099 805 1279 861 lumen
1308 823 1425 875 ejus
1459 810 1756 864 secundum
1786 824 1914 881 pro-

326 884 506 957 priam
532 892 772 959 potentia
802 900 926 948 sunt
960 895 1249 963 rationem,
1270 899 1355 955 sic
1379 906 1435 953 et
1460 899 1728 972 optimum
1754 915 1920 973 super

327 974 497 1037 solem
524 1018 540 1044 ,
592 990 652 1036 ut
680 997 843 1054 super
890 985 1525 1061 obscuramimaginem
1589 990 1922 1051 excellenter

262 1056 287 1081 ‘
327 1067 629 1141 principate
679 1076 987 1149 exemplum
1011 1083 1048 1145 ,'
1084 1079 1191 1150 ipsi
1230 1056 1619 1158 subsistentiae
1666 1083 1922 1139 omnibus

302 1219 307 1222 .
330 1167 693 1239 existentibus
713 1176 1191 1245 proportionaliter
1210 1177 1553 1250 supermittit
1575 1179 1742 1235 totius
1768 1180 1924 1235 boni-

331 1257 468 1313 tatis
493 1260 693 1317 radios.
734 1262 839 1320 Per
852 1280 991 1339 quos
1006 1265 1305 1324 Subsistere
1320 1267 1621 1343 itwisibiles
1643 1279 1699 1326 et
1715 1269 1925 1325 intelle—

241 1354 252 1365 "
333 1350 541 1406 ctuales
562 1368 775 1433 omnia,
793 1365 847 1411 et
861 1358 1149 1436 essentiae,
1172 1370 1228 1415 et
1243 1360 1492 1427 virtutes,
1506 1369 1562 1417 et
1581 1361 1926 1432 operationes

330 1456 431 1514 per
457 1458 554 1500 eos
599 1453 749 1512 sunt,
794 1454 850 1501 et
891 1447 1059 1504 vitam
1102 1448 1301 1505 habent
1346 1465 1453 1509 non
1500 1450 1841 1530 deﬁcientem
1870 1462 1984 1509 et-v'

332 1549 439 1589 non
489 1536 849 1605 minoratant,
900 1540 1049 1597 omni
1104 1544 1459 1614 corruptione
1490 1560 1495 1566 '
1530 1552 1588 1600 et
1634 1555 1809 1601 morte
1872 1555 1968 1601 et'

242 1668 246 1672 .
334 1626 562 1683 materia
592 1635 650 1683 et
700 1631 1049 1701 generatione
1105 1643 1411 1705 purgatae,
1465 1643 1522 1691 et
1580 1634 1836 1691 instantia
1875 1645 1971 1705 et;

336 1713 483 1799 ﬂuxu
544 1727 602 1775 et
643 1718 790 1800 aliud
841 1720 1007 1777 aliter
1051 1720 1259 1794 ferente
1307 1723 1671 1782 mutabilitate
1713 1741 1967 1801 sursum.

2018 536 2332 591 sensibilem
2362 538 2561 595 habent
2589 539 2826 609 animam
2850 551 2946 615 aut
2974 542 3158 607 vitam,
3188 554 3241 598 et
3265 545 3399 600 haec
3424 548 3639 600 omnia.-

2018 644 2117 701 per
2143 631 2410 702 optimum
2439 633 2753 697 animantur
2783 643 2838 689 et
2871 635 3235 692 viviﬁcantur.
3270 636 3334 691 Et
3362 620 3610 709 germina

2016 719 2201 775 omnia
2259 720 2593 779 nutritivam-
2625 732 2681 777 et
2733 723 2999 798 molitam
3050 724 3249 781 habent
3311 726 3477 781 vitam
3538 742 3627 784 ex.

2017 812 2245 886 optimo.
2283 821 2342 867 et
2367 826 2725 884 quaecunque
2767 814 2837 870 sit
2865 797 3177 871 inanimalis
3202 823 3265 871 et
3292 832 3399 872 non
3429 802 3627 872 vitalis}

2017 901 2280 967 essentia,
2308 917 2405 973 per
2433 904 2699 979 optimum
2715 914 2817 971 est,
2844 914 2903 961 et
2940 922 3039 978 per
3063 906 3238 979 ipsum
3264 908 3609 976 essentialem

2021 994 2265 1054 habitum
2291 996 2588 1054 sortita..Si
2613 1007 2795 1077 autem
2824 1008 3073 1075 et-‘snper
3110 999 3296 1056 omnia
3322 1002 3611 1058 cxisteutia

2011 1096 2128 1167 est,
2157 1088 2428 1159 quomodo
2449 1088 2614 1160 igitur
2633 1097 2715 1144 est
2735 1090 3035 1161 optimum?
3064 1091 3128 1145 Et
3159 1090 3389 1147 informe
3416 1089 3603 1146 formi-

2026 1177 2193 1245 llcat,
2259 1188 2313 1231 et
2372 1178 2427 1233 itt
2498 1194 2558 1234 se
2619 1178 2734 1235 solo
2809 1197 2914 1236 non
2976 1181 3266 1237 cssentiule
3339 1181 3614 1238 essentiau

2025 1270 2380 1347 excellentia,
2430 1280 2622 1326 etnon
2671 1271 2860 1329 vivens
2912 1288 3176 1345 superans
3229 1274 3359 1338 vita,
3409 1283 3463 1330 et
3509 1291 3623 1329 non

2028 1358 2337 1431 intelligens
2388 1370 2657 1431 superans
2712 1362 3016 1434 sapientia,
3052 1373 3107 1418 et
3157 1370 3515 1435 qtn‘tecunque
3563 1364 3616 1416 in

2026 1451 2233 1523 optimo
2281 1451 2593 1509 iufortniutn
2648 1463 2803 1508 sunt.
2828 1453 3282 1526 supereminentis
3304 1494 3313 1502 .
3339 1451 3617 1523 specifica-

2032 1544 2215 1600 tionis.
2248 1543 2317 1601 Et
2336 1544 2380 1600 si
2396 1541 2603 1613 justum
2630 1545 2831 1609 dicere,
2861 1544 3124 1617 optimum
3151 1544 3295 1615 quod
3318 1552 3425 1609 est,
3450 1559 3616 1616 super

2028 1636 2214 1691 omnia
2244 1635 2533 1709 existentia
2561 1645 2615 1693 et
2646 1637 2699 1697 id
2726 1637 2870 1708 quod
2899 1651 3006 1692 non
3043 1634 3378 1709 39,;appetit,
3405 1647 3459 1689 et
3480 1651 3613 1689 con-
3706 1642 3713 1649 ‘

2034 1727 2207 1785 tendit
2256 1726 2529 1799 quomodo
2578 1727 2632 1782 in
2690 1728 2897 1799 optimo
2926 1729 3136 1784 ethoc
3189 1742 3309 1784 esse
3364 1737 3489 1782 eute
3526 1742 3621 1781 su-

331 1807 566 1882 positac,
619 1819 677 1867 et
726 1812 1134 1893 incorporales,
1185 1822 1242 1871 et
1290 1814 1680 1875 immateriales
1736 1817 1932 1874 intelli-
1961 1816 2406 1893 Bsperessentiali
2435 1816 2595 1890 juxta
2632 1818 2877 1875 omnium
2923 1817 3276 1873 ablutionem.
3320 1817 3428 1874 Sed
3474 1818 3620 1887 quod
3678 1837 3681 1841 <

342 1911 568 1970 guntur,
597 1908 654 1958 et
697 1913 757 1957 ut
788 1892 1095 1983 intellectus
1125 1910 1565 1977 supermundane
1596 1908 1935 1989 intelligunt,

333 2003 391 2047 et
435 1994 787 2069 existentium
852 1997 1071 2076 proprie
1136 1997 1513 2057 illuminantur
1567 2000 1839 2070 rationes,
1881 2012 1991 2076 et;

335 2084 534 2151 iterant
561 2086 617 2143 in
644 2099 895 2166 cognata,
924 2075 1069 2161 quae
1097 2090 1315 2162 propria
1337 2075 1511 2172 sunt,
1534 2108 1539 2114 '
1563 2092 1836 2173 deferunt.
1872 2096 1959 2152 Et‘

336 2179 734 2242 habitationem~
757 2196 825 2237 ex
868 2182 1117 2251 bonitate
1143 2185 1385 2265 habent,
1433 2194 1489 2243 et
1520 2185 1977 2249 fundamentutnr

320 2271 418 2359 eis
448 2273 574 2329 inde
616 2285 722 2339 est,
748 2284 804 2331 et
830 2276 1191 2354 continentia,
1222 2278 1558 2357 etcusto‘dia
1578 2322 1593 2347 ,
1622 2289 1678 2337 et
1707 2280 1945 2339 refectio-

335 2364 629 2430 bonorutn,
670 2372 726 2425 et
745 2362 864 2438 ejus
888 2376 1242 2438 appetentes,
1273 2376 1331 2426 et
1356 2383 1514 2437 esse,
1546 2379 1606 2427 et
1630 2371 1770 2430 bene
1812 2387 1940 2430 esse
1968 2397 1991 2407 ολ

338 2456 565 2547 habent,
591 2466 649 2511 et
668 2456 738 2514 ad
760 2472 881 2536 eam
898 2498 913 2525 ,
942 2467 1001 2547 ut
1025 2461 1308 2530 possibile,
1339 2462 1694 2530 reformatae,
1720 2473 1777 2520 et
1800 2466 1940 2523 bene
1967 2490 1980 2497 --

337 2546 687 2619 specilleatae
714 2559 873 2625 sunt,
912 2559 967 2627 et
993 2549 1113 2617 bis,
1144 2567 1284 2623 quae
1312 2561 1436 2625 post
1470 2569 1557 2610 se»
1580 2564 1707 2617 sunt
1732 2570 1752 2623 ',
1788 2570 1942 2611 cout-
1972 2583 1991 2591 η

339 2642 659 2708 municaut,
713 2653 772 2698 ut
801 2643 985 2719 divina
1024 2644 1113 2703 lex
1150 2646 1428 2721 suggerit,
1460 2646 1516 2703 in
1547 2662 1754 2727 easgex
1793 2650 1939 2707 bono
1962 2668 1973 2703 ,·

338 2733 948 2806 prodeuntibusdonis.
998 2736 1130 2815 lude
1169 2737 1252 2811 eis
1298 2740 1645 2811 superornati
1675 2741 1894 2799 ordines
1918 2785 1964 2809 ,π

339 2827 410 2883 ad
434 2843 496 2891 se
529 2828 677 2899 ipsas
699 2829 956 2897 unitates,
975 2830 1127 2905 inter
1154 2847 1217 2889 se
1242 2831 1476 2901 invicem
1502 2832 1828 2903 locationes,
1855 2836 1937 2891 ius

339 2918 621 2977 contrusae
652 2922 1030 2989 discretiones,
1086 2925 1153 2982 ad
1200 2920 1465 2982 meliores
1495 2925 1806 2987 reductivae
1837 2929 1939 2985 mi-

342 3025 541 3070 norum
558 3010 809 3085 virtutes,
828 3013 976 3071 circa
997 3015 1232 3073 secunda
1250 3015 1626 3086 providentiae
1648 3016 1937 3087 majorum,
1962 3088 1965 3092 _

342 3103 692 3175 propriarum
740 3102 1169 3187 uniuscujusque
1216 3107 1480 3163 virtutum
1530 3108 1839 3171 custodiae,
1880 3119 1937 3166 et

342 3196 490 3253 circa
541 3210 634 3254 eas
678 3212 786 3254 non
836 3176 1093 3275 labentes
1134 3198 1406 3277 ambitus,
1439 3198 1588 3271 circa
1632 3201 1934 3272 appetitum
1964 3176 2010 3239 (ἶ

342 3286 536 3356 optimi
569 3286 1039 3365 immutabilitates
1071 3295 1130 3349 et
1159 3287 1563 3356 sublimitates,
1583 3298 1641 3346 et
1666 3305 1961 3361 quaecun--.

344 3393 454 3451 que
492 3379 598 3456 alia
639 3370 943 3450 dictaeunt
972 3396 1004 3436 a
1033 3380 1190 3439 nobis
1222 3382 1276 3438 iu
1321 3396 1408 3440 eo:
1432 3383 1499 3442 de
1529 3374 1789 3458 angelicis
1814 3400 1941 3456 pro-

348 3473 691 3547 prietatibus
724 3486 781 3530 et
829 3474 1289 3539 ordinationibus.
1318 3474 1433 3533 Sed
1456 3485 1511 3556 et
1529 3476 1558 3510 ·ί
1584 3489 1947 3549 quaecunque

350 3564 519 3635 ipsius
532 3565 783 3642 caelestis
796 3566 1095 3625 ierarcbiae
1108 3574 1236 3625 sunt
1248 3567 1525 3641 angelicae
1540 3570 1941 3639 mundationes,

349 3664 407 3714 et
453 3652 893 3727 supermundani'
924 3656 1303 3726 luciducatus,
1351 3669 1412 3732 et
1446 3662 1943 3731 consummatioues

353 3747 523 3819 totius
552 3747 835 3828 angelicae
861 3749 1235 3822 perfectionis,
1257 3766 1324 3807 ex
1346 3744 1801 3811 cattsalissimaet
1817 3751 1945 3825 fon-

355 3838 450 3898 tali
477 3850 603 3897 sunt
631 3840 897 3908 bonitate,
925 3856 992 3898 ex
1038 3854 1147 3913 qua
1192 3850 1255 3899 et
1292 3842 1556 3907 deifortne
1573 3842 1660 3912 eis
1676 3843 1943 3917 donatum

350 3940 460 4009 est,
506 3930 564 3990 et
605 3933 821 3991 elucere
869 3935 941 3992 in.
974 3936 1054 3993 eis
1077 3935 1348 3993 occultam
1378 3934 1715 4013 bonitatem,
1742 3946 1949 4001 etesse

253 4090 257 4094 ἢ
349 4026 576 4098 angelos
607 4034 863 4098 lanquam
913 4029 1290 4097 enuntiatores
1321 4028 1492 4086 divini
1539 4030 1776 4097 silentii,
1808 4040 1949 4087 etut

353 4117 647 4173 luminaria
691 4117 851 4193 clara~
880 4120 934 4175 in
976 4120 1161 4193 adytis
1197 4123 1487 4179 existentis
1532 4123 1946 4194 imerpretativa

348 4210 705 4281 praemissos.
740 4207 848 4266 Sed
882 4220 939 4267 et
967 4221 1091 4289 post
1128 4211 1250 4269 illos
1295 4229 1483 4270 sacros
1510 4223 1567 4270 et
1604 4224 1825 4271 sanctos
1864 4216 1947 4271 itt-

352 4295 635 4375 tellectus,
668 4300 901 4381 animae
947 4310 1017 4357 ct»
1057 4318 1419 4374 quaecunque
1462 4315 1589 4361 sunt
1638 4305 1947 4382 animarum

349 4388 539 4456 δοίη..
575 4405 678 4461 per.
704 4406 918 4457 summe
971 4395 1233 4467 optimam
1271 4405 1400 4453 sunt
1441 4397 1763 4473 bonitatem,
1796 4413 1949 4453 ama-

352 4482 519 4538 trices
546 4498 647 4539 eas
667 4497 791 4541 esse
816 4485 1050 4542 habendi
1075 4489 1421 4547 essentialem
1448 4490 1640 4555 vitam,
1664 4490 1947 4547 insolubile

352 4573 531 4647 ipsum
562 4591 709 4641 esse,
737 4586 793 4632 et
823 4593 987 4649 posse
1012 4580 1081 4635 ad
1104 4581 1381 4653 angelicas
1412 4583 1647 4639 intentas
1674 4584 1815 4639 vitas
1846 4598 1943 4653 per

352 4680 450 4722 eas
484 4672 545 4722 ut
584 4668 820 4737 optimas
849 4668 1152 4737 ,ductrices,
1212 4673 1266 4727 in
1319 4675 1560 4729 omnium
1612 4676 1943 4745 optimorum

352 4754 660 4813 bonitatem
685 4760 1041 4837 principalem
1072 4763 1257 4819 reduci
1284 4806 1299 4828 ,
1336 4774 1390 4819 et
1422 4763 1545 4820 inde
1569 4765 1942 4820 etnanautium

352 4849 822 4907 illuminationunt
875 4853 931 4908 in
976 4854 1396 4932 participatione
1440 4858 1592 4920 fieri,
1645 4856 1945 4920 secundum

355 4959 517 5000 suam
545 4939 853 5015 analogiam
882 4956 939 5000 et
965 4947 1357 5019 deiforntitatis
1374 4949 1716 5005 donationem
1738 4992 1750 5015 ,
1781 4966 1948 5020 quae-

357 5052 467 5109 que
494 5039 673 5092 virtus
700 5038 1065 5111 participare,
1110 5049 1167 5095 et
1193 5055 1549 5112 quaecunque
1576 5042 1680 5095 alia
1714 5060 1743 5095 a
1794 5038 1953 5099 nobis

357 5131 413 5186 in
429 5132 539 5196 bis,
562 5146 703 5201 quae
722 5143 852 5194 sunt
871 5135 938 5189 de
951 5133 1253 5200 animabus,
1279 5143 1590 5190 enumerata
1605 5143 1749 5189 sunt.
1766 5132 1871 5189 Sed
1892 5145 1950 5190 et

358 5225 428 5279 de
460 5223 611 5294 ipsis,
633 5226 678 5279 si
703 5233 917 5297 oportet
942 5225 1147 5290 dicere,
1175 5225 1635 5281 irrationabilihus
1665 5226 1952 5282 animabus

357 5326 459 5371 aut
487 5316 838 5383 animalibus,
864 5326 1221 5388 quaecunque
1258 5319 1383 5373 aera
1427 5327 1645 5379 secant,
1685 5329 1740 5372 et
1778 5332 1949 5387 quae-

363 5423 582 5477 cunque
634 5409 688 5462 in
753 5417 897 5463 terra
949 5410 1309 5480 gradiuntur,
1365 5417 1421 5463 et
1475 5422 1832 5478 quaecunque
1897 5408 1953 5461 in

368 5509 571 5556 terram
609 5502 1004 5566 extenduntur,
1038 5510 1095 5556 αἱ
1131 5502 1193 5556 in.
1214 5501 1370 5571 aquis
1402 5501 1566 5555 vitam
1609 5510 1702 5554 aut
1733 5500 1787 5553 in
1815 5498 1953 5553 mari

369 5599 423 5647 et
474 5591 529 5647 in
592 5600 735 5647 terra
794 5590 1115 5658 sordentia,
1173 5602 1225 5647 et
1265 5604 1630 5660 quaecunque
1663 5591 1764 5642 sub
1810 5583 1984 5643 terra

2037 1905 2257 1978 quidem
2272 1922 2386 1964 ‘nos
2413 1906 2465 1960 itt
2501 1907 2679 1967 medio
2707 1909 3149 1979 praetermissum
3173 1905 3380 1981 effugit,
3411 1916 3466 1964 et
3499 1920 3623 1963 oae-

2038 1996 2255 2053 lestium
2288 1998 2593 2071 principum
2632 2009 2688 2055 et
2731 1999 3122 2055 sultiintitatum
3147 2014 3308 2056 causa
3335 1999 3619 2070 optimum.
3672 2032 3698 2072 χ

2038 2108 2148 2167 non
2203 2108 2366 2168 aucta
2412 2100 2605 2150 etnon
2638 2082 2867 2157 minuta,
2908 2102 2974 2159 et
3024 2094 3247 2165 omnino
3299 2091 3621 2148 iinmutabtli

2036 2181 2226 2259 eadem
2271 2181 2590 2249 latitudine,
2626 2194 2683 2238 et
2715 2183 3158 2251 cottsmtantium,
3189 2184 3233 2240 si
3285 2183 3365 2239 sic
3409 2188 3618 2254 oportet

2034 2274 2240 2353 dicere,
2282 2260 2516 2349 maxima
2540 2276 2760 2332 caelesti
2796 2276 2882 2335 via
2904 2266 3179 2343 motuum,
3224 2284 3279 2331 et
3308 2272 3618 2331 sideralittm

2035 2366 2293 2423 ordinum
2318 2406 2333 2432 ,
2375 2376 2431 2422 et
2457 2367 2875 2445 decorositatu'm
2894 2408 2911 2441 ,
2935 2378 2992 2423 et
3025 2367 3288 2424 luminum
3307 2405 3321 2433 ,
3348 2375 3405 2421 et
3449 2365 3622 2421 collo-

2036 2459 2334 2522 cationum,
2355 2466 2411 2515 et
2431 2459 2765 2534 singularum
2781 2460 3057 2518 stellarum
3082 2458 3429 2533 permeabilis
3449 2456 3636 2514 multi-

2037 2551 2514 2616 modaemotionis,
2530 2560 2584 2609 et
2603 2549 2737 2622 ejus,
2753 2560 2993 2625 quaeest
3008 2551 3236 2608 duorum
3252 2549 3594 2606 lutninarium
3608 2588 3622 2607 .
3642 2598 3648 2603 .

2035 2661 2174 2718 quae
2216 2644 2429 2715 eloquia
2474 2653 2670 2713 vocant
2696 2640 2908 2716 magna
2931 2687 2947 2711 ,
2981 2644 3051 2702 ab
3090 2644 3292 2702 eisdem
3324 2644 3377 2699 in
3432 2642 3623 2698 eadem

2035 2735 2492 2793 circuutmeabilis
2528 2735 2962 2807 revolubilitatis,
2989 2736 3282 2793 secundum
3309 2751 3449 2813 quae
3483 2735 3623 2806 apud

2036 2843 2141 2884 nos
2167 2822 2285 2885 dies
2326 2836 2383 2884 et
2408 2837 2618 2884 noctes
2658 2829 3035 2894 terminatae,‘
3065 2838 3120 2884 et
3149 2843 3363 2887 menses
3390 2836 3447 2883 et
3494 2828 3621 2881 anni

2037 2921 2356 2988 mensurati,
2397 2923 2687 2994 temporis,
2729 2924 2786 2987 et
2842 2926 3031 2997 eorum
3076 2938 3241 2995 quae
3273 2922 3329 2993 in
3378 2931 3621 2992 tempore

2012 3025 2181 3090 sunt.
2212 3008 2517 3072 circulares
2539 3024 2720 3073 motus
2756 3023 3078 3091 segregant,
3116 3024 3177 3101 et
3220 3022 3540 3079 numerant,
3573 3022 3635 3068 et.

2016 3104 2322 3173 'ordinant,
2349 3117 2407 3161 et
2435 3104 2741 3162 continent.
2773 3103 2914 3174 Quid
2940 3106 2987 3163 si
3014 3106 3139 3177 quis
3161 3105 3357 3162 dixerit
3395 3106 3461 3160 de
3505 3103 3625 3175 ipso

2041 3213 2140 3271 per
2173 3212 2233 3255 se
2254 3198 2416 3255 solari
2446 3197 2598 3255 radio
2614 3199 2641 3254 2
2663 3198 2739 3255 Ex
2764 3199 2968 3272 Optimo
2987 3199 3132 3255 enim
3160 3198 3340 3255 lumen
3370 3208 3427 3253 et
3451 3197 3629 3269 imago

2041 3288 2321 3345 bonitatis.
2371 3289 2681 3357 Deindeet
2710 3289 2977 3347 'lucivooe
3023 3289 3275 3351 laudatur
3329 3291 3627 3359 optimum,

2042 3381 2192 3437 velut
2215 3383 2267 3437 in
2296 3382 2531 3452 imagine
2569 3382 2885 3454 principalis
2919 3381 3093 3453 forma
3138 3383 3501 3441 manifestata.
3534 3380 3628 3441 Sic

2044 3475 2193 3531 enim
2254 3478 2498 3533 omnium
2538 3476 2866 3532 summitatis
2894 3475 3079 3531 divina
3125 3475 3340 3531 bonitas
3380 3492 3408 3529 a
3456 3478 3629 3533 subli-

2046 3564 2302 3635 tnissimis
2331 3574 2390 3622 et
2434 3565 2685 3640 maximis
2722 3565 2976 3623 essentiis
3003 3580 3174 3638 usque
3222 3568 3288 3621 ad
3334 3565 3625 3622 novissima

2044 3658 2315 3731 pervenit,
2339 3665 2396 3714 et
2418 3657 2594 3715 adhuc
2615 3672 2779 3732 super
2802 3672 3003 3717 omnes
3016 3668 3122 3723 est,
3143 3673 3329 3729 neque
3354 3658 3460 3721 his,
3481 3674 3631 3728 quae

2046 3762 2262 3805 sursum
2287 3758 2438 3814 sunt,
2459 3747 2880 3822 anticipantibus
2895 3747 3014 3820 ejus
3030 3746 3431 3823 excellentiam,
3455 3761 3627 3816 neque

2048 3838 2132 3895 his
2168 3853 2309 3912 quae
2329 3838 2581 3897 deorsum
2612 3826 3042 3903 sunt,'ambitum
3068 3837 3632 3912 transgredientibus;

2047 3932 2143 3989 sed
2178 3942 2234 3988 et
2262 3930 2529 3987 illuminat
2570 3930 2812 4003 potentia
2836 3930 3048 3995 omnia,
3079 3939 3133 3984 et
3158 3944 3300 4001 quae
3325 3945 3430 3989 non
3460 3940 3585 3986 sunt
3616 3975 3625 4003 ,

2006 4011 2018 4104 ι’
2049 4027 2198 4092 facit,
2221 4034 2278 4082 et
2300 4024 2564 4111 vivificat,
2586 4033 2643 4081 et
2668 4023 2933 4089 continet,
2955 4031 3007 4078 et
3032 4020 3265 4094 perlicit,
3295 4031 3351 4076 et
3381 4034 3633 4077 mensura

2047 4129 2131 4176 est
2156 4119 2526 4185 existentium,
2548 4127 2601 4173 et
2631 4116 2960 4181 aeternitas,
2988 4124 3043 4170 et
3072 4128 3349 4178 numerus,
3378 4121 3433 4167 et
3470 4114 3631 4176 ordo,

2024 4211 2389 4275 ,et.atnbitus,
2422 4220 2476 4265 et
2504 4223 2688 4274 causa,
2731 4217 2801 4265 et.
2833 4206 2976 4263 linis.
3003 4204 3096 4275 Sic
3122 4214 3191 4260 eL
3218 4204 3434 4260 divinae
3481 4203 3635 4273 bonio

2051 4303 2184 4360 tatis
2208 4302 2568 4378 signiﬁcativa
2602 4301 2807 4373 imago,
2842 4313 3070 4369 magnus
3108 4298 3197 4354 hic
3220 4305 3277 4352 et
3304 4294 3460 4367 plena
3486 4296 3631 4359 luce,

2048 4409 2103 4455 et
2150 4412 2366 4468 semper
2411 4395 2616 4453 lumine
2666 4393 2755 4450 sol
2804 4391 3098 4449 secundum
3156 4389 3377 4446 multam
3436 4403 3633 4457 conso—

2050 4470 2331 4556 nantiam,
2371 4498 2431 4549 et
2478 4488 2663 4545 omnia
2705 4499 3064 4559 quaecunque
3125 4485 3452 4555 participare
3507 4498 3632 4537 eum

2047 4592 2314 4653 possunt,
2369 4579 2638 4635 illuminat
2659 4618 2691 4644 ,.
2738 4584 2793 4632 et
2851 4583 3293 4647 superextentutn
3342 4573 3505 4627 habet
3559 4573 3640 4627 lu-

2043 4688 2169 4729 men
2194 4672 2248 4729 in
2280 4671 2462 4729 omnia
2483 4712 2500 4734 ,
2537 4668 2851 4739 expandens
2896 4666 3163 4723 visibilem
3185 4665 3443 4720 mundum
3472 4706 3487 4729 ,
3517 4680 3640 4720 sur-

2028 4747 2275 4835 sumque
2299 4773 2356 4818 et
2391 4762 2643 4818 deorsum
2679 4760 3019 4835 proprion
3044 4759 3317 4815 radiorum
3342 4757 3635 4812 claritates.

2050 4855 2114 4910 Et
2156 4854 2201 4909 si
2232 4854 2378 4925 'quid
2423 4869 2518 4909 eas
2557 4868 2661 4908 non
2701 4847 3039 4922 participat,
3093 4850 3198 4906 hoc
3250 4866 3355 4904 non
3409 4851 3642 4904 iutirmi—

2022 4947 2180 5001 .tatis
2239 4956 2333 4998 aut
2380 4944 2662 5000 brevitatis
2732 4953 2818 4999 est
2886 4943 3279 4998 illttmiuativae
3340 4942 3462 5012 ejus
3529 4943 3639 4999 disc

2031 5035 2381 5101 tributionis,
2422 5035 2515 5091 sed
2563 5050 2659 5105 per
2685 5034 3069 5105 assumptionis
3120 5032 3335 5088 luminis
3392 5034 3645 5103 inoppot—

2057 5118 2341 5184 tunitatem
2387 5142 2505 5181 non.
2533 5141 2883 5197 repansorum
2916 5128 2966 5181 in
2997 5123 3215 5182 lumiitis
3269 5127 3641 5197 participatio-

2059 5234 2202 5273 nem.
2253 5217 2438 5288 ltaque
2466 5216 2633 5273 multa
2662 5218 2743 5272 sic
2773 5218 3087 5274 habentium
3139 5218 3321 5273 radius
3351 5217 3640 5278 transiens.

2022 5358 2025 5363 .
2059 5324 2198 5381 quae
2227 5318 2347 5379 post
2375 5309 2485 5375 illa,
2516 5308 2805 5375 illuminat,
2831 5318 2885 5366 et
2921 5309 3053 5364 nihil
3076 5319 3158 5367 est
3189 5309 3500 5372 visibilium,
3533 5326 3644 5379 quo

2058 5420 2167 5461 non
2195 5404 2486 5474 recipiatur
2514 5402 2808 5461 secundum
2858 5406 3105 5476 propriae
3155 5402 3415 5459 claritatis
3455 5418 3646 5471 super-

2058 5494 2413 5551 cxcellentem
2443 5492 2890 5567 magnitudinem.
2918 5494 3024 5549 Sed
3053 5502 3110 5551 et
3152 5495 3217 5549 ad
3241 5493 3643 5569 generatipnent

2061 5587 2403 5644 sensibilium
2442 5601 2727 5658 corporum
2778 5588 3149 5655 committitur,
3200 5597 3252 5644 et
3292 5586 3355 5642 ad
3387 5586 3550 5643 vitam
3578 5603 3646 5643 ea

1600 5776 1603 5779 ν
1650 5699 1903 5755 VARIAE
1942 5698 2341 5767 LECTIONES.

445 5804 537 5856 ‘ct
559 5799 818 5856 om.'AE.
