4198 6256
460 333 470 343 .
574 246 710 309 H35

1941 250 2223 312 JUAKNIS
2260 252 2457 312 SCOTl

3698 249 3842 311 "56

574 361 703 416 tiset
736 374 843 436 non
869 357 1299 434 ingredientibus
1327 360 1380 417 in
1409 359 1623 420 annuae
1654 377 1784 419 suae
1814 361 2153 438 intellectus;
2175 351 2226 431 λ
2255 381 2373 422 nes.
2401 364 2470 425 Et
2493 367 2723 426 esthoc.
2759 365 2976 424 virtutis
3005 363 3234 426 uniiicae
3267 373 3325 425 et
3352 361 3752 437 coniunctius,
3782 376 3844 426 et

567 455 645 530 le,
672 453 771 511 sed
814 452 950 510 loris
975 455 1120 520 circa
1155 453 1296 533 labia
1340 464 1396 511 et
1423 456 1656 515 ‘auditns
1705 473 1833 514 suos
1876 462 2154 532 percrepi—

542 541 830 616 tantibus,
869 559 942 601 ac
983 547 1164 604 sinon
1211 547 1394 614 liccat,
1431 555 1688 618 quattuor
1725 564 2008 607 numerum
2052 559 2165 625 per

566 637 652 693 bis
670 637 778 693 duo
821 635 1154 710 signiﬁcare.
1181 649 1274 694 ant
1295 639 1545 710 simplum
1577 639 1773 714 lineam
1803 653 1903 710 per
1942 651 2149 697 rectam

524 719 533 726 ’
565 725 785 794 lineam,
819 721 915 784 aut
936 731 1340 784 matcrnitatem
1364 744 1460 802 per
1483 730 1884 800 paternitatem,
1913 742 2005 788 aut
2027 732 2152 789 aliis

562 825 885 894 quibusdam
917 824 1101 881 multis
1127 827 1388 884 orationis
1414 827 1655 897 partibus
1685 828 1913 899 idipsum
1938 828 2145 900 signiﬂo

488 957 493 966 .
527 913 832 996 _ca'ntibus.
861 912 1088 984 Oportet
1117 912 1577 996 scirefseeundum
1624 925 1825 973 rectam
1859 918 2146 984 rationem,

489 1042 496 1047 -
527 988 543 1000 ’
559 1005 689 1074 quia
716 1002 1020 1070 elenieutis,
1048 1014 1102 1061 et
1122 988 1365 1076 syllabis,
1387 1013 1442 1062 et
1466 1004 1810 1072 dictionibus,
1835 1016 1888 1063 et
1913 1007 2143 1076 scriptu«

542 1095 666 1168 .ris,
717 1104 775 1152 et
821 1095 1160 1152 orationibus
1198 1096 1420 1152 utimur
1471 1112 1572 1167 per
1614 1113 1825 1155 sensus.
1877 1099 1970 1154 Sic
2023 1083 2146 1154 cum

509 1180 515 1186 ’
560 1196 748 1244 nostra
774 1189 952 1246 anima
994 1191 1444 1272 intellectualibus
1479 1195 1887 1262 operationibus
1925 1195 1990 1250 ad
2018 1195 2176 1274 invig

558 1281 737 1339 sibilia
770 1268 1036 1351 movetur,
1075 1283 1351 1340 abundant
1388 1299 1512 1340 cum
1542 1285 1886 1342 seusildlibus
1913 1300 2104 1343 sensus
2127 1268 2174 1341 τε

557 1369 700 1428 sicut
730 1385 784 1430 et
817 1374 1206 1432 intellectuales
1234 1377 1479 1442 virtutes,
1512 1392 1634 1432 cum
1664 1377 1843 1432 anima
1871 1373 2172 1434 deit‘ormis'

561 1465 701 1522 facta
722 1484 822 1542 per
846 1470 1109 1533 unitatem
1141 1472 1354 1543 ignotae
1376 1470 1768 1527 inaccessibilis
1795 1468 1954 1539 lucis,
1983 1471 2149 1528 radiis
2173 1519 2178 1522 .

559 1558 1006 1616 desiderabilibus
1037 1560 1397 1617 invisibilibus
1425 1562 1668 1619 theoriis.
1715 1561 1850 1619 Cum
1881 1578 2012 1648 vero
2034 1564 2149 1619 ani-

558 1667 681 1710 ntus
712 1669 810 1726 per
835 1656 1107 1712 sensibilia
1139 1655 1425 1714 reformari
1465 1655 1686 1713 festinat
1717 1657 1784 1714 ad
1809 1657 2144 1731 contempla-

2250 453 2562 515 dill‘erenter
2603 456 3096 530 contemperativae
3123 457 3176 512 in
3208 457 3350 514 bono
3388 464 3448 516 et-
3482 456 3716 528 optimo,
3741 470 3842 529 per

2247 551 2449 609 bonum
2470 561 2525 608 et
2548 552 2810 624 optimum
2840 547 3315 619 antcsubstitutae,
3355 565 3420 606 ex
3453 549 3597 605 bono
3619 561 3678 606 et
3693 550 3841 629 opti-

2248 659 2338 699 mo
2365 659 2462 714 per
2488 643 2687 700 iunium
2709 656 2766 702 et
2793 645 3058 716 optimum
3090 644 3286 706 editae.
3334 642 3667 702 continentis
3711 642 3838 713 qui-

2247 737 2369 792 dem
2390 733 2790 810 aequipotentia
2818 737 3117 808 secundum
3166 733 3478 806 sociabilem
3503 731 3837 788 vicissitudi-

2247 821 2397 900 nem,
2424 827 2691 885 moventis
2713 836 2894 884 autem
2935 829 3107 897 prima
3151 827 3220 882 ad
3251 827 3519 882 minorum
3547 819 3838 894 providen-

2249 920 2402 988 tiam,
2431 929 2489 976 et
2513 919 2830 978 collocantis
2857 918 3116 995 inferiora
3133 975 3137 979 ,
3152 918 3518 998 conversione
3545 914 3836 994 superier

2245 1013 2370 1068 bus.
2426 1011 2532 1068 Est.
2569 1016 2752 1068 autent
2798 1019 2854 1068 et
2904 1011 3198 1070 eestatieua
3249 1009 3467 1079 divinus
3505 1023 3681 1074 amor,
3729 1021 3835 1062 non

2247 1103 2432 1160 sinens
2479 1104 2684 1174 seipsos
2725 1087 2848 1160 esse
2885 1112 3150 1168 amantes,
3197 1102 3292 1161 sed
3332 1103 3714 1175 amandornm,
3771 1097 3837 1156 Et

2245 1194 2599 1250 declarantur
2634 1195 2852 1265 quidem
2900 1194 3180 1265 superiora
3224 1193 3561 1265 providentia
3587 1192 3733 1251 facta
3757 1191 3836 1247 in.

2247 1283 2530 1352 l‘eriorum,
2555 1295 2611 1341 et
2639 1283 2994 1355 acquiiormia
3031 1283 3175 1342 inter
3198 1299 3258 1339 se
3294 1283 3528 1340 invicem
3557 1282 3838 1339 continen-

2251 1377 2346 1442 tia,
2397 1387 2452 1433 et
2517 1377 2726 1433 minora
2801 1377 2870 1432 ad
2917 1376 3092 1448 prima
3149 1374 3401 1433 diviniori
3457 1373 3832 1446 conversione.

2244 1469 2480 1545 Proinde
2501 1481 2556 1527 et
2581 1469 2778 1525 Paulus
2798 1483 3028 1544 ntaguus
3051 1467 3106 1523 in
3129 1466 3453 1525 excellentia
3471 1463 3838 1546 divini_l'actus

2248 1559 2476 1627 amoris,
2506 1570 2560 1616 et
2591 1570 2769 1618 mente
2821 1559 3172 1616 excedentem
3213 1573 3368 1628 suam
3396 1557 3659 1625 virtutem,
3685 1573 3835 1613 assno

2250 1669 2426 1719 mens,
2459 1653 2641 1710 divino
2663 1667 2788 1710 ore:
2821 1650 2952 1708 Viuo
2973 1651 3206 1724 ego,ait,
3225 1650 3342 1721 jam
3360 1665 3491 1724 non,
3521 1643 3842 1717 uiritantem

553 1747 694 1806 biles
760 1748 1156 1806 lnvisibilitutcs
1182 1791 1195 1815 ,
1271 1750 1622 1822 pretiosiores
1679 1740 1936 1811 omnibus
2018 1725 2146 1812 sunt
2172 1725 2220 1788 Β
2246 1745 2300 1800 δη
2326 1761 2408 1799 me
2427 1741 2667 1800 Christus
2693 1755 2738 1800 °.
2769 1744 2838 1802 Ει
2858 1758 2985 1801 vero
3007 1752 3221 1800 amator
3241 1753 3299 1800 et
3323 1750 3506 1816 "tento
3547 1743 3842 1806 excedens,-

463 1899 472 1904 _
511 1906 514 1908 γ
554 1840 819 1899 clariores
838 1843 1088 1899 sensibus
1108 1853 1417 1915 provectus,
1447 1845 1705 1903 lucidiora
1721 1849 1883 1904 verba
1900 1849 2144 1922 planiora

555 1934 882 2000 visibiiibus,
927 1934 1069 1993 sicut
1094 1953 1216 1992 cum
1265 1951 1371 1993 non
1422 1938 1580 2010 plana
1623 1940 1733 1995 sint
1767 1941 2158 2031 accumbentip‘

550 2027 819 2093 sensibus,
852 2043 1026 2099 neque
1059 2029 1174 2100 ipsa
1203 2029 1388 2087 animo
1411 2033 1666 2088 assistere
1696 2033 1973 2092 sensibilia
2002 2027 2169 2097 bene.

554 2128 826 2191 poterunt.
857 2119 1221 2178 Veruutamen
1245 2134 1302 2177 ut
1339 2138 1446 2180 non
1495 2123 1632 2181 haec
1659 2124 1842 2183 dicere
1867 2137 2166 2200 putemur,‘

551 2223 807 2280 tanqttam
855 2210 1033 2268 divina
1064 2212 1280 2283 eloquia
1319 2212 1724 2284 submoventes,
1751 2218 1972 2277 audiant
1998 2219 2142 2277 hanc

552 2303 760 2361 amoris
805 2305 1233 2362 nominationem
1264 2304 1661 2366 criminantes:
1699 2309 1833 2366 Ama
1871 2327 2012 2377 eam,
2051 2312 2169 2369 inc.

547 2399 686 2466 quit,
727 2408 772 2451 et
802 2397 1057 2452 custodiet
1082 2408 1165 2462 te;
1207 2396 1507 2469 amplexare
1531 2414 1668 2466 eam,
1699 2409 1749 2456 et
1775 2401 2026 2457 exaltabit
2045 2412 2139 2470 te;

549 2493 749 2544 honora
777 2506 917 2555 eum,
945 2500 1000 2544 ut
1044 2500 1094 2545 te
1123 2493 1529 2562 coniprettendat
1565 2494 1659 2560 ιις
1683 2500 1738 2549 et
1783 2509 2141 2568 quaecunque

545 2584 654 2642 alia
685 2579 978 2640 secundum
1020 2584 1316 2642 amatorias
1368 2584 1678 2659 theologia.
1722 2586 2029 2644 laudantur.
2073 2590 2143 2646 Et

546 2675 768 2746 quidem
815 2676 991 2732 visum
1041 2684 1126 2730 est
1167 2675 1491 2750 quibusdam
1538 2677 1743 2733 nostris
1781 2676 2038 2752 lerologis
2085 2689 2143 2736 et

544 2767 787 2823 divinius
815 2781 936 2824 esse
984 2767 1190 2825 sutoris
1219 2783 1412 2825 nornrn
1436 2782 1503 2825 eo
1532 2767 1837 2828 dilectionis
1866 2770 1910 2825 ³.
1936 2770 2143 2829 Scribit

541 2857 729 2916 autem
775 2868 836 2934 et
883 2857 1098 2918 divinus
1135 2859 1412 2932 lgnatius:
1458 2860 1609 2918 Heus
1655 2880 1808 2920 amor
1848 2865 2139 2937 διατίθεται

544 2951 622 3010 est
665 2954 711 3007 ι’.
748 2952 812 3009 El
843 2953 896 3009 in
942 2953 1076 3025 ipsis
1095 2965 1228 3010 ante
1270 2954 1763 3015 introductiouibua
1801 2957 2140 3030 eloquiorunt

543 3043 822 3152 invenies,
845 3045 1114 3116 quendam
1145 3047 1428 3152 dicentem
1481 3047 1550 3104 de
1599 3047 1777 3106 divina
1797 3048 2090 3152 ‘sapientia
2115 3066 2130 3106 :
2160 3088 2206 3152 ϐ

543 3135 768 3193 Amator
788 3137 965 3212 factus
989 3152 1106 3192 sum
1135 3136 1337 3209 formae
1362 3137 1478 3211 ejus
1506 3149 1557 3193 ο.
1596 3140 1778 3212 Itaque
1797 3138 1902 3197 hoc
1929 3141 2133 3200 amoris

544 3241 743 3284 nomen
776 3239 843 3282 ne
869 3228 1172 3296 timeamus,
1200 3243 1376 3301 neque
1393 3228 1515 3300 quis
1527 3246 1630 3289 nos
1650 3231 1932 3288 conturbet
1950 3245 2133 3289 sermo

539 3319 615 3375 de
666 3317 769 3372 hoc
822 3317 1148 3390 disceptans.
1198 3318 1328 3383 Mihi
1373 3320 1520 3380 enim
1576 3319 1830 3381 vitientur
1898 3323 2165 3397 theologi,

543 3422 833 3464 commune
876 3409 1096 3479 quidem
1123 3410 1340 3470 duxisse
1377 3409 1676 3470 dilectionis
1718 3421 1777 3471 et
1811 3416 2012 3472 amoris
2035 3430 2133 3471 no-

544 3516 669 3556 men
704 3519 716 3553 :
748 3513 1031 3574 propterea
1078 3511 1259 3559 autem
1301 3503 1497 3562 divinis
1535 3506 1705 3578 magis
1762 3505 1962 3567 referre
2003 3524 2132 3566 vere

545 3605 809 3658 amorem,
863 3601 1082 3668 propter
1128 3593 1604 3668 inconsequeutem
1654 3595 1843 3658 talium
1889 3590 2159 3656 virorum’

545 3682 970 3738 adamationem.
996 3680 1228 3741 Pulchre
1247 3685 1390 3744 enim
1418 3701 1548 3742 vero
1580 3701 1768 3745 amore
1786 3703 1895 3746 non
1915 3703 1948 3744 a
1972 3690 2131 3748 nobis

546 3784 778 3839 tantmn,
808 3775 904 3829 sed
931 3784 988 3830 et
1019 3774 1088 3831 ab
1131 3776 1362 3847 eloquiis
1387 3778 1518 3850 ipsis
1560 3778 1801 3847 laudato,
1832 3780 2130 3841 multitudi-

540 3882 642 3923 nes
667 3883 777 3922 non
795 3868 1072 3936 capientes
1093 3867 1364 3927 unilorme
1387 3871 1687 3930 anularias
1712 3872 1932 3933 divinae
1955 3873 2133 3934 nomi-

545 3959 802 4024 nationis,
834 3955 1052 4033 proprie
1073 3964 1395 4034 senietipsos
1420 3965 1473 4022 in
1502 3963 1754 4034 pertibih
1773 3975 1830 4031 et
1846 3964 2140 4040 corporale

539 4062 596 4108 et
621 4053 898 4109 dividuum
927 4051 1313 4123 tabetoceruut,
1356 4074 1484 4115 cuto
1512 4075 1618 4117 non
1669 4062 1740 4119 sit
1763 4046 1925 4119 verus
1951 4079 2128 4132 arnor,

543 4143 636 4197 sed
667 4144 878 4210 umbra,
925 4155 1021 4201 aut
1059 4147 1234 4220 magis
1263 4163 1422 4205 casus
1445 4165 1576 4208 vero
1603 4166 1807 4209 amore.
1840 4152 2128 4211 Rcmotum
2177 4211 2185 4219 ,

535 4234 687 4312 enim
711 4243 793 4288 est
804 4235 1151 4292 multitudine
1175 4238 1448 4309 singulare
1465 4240 1632 4298 divini
1653 4251 1709 4298 et
1722 4242 1882 4302 unius
1902 4245 2121 4300 amoris.

542 4321 670 4380 ideo
697 4334 753 4379 et
778 4324 860 4380 sic
883 4324 1151 4383 dilllcitius
1172 4342 1368 4386 nomen
1397 4330 1836 4402 multisputatum
1863 4334 1918 4390 in
1941 4334 2124 4391 divina

2242 1837 2403 1894 sicsic
2431 1837 2626 1908 inquit,
2653 1836 2787 1904 Deo,
2811 1846 2985 1893 etnon
3008 1837 3179 1906 ipsam
3200 1836 3293 1904 sui
3317 1835 3526 1910 vivens,
3555 1834 3650 1889 sed
3667 1833 3835 1913 ipsam

2241 1927 2503 1984 amatoris
2527 1927 2717 1994 vitam,
2747 1936 2806 1984 ut
2844 1924 3005 1984 nimis
3037 1925 3469 1994 dilectissimam.
3505 1922 3837 1991 Audendum

2239 2030 2424 2077 autem
2471 2029 2530 2076 et
2576 2019 2680 2076 boc
2714 2034 2814 2091 pro
2858 2019 3092 2076 veritate
3114 2019 3319 2083 dicere,
3350 2015 3482 2095 quia
3514 2023 3570 2072 et
3592 2006 3833 2080 omnium

2240 2113 2478 2172 causalis
2515 2114 2781 2188 bonorum
2806 2121 2864 2170 ct
2897 2110 3228 2184 optimorum
3256 2107 3498 2167 omnium
3527 2123 3717 2175 aore
3740 2119 3845 2181 per

2238 2208 2616 2266 excellmitism
2658 2207 2957 2283 amatoriae
2983 2199 3241 2265 bonitatis
3263 2206 3584 2272 habitudine
3611 2222 3722 2266 sua.
3752 2205 3832 2274 lit,

2239 2303 2295 2359 in
2323 2303 2614 2359 existentia
2663 2301 2847 2359 omnia
2880 2298 3257 2376 providendis,
3303 2309 3361 2357 et
3408 2309 3468 2356 ut
3501 2297 3747 2373 bonitate
3779 2309 3837 2355 et

2226 2391 2530 2466 dilectione
2568 2403 2625 2450 et
2672 2407 2860 2450 amore
2881 2370 3167 2465 vlovetnr,-,
3199 2370 3256 2447 et
3283 2406 3348 2447 ex
3378 2370 3542 2464 super
3567 2389 3750 2446 omnia
3779 2398 3834 2446 et

2223 2485 2494 2544 “erunibus
2524 2491 2735 2556 remoto
2780 2481 2848 2539 ad
2887 2498 3057 2539 unum
3081 2481 3335 2546 omnibus
3367 2481 3654 2540 deducitur
3675 2483 3838 2553 juxta

2240 2586 2422 2633 meme
2477 2575 2830 2633 excedentem
2880 2573 3395 2646 superessentialem
3440 2573 3698 2640 virtutem
3749 2589 3832 2630 re-

2240 2670 2493 2726 deuntem
2548 2669 2862 2740 semetipso.
2890 2664 3120 2739 Propter
3156 2666 3300 2740 quod
3329 2675 3386 2724 et
3426 2665 3665 2727 selotem
3708 2681 3828 2722 eum

2239 2760 2408 2818 divini
2433 2757 2712 2835 sapientei
2727 2757 3026 2833 appellant,
3058 2758 3207 2817 velut
3235 2759 3466 2825 multum
3505 2758 3560 2820 in
3585 2760 3826 2818 existen-

2242 2854 2317 2911 tia
2349 2853 2616 2926 optimum
2656 2867 2919 2922 amorem,
2942 2859 3011 2918 et,
3047 2860 3106 2909 ut
3127 2853 3198 2920 ad
3228 2848 3416 2919 selum
3445 2855 3834 2911 suscitatorem

2239 2947 2712 3020 concupiscentiae
2753 2961 2887 3020 suae
2934 2944 3251 3014 amatoriae,
3278 2957 3336 3009 et
3361 2956 3422 3005 ut
3456 2946 3683 3006 selotom
3708 2963 3828 3004 eam

2231 3040 2642 3107 euadentem,
2680 3046 2738 3096 et
2766 3037 3372 3120 concupits_selantom,
3422 3046 3479 3096 et
3513 3048 3579 3098 ut
3597 3039 3830 3114 provisis

2236 3146 2360 3205 eum
2395 3130 2756 3189 existentibus
2788 3144 2885 3202 per
2911 3128 3202 3206 semetipsa
3256 3129 3558 3188 celantibus
3591 3149 3606 3186 :
3636 3139 3693 3196 et
3716 3145 3837 3187 om:

2236 3224 2368 3283 nino
2389 3225 2532 3284 bono
2551 3229 2612 3298 et
2637 3223 2847 3299 optimo
2874 3232 2962 3282 est
2988 3222 3218 3280 amabile
3241 3232 3298 3282 et
3320 3238 3494 3290 amor,
3520 3221 3577 3281 et
3607 3223 3662 3281 in
3687 3223 3825 3281 bono

2231 3313 2516 3390 etoptimo
2537 3325 2663 3373 ante
2678 3313 3033 3382 collocantur,
3063 3324 3118 3372 et
3139 3331 3241 3388 per
3264 3315 3466 3374 bonum
3486 3325 3541 3373 et
3557 3317 3835 3386 optimum

2232 3416 2434 3466 suntet
2462 3407 2618 3466 iinnt.
2642 3406 2782 3476 Quid
2809 3417 2992 3466 autem
3020 3409 3247 3465 omnino
3274 3407 3512 3482 theologi
3538 3409 3784 3467 volentes
3802 3451 3815 3471 .

2232 3501 2528 3573 aliquando
2578 3501 2796 3574 quidem
2847 3516 3090 3558 amorem
3138 3511 3195 3559 et
3230 3502 3593 3560 dilectionem
3649 3501 3823 3576 ipsum

2231 3595 2438 3660 dicunt,
2487 3591 2778 3665 aliquando
2821 3607 2954 3653 vero
2991 3601 3236 3651 amatum
3284 3605 3344 3651 et
3389 3594 3698 3661 dilectum?
3749 3595 3827 3650 Eo

2229 3685 2449 3757 quidem
2495 3686 2642 3742 enim
2684 3683 2941 3753 causalis,
2969 3694 3027 3742 et
3051 3692 3111 3741 ut
3135 3687 3458 3756 praevalens
3479 3694 3534 3741 et
3563 3686 3775 3755 genitor
3805 3703 3820 3737 :

2229 3777 2335 3833 hoc
2357 3785 2538 3833 autem
2567 3777 2684 3848 ipse
2703 3786 2806 3832 est.
2831 3775 2900 3834 Et
2921 3791 2988 3834 eo
3011 3777 3231 3850 quidem
3260 3786 3527 3846 movetur,
3551 3790 3623 3832 eo
3640 3788 3822 3833 autem

2231 3879 2433 3935 movet,
2472 3868 2690 3941 quando
2717 3870 2833 3940 ipse
2869 3869 3072 3930 suimet
3099 3880 3154 3926 et
3180 3870 3282 3926 sibi
3311 3875 3395 3927 est
3422 3883 3740 3940 praecessor
3766 3877 3823 3923 et

2231 3978 2473 4020 movens.
2536 3961 2628 4021 Sic
2671 3974 2853 4020 autem
2902 3960 3159 4020 dilectum
3205 3963 3430 4034 quidem
3470 3973 3526 4019 et
3579 3972 3820 4022 amatum

2229 4071 2352 4113 eum
2390 4065 2608 4120 Vocant,
2651 4064 2709 4110 ut
2744 4055 2946 4118 bonum
2973 4063 3030 4111 et
3057 4045 3372 4126 optimum:
3403 4069 3643 4110 amorem
3692 4071 3822 4111 vero

2227 4150 2426 4209 iterum
2473 4158 2532 4204 ct
2580 4140 2947 4214 dilectionem,
3008 4156 3067 4202 ut
3096 4153 3400 4202 moventem
3449 4145 3630 4212 simul,
3661 4155 3719 4209 et
3763 4152 3823 4201 ut

2215 4242 2580 4298 reducentem
2632 4242 2888 4296 virtutem
2959 4255 3082 4295 eum
3153 4241 3247 4312 qui
3311 4247 3401 4296 est
3455 4239 3509 4292 in
3580 4237 3823 4308 seipsum

2221 4334 2423 4397 solum.
2456 4335 2631 4406 ipsum
2674 4348 2774 4407 per
2813 4333 3052 4404 seipsum
3091 4335 3293 4389 bonum
3339 4340 3395 4389 et
3437 4329 3721 4404 optimum.
3751 4330 3820 4390 Et

538 4418 802 4489 sapientia
824 4421 1100 4486 statuitur,
1115 4430 1171 4478 et
1191 4422 1262 4480 ad
1287 4424 1653 4483 reductionem
1680 4441 1868 4485 eorum
1889 4435 1945 4484 et
1972 4429 2131 4486 resti-
2154 4449 2209 4512 υ
2231 4430 2312 4486 sic
2340 4429 2556 4501 quidem
2604 4428 2950 4492 edicendum,
3006 4427 3331 4484 existentem
3385 4426 3677 4497 semetipso
3698 4439 3816 4497 per

543 4509 801 4563 tutionem
828 4511 882 4566 in
905 4511 1016 4568 veri
1040 4512 1243 4570 amoris
1268 4513 1540 4580 notitiam,
1571 4525 1628 4572 et
1669 4517 1767 4583 ita,
1795 4526 1856 4574 ut
1878 4513 2126 4578 absolva-

543 4611 630 4655 tur
659 4601 715 4657 in-
745 4602 864 4671 ipso
889 4601 1188 4679 difﬁcultas.
1213 4605 1255 4658 Α
1283 4606 1439 4665 nobis
1479 4617 1663 4664 autem
1700 4609 1917 4678 iterum,
1950 4611 2038 4666 ubi
2069 4622 2127 4668 et

542 4692 938 4762 inconsequens
961 4694 1219 4765 quiddam
1247 4711 1410 4767 saepe
1452 4698 1853 4770 intelligendum
1885 4709 2126 4757 terrenos

538 4784 717 4838 caelos
753 4787 1051 4841 secundum
1097 4790 1406 4858 opinionem
1437 4790 1678 4848 meiioris
1721 4791 1915 4850 famae.
1972 4775 2161 4851 Coei-1

536 4877 635 4940 dit,
676 4877 800 4948 quis
844 4878 944 4941 ait,
988 4878 1209 4936 dilectio
1256 4891 1343 4936 tua
1390 4897 1556 4954 super
1583 4899 1689 4951 me,
1739 4883 1877 4940 sicut
1907 4885 2127 4943 dilectio

538 4967 820 5024 mulierum
835 4968 884 5022 ά.
899 4966 955 5024 ln
971 4971 1402 5028 elueesceutibus
1415 4975 1612 5030 divinis
1632 4973 2052 5032 sublimitatibus
2065 4978 2121 5033 in

535 5061 725 5116 eadem
748 5062 948 5117 virtute
975 5065 1232 5120 statuitur
1267 5082 1298 5120 a
1329 5067 1501 5122 sacris
1533 5066 1794 5138 theologis
1818 5067 2122 5124 dilectionis

533 5159 592 5207 et
630 5153 833 5210 actoris
882 5169 1075 5214 nomen
1123 5158 1420 5213 secundum
1465 5159 1677 5216 divinas
1727 5159 2119 5218 maniiestatio—

2231 4519 2584 4590 semetipsum
2611 4517 2927 4575 excellentis
2971 4519 3195 4573 unitatis
3224 4519 3484 4587 optimam
3513 4518 3818 4588 processio-

2229 4625 2377 4676 nem,
2404 4619 2464 4666 ct
2503 4603 2822 4665 amatorium
2879 4617 3108 4675 motum,
3145 4607 3422 4678 simplum,
3452 4622 3551 4678 per
3578 4606 3816 4678 seipsum

2231 4709 2458 4762 motum,
2501 4715 2596 4768 per
2657 4698 2896 4768 seipsum
2946 4699 3208 4761 activum,
3255 4699 3709 4766 praecxistentctn
3761 4699 3818 4752 ltl

2228 4788 2454 4860 Optimo,
2507 4797 2562 4842 et
2606 4803 2670 4843 ex
2701 4788 2906 4858 optimo
2953 4786 3310 4841 existentibus
3357 4795 3722 4862 etnnnantcm,
3762 4799 3815 4839 et

2233 4885 2426 4939 iterum
2464 4882 2517 4938 in
2568 4883 2829 4953 optimum
2888 4891 3292 4936 convertentur:
3338 4894 3420 4942 se,
3465 4889 3520 4932 et
3544 4870 3813 4932 inlinituuii

2229 4976 2427 5047 seipse,
2461 4985 2513 5029 et
2541 4989 2736 5030 carens
2757 4974 3044 5045 principio,
3082 4973 3297 5050 divinus
3336 4987 3491 5024 amor
3511 4970 3813 5026 ostenditur

2224 5063 2559 5127 dil'l‘erenter,
2593 5067 2734 5120 sicut
2761 5063 2978 5134 quidam
3015 5071 3272 5116 aeternus
3305 5059 3504 5130 cyelus,
3540 5073 3634 5128 per
3671 5058 3806 5128 opti-

2225 5175 2396 5223 mum,
2426 5173 2489 5212 ex
2519 5158 2741 5229 optimo,
2772 5168 2826 5211 et
2869 5157 2922 5209 in
2954 5156 3176 5225 uptimu,
3214 5165 3268 5207 et
3310 5153 3368 5204 in
3407 5152 3691 5222 optimum,
3725 5153 3806 5206 in-

1828 5271 2080 5329 VARIAE
2119 5269 2526 5329 LECTIONES.

605 5370 621 5396 ι
657 5358 697 5411 Ε
725 5362 1126 5428 comprehendat
1171 5372 1254 5422 te,
1313 5364 1336 5393 ‘
1367 5363 1406 5416 Α
1443 5381 1627 5418 nomen
1655 5364 1852 5419 amoris
1883 5382 2038 5437 quam
2065 5365 2358 5422 dilectionis
2382 5382 2402 5428 ;
2431 5363 2472 5416 ll
2493 5380 2652 5432 quam
2673 5363 2969 5416 dilectionis
2997 5379 3181 5416 nomen
3212 5364 3432 5416 amoris.

2055 5475 2307 5532 NOTAE.

603 5575 628 5601 ⁸
661 5560 813 5612 l’rtn'.
847 5561 928 5612 IV.

603 5637 629 5671 δ
665 5633 830 5693 Epist.
866 5634 926 5683 :nl
961 5633 1088 5690 llum
1152 5636 1252 5692 Hi.

608 5715 629 5741 τ
663 5702 778 5774 Sall
826 5704 950 5771 Vill,
982 5705 1031 5758 Ξ.

2280 5570 2306 5608 ἀ
2349 5569 2386 5622 ll
2423 5568 2550 5638 Beg.
2585 5569 2625 5622 Ι.

2290 5651 2311 5680 ⁸
2353 5639 2468 5696 Gal.
2506 5639 2570 5705 ll.
2587 5641 2682 5697 “2.0.
