4198 6268
391 345 526 415 ιω
700 353 716 391 ὶ

1028 329 1282 412 vsuSto
1315 338 1607 437 ornauit
1646 349 1706 410 s.
1745 348 2068 409 mosrsu.
2105 350 2185 396 --'
2213 351 2304 415 ut:
2341 353 2591 417 turnus
2627 356 3023 421 somnus.

3413 370 3419 376 ’
3520 355 3665 424 ως

391 476 571 535 neque
610 454 702 522 ille
729 464 953 524 vitiatur
983 478 1071 533 eo,
1102 474 1158 523 et
1193 466 1395 523 malum
1422 468 1567 528 bono
1588 467 1876 524 existente.
1901 462 1977 549 _Si
2004 462 2055 526 Α
2152 466 2261 526 Sed
2299 484 2475 544 neque
2510 472 2805 533 daemones
2834 479 3027 532 natura
3055 472 3202 532 mali.
3238 472 3452 533 Etenim
3483 474 3534 532 si
3562 489 3663 533 na-

397 566 583 621 autem
606 555 794 622 fuerit,
830 556 1101 628 quomodo
1135 557 1241 614 erit
1272 557 1324 613 in
1360 560 1503 615 bono
1534 556 1771 615 malum?
1799 554 1980 628 Siqui-

396 650 521 706 dent
550 664 621 706 ex
652 663 721 706 eo
744 648 1145 721 inconsequens
1192 659 1247 706 et
1281 649 1634 723 impossibile.
1664 647 1791 717 Non
1814 655 1980 721 potest

395 737 565 805 enim,
594 746 655 793 ut
678 737 1014 810 eloquiorum
1040 737 1245 795 veritas
1274 741 1372 807 ait,
1402 740 1562 795 arbor
1600 739 1738 796 bona
1777 739 1982 813 {ructus

390 829 566 886 malos
593 831 768 900 facere
796 841 846 896 ι.
874 845 1050 901 neque
1092 830 1220 888 illud
1270 831 1486 886 iterum.
1540 831 1600 888 Si
1648 841 1830 888 autem
1874 846 1983 887 non

394 933 468 976 ex
515 920 669 993 ipso,
717 937 785 977 ex
827 921 936 976 alio
969 921 1177 977 clarum
1202 963 1217 987 ,
1257 922 1383 995 quia
1417 922 1684 995 principio
1709 930 1764 979 et
1795 935 1980 979 causa.

395 1011 611 1071 Etenim
647 1024 755 1085 aut
801 1013 1002 1069 malum
1050 1030 1118 1071 ex
1165 1016 1307 1071 bono
1348 1016 1495 1089 erit,
1544 1025 1639 1071 aut
1682 1016 1879 1071 bonum
1915 1028 1985 1070 ex

397 1102 544 1158 malo
571 1121 586 1159 :
613 1112 706 1159 aut
727 1103 773 1161 si
804 1121 908 1160 non
938 1106 1042 1161 hoc
1074 1094 1362 1177 possibile,
1393 1122 1460 1162 ex
1491 1105 1597 1160 alio
1625 1106 1892 1177 principio
1928 1112 1985 1162 ct

397 1207 568 1250 causa
594 1194 700 1249 erit
728 1203 784 1250 et
812 1198 1009 1251 boutun
1042 1197 1263 1251 malum.
1292 1198 1481 1253 Omnis
1507 1199 1651 1258 enim
1694 1198 1827 1270 dyas
1877 1210 1983 1252 non

396 1282 721 1357 principium
756 1302 773 1343 ε
804 1301 990 1340 monas
1017 1294 1198 1341 autent
1228 1286 1334 1342 erit
1376 1286 1539 1341 totius
1567 1286 1756 1358 dyadis
1781 1283 1987 1358 princi-

395 1370 566 1444 pium.
615 1372 684 1451 Et
706 1373 928 1445 quidem
959 1375 1390 1447 inconsequens,
1428 1391 1497 1432 ex
1547 1391 1656 1431 uno
1693 1384 1753 1433 et
1795 1375 1986 1432 eodem

395 1464 505 1520 duo
529 1466 843 1521 omnimodo
868 1468 1138 1523 contraria
1170 1482 1457 1539 provenire
1479 1476 1533 1525 ct
1559 1483 1698 1533 esse,
1727 1476 1781 1525 et
1811 1469 1987 1544 ipsum

395 1553 723 1626 principium
749 1572 856 1611 non
883 1558 1133 1628 simplum
1166 1567 1222 1614 et
1251 1559 1555 1630 singulare,
1603 1562 1697 1616 sed
1727 1558 1986 1631 partituut

396 1654 457 1703 et
484 1646 734 1717 biforme,
767 1658 824 1704 et
864 1650 1200 1706 contrarium
1242 1651 1296 1705 in
1342 1652 1578 1722 scipsum
1616 1660 1672 1708 et
1708 1651 1987 1713 mutabile.

390 1737 573 1809 immo
597 1754 729 1795 vero
754 1756 931 1812 neque
962 1742 1068 1800 duo
1096 1743 1446 1800 existentium
1472 1745 1742 1801 contraria
1780 1744 1986 1819 princi-

2083 568 2203 616 tura
2252 562 2407 626 mali,
2445 578 2622 636 neque
2666 579 2732 622 ex
2769 567 2933 633 bono,
2965 581 3139 640 neque
3183 566 3240 622 ia
3279 565 3656 632 existentibus,

2081 665 2259 725 neque
2285 667 2352 710 ex
2381 653 2539 713 bonis
2571 671 2923 724 conversum,
2964 667 3157 715 natura
3197 665 3255 715 et
3288 673 3504 732 semper
3531 657 3659 718 mali

2081 745 2357 812 existunt,
2403 745 2647 818 sequitur
2678 765 2696 803 :
2725 732 2944 804 sibimet
2979 757 3108 803 sunt
3135 748 3295 815 mali,
3321 766 3389 806 an
3409 748 3571 821 aliis?
3602 749 3662 807 Si

2082 835 2299 909 quidem
2327 834 2543 892 sibimet
2561 878 2577 903 ,
2603 852 2672 892 an
2699 849 3059 912 corrumpunt
3088 837 3332 909 seipsos?
3375 838 3435 900 Si
3476 850 3662 901 sum

2080 923 2225 989 aliis,
2255 912 2535 997 quomodo
2576 936 2933 1000 corrumpunt
2954 938 3049 983 aut
3075 927 3210 1000 quid
3237 930 3261 962 '
3284 936 3661 1002 corrumpunt,

2074 1016 2410 1083 essentiam,
2456 1032 2527 1072 an
2557 1018 2848 1085 virtutem,
2888 1034 2956 1074 an
2998 1020 3305 1077 actionem?
3351 1020 3408 1079 Si
3445 1021 3668 1097 quidem

2083 1104 2401 1177 essentiam,
2430 1109 2664 1182 primum
2688 1111 2908 1183 quidem
2932 1127 3038 1167 non
3072 1110 3528 1181 juxtanaturam.
3560 1111 3665 1170 Na-

2085 1207 2207 1257 tura
2233 1200 2379 1256 enim
2415 1200 2841 1275 ittcorruptibilia
2871 1219 2977 1259 non
3003 1212 3388 1276 corrumpunt,
3434 1202 3529 1260 sed
3568 1219 3668 1259 ac-

2084 1291 2295 1362 ceptiva
2338 1290 2719 1365 corruptionis.
2752 1293 3053 1365 Sequitur:
3095 1309 3274 1368 neque
3312 1294 3418 1352 hoc
3446 1291 3671 1351 omnino

2085 1389 2143 1438 ct
2189 1382 2413 1442 omnino
2467 1382 2689 1451 malum,
2738 1383 2834 1443 sed
2884 1399 3062 1456 neque
3118 1387 3483 1460 corrumpitur
3534 1386 3670 1458 quid

2085 1471 2456 1538 existentiunt.
2483 1475 2778 1555 secundum
2807 1477 2950 1548 quod
2973 1476 3206 1535 essentia
3237 1486 3293 1533 et
3322 1486 3542 1543 natura,
3570 1477 3670 1534 sed

2088 1562 2297 1622 defectu
2327 1562 2490 1637 juxta
2533 1574 2783 1626 naturam
2824 1567 3053 1632 ordinis,
3082 1566 3402 1626 harmoniae
3442 1578 3670 1627 etman-

2088 1655 2508 1715 mensurationis
2555 1656 2695 1714 ratio
2747 1656 3087 1724 inﬁrmatur,
3135 1672 3360 1717 manere
3420 1657 3674 1727 similiter
3761 1709 3764 1711 λ

2090 1746 2318 1807 habens.
2368 1747 2660 1815 Inﬁrmitas
2713 1754 2896 1805 autem
2944 1760 3053 1805 non
3090 1744 3363 1820 perfecta.
3414 1749 3471 1808 Si
3526 1751 3674 1807 enim

400 1831 489 1903 pia
513 1820 772 1901 possibile
794 1848 945 1899 esse,
974 1842 1029 1889 rt
1073 1849 1136 1889 ea
1168 1836 1309 1891 inter
1333 1850 1392 1921 se
1438 1836 1666 1892 invicem
1694 1844 1750 1892 et
1779 1817 1835 1892 in
1864 1817 2068 1893 uni»B
2093 1839 2366 1915 perfecta,
2394 1849 2453 1897 et
2483 1849 2884 1912 corruptionem
2922 1854 2977 1899 et
3024 1817 3326 1912 subjectum
3377 1842 3671 1909 interimit;

402 1937 564 1977 verso
591 1926 899 1996 pugnantia.
931 1926 989 1982 Si
1017 1928 1160 1982 etaim
1194 1929 1309 2000 ltoc
1351 1930 1599 1994 daretur,
1626 1929 1733 1984 erit
1757 1937 1812 1985 et
1848 1929 1991 1985 Deus
2091 1940 2150 1986 et
2175 1930 2283 1992 erit
2322 1930 2439 2003 ipsa
2470 1931 2773 2001 corruptio.
2797 1924 2877 1988 et
2902 1930 3102 1992 suimet
3142 1932 3441 2005 corruptio.
3487 1932 3677 2004 Itaque

405 2026 515 2069 non
544 2014 822 2079 innocens,
849 2032 1024 2087 neque
1074 2021 1191 2073 sine
1222 2018 1355 2081 rixa,
1389 2018 1651 2089 siquidem
1683 2020 1727 2076 si
1762 2020 1833 2074 sit
1860 2019 1991 2092 quid
2069 2018 2401 2092 ltujusmodi
2448 2036 2556 2077 non
2589 2018 2814 2087 malum,
2852 2021 2967 2079 sed.
2987 2021 3245 2077 deliciens
3273 2020 3494 2079 bonum.
3522 2022 3676 2092 Quod

405 2122 532 2167 eum
564 2110 905 2181 perturbans.
942 2111 1216 2184 Sequitur,
1233 2096 1909 2171 eruutomuiainordinata
1935 2122 1991 2170 et
2093 2109 2242 2167 enim
2286 2111 2509 2179 omnino
2546 2126 2747 2186 expers
2785 2111 2952 2179 boni,
2997 2129 3173 2185 neque
3219 2114 3273 2169 in
3319 2114 3679 2171 existentibus

406 2216 624 2273 semper
663 2204 973 2277 pugnantia.
1013 2206 1080 2261 Et
1126 2208 1344 2277 quidem
1391 2208 1691 2266 amicitiam
1740 2206 1992 2271 munibus
2092 2204 2217 2261 erit.
2265 2204 2333 2265 Et
2377 2206 2445 2261 de
2484 2204 2704 2272 virtutis
2740 2215 2800 2267 et
2839 2207 3071 2265 actionis
3111 2206 3461 2279 corruptione
3486 2208 3677 2266 cadent

408 2293 769 2351 existentibus
811 2296 1010 2352 bonum
1042 2297 1233 2362 tradit,
1267 2308 1322 2353 ct
1368 2314 1469 2371 per
1509 2313 1569 2355 se
1598 2315 1701 2370 pax
1720 2341 1735 2364 ,
1763 2308 1815 2356 et
1844 2288 1996 2374 pacis
2095 2294 2255 2352 ratio.
2284 2292 2489 2352 Deinde
2512 2297 2785 2369 Quomodo
2808 2310 2878 2357 ex
2907 2297 3022 2355 Deo
3050 2296 3182 2354 l'aeti
3202 2296 3504 2353 daemones
3551 2305 3683 2356 sunt

406 2383 616 2446 donans
676 2384 927 2440 laudatur
975 2402 1007 2442 a
1057 2388 1228 2443 sacris
1273 2389 1536 2461 theologis
1565 2390 1614 2444 δ.
1662 2388 1899 2445 Proinde
1934 2396 1994 2445 et
2089 2383 2263 2442 mali?
2301 2383 2512 2442 Bonum
2544 2384 2692 2449 enim
2733 2387 2874 2444 bona
2916 2387 3134 2445 adducit
3167 2394 3225 2445 et
3268 2388 3569 2447 substituit.
3612 2388 3681 2447 Et

406 2473 582 2528 antica
610 2473 771 2541 bona,
800 2486 855 2530 et
880 2488 1157 2548 compacta
1186 2480 1387 2546 omnia,
1414 2492 1466 2535 et
1491 2496 1594 2533 una
1621 2479 1729 2533 vita
1752 2477 1992 2558 egenita,

406 2574 465 2619 et
503 2563 570 2618 ad
603 2580 767 2620 unum
795 2567 1060 2638 optimum
1106 2573 1419 2629 coordin'tta
1447 2583 1502 2629 et
1529 2574 1799 2646 adunata,
1836 2581 1894 2632 et
1919 2572 1995 2627 sl-

358 2656 359 2659 “
408 2652 560 2708 milia
582 2665 900 2728 .cmnparata
929 2647 1073 2714 inter
1112 2675 1171 2719 se
1206 2660 1457 2718 invicem.
1500 2661 1687 2739 Itaque
1714 2679 1821 2719 non
1856 2662 1996 2721 diri-

408 2757 538 2801 num
579 2743 815 2811 malum,
860 2756 918 2802 ct
948 2750 1149 2806 malum
1177 2752 1194 2786 ³
1225 2767 1331 2807 non
1378 2753 1641 2808 divinum.
1684 2753 1791 2809 Sed
1820 2767 1997 2829 neque

407 2848 478 2890 ex
507 2834 619 2891 Deo
646 2836 867 2893 malum.
903 2838 962 2895 Si
994 2842 1138 2897 enim
1186 2858 1291 2898 non
1321 2845 1510 2906 bonus.
1543 2852 1637 2901 aut
1657 2845 1799 2901 bene
1839 2845 1994 2917 facit,

382 2936 469 2982 aet
496 2930 634 2984 bona
661 2931 913 2996 adducit,
940 2941 996 2989 ct
1030 2951 1136 2989 non
1173 2932 1467 3007 aliquando
1492 2938 1709 3011 quidem
1744 2946 1799 2994 et
1833 2953 2001 3013 quae~

412 3020 558 3085 dum,
591 3021 879 3093 aliquando
903 3036 1084 3083 autem
1112 3042 1220 3084 non
1244 3037 1299 3084 ct
1330 3044 1440 3085 non
1466 3031 1669 3086 omnia.
1703 3030 2000 3093 Transum-

317 3139 320 3142 ~
413 3112 673 3183 tationem
701 3114 920 3184 quidem
959 3117 1013 3171 in
1049 3118 1153 3174 boe
1180 3116 1345 3187 lat-iet
1374 3130 1430 3175 ct
1468 3120 1917 3188 nmtabilitatem,
1943 3128 1999 3179 et

413 3203 557 3264 circa
586 3219 667 3271 se,
696 3206 800 3262 hoc
824 3216 938 3271 est,
968 3207 1210 3264 omnium
1239 3209 1635 3266 divittissinntnt
1661 3220 1719 3266 et
1755 3226 1995 3268 causam.

419 3294 477 3352 Si
509 3306 693 3351 autem
718 3298 770 3352 itt
799 3298 909 3354 Deo
936 3299 1137 3357 bonum
1168 3300 1519 3357 subsistentia
1547 3310 1653 3371 est,
1681 3303 1787 3357 erit
1821 3310 2003 3360 trans-

370 3414 382 3424 '
414 3386 597 3471 ferens
646 3404 713 3451 ex
760 3392 905 3449 bono
952 3392 1093 3449 Deus
1144 3393 1441 3468 aliquando
1479 3393 1698 3465 quidem
1745 3394 1850 3463 ὧν,
1898 3394 2001 3451 ali-

412 3484 631 3557 quando
659 3492 840 3540 autent
870 3499 979 3540 non
1002 3486 1083 3540 ὧν.
1114 3485 1171 3541 Si
1195 3477 1329 3544 ,νει-ο
1357 3487 1773 3559 participatione
1800 3488 2002 3546 bonum

408 3574 524 3631 non
548 3573 806 3642 liabet,.et
833 3589 900 3630 ex
928 3575 1101 3632 altero
1124 3568 1365 3642 habebit,
1391 3584 1447 3633 ει
1474 3578 1763 3649 aliquando
1786 3577 2002 3655 quidem

419 3661 675 3729 habebit,
715 3661 1006 3733 aliquando
1036 3674 1214 3721 autem
1261 3681 1367 3722 non
1398 3655 1638 3724 habebit.
1682 3666 1799 3724 Non
1837 3663 2003 3740 igitur

351 3742 359 3770 ⁵
417 3767 485 3807 ex
527 3754 638 3809 Deo
668 3752 903 3822 malum,
954 3771 1128 3829 neque
1175 3758 1229 3812 in
1278 3757 1417 3823 Deo,
1467 3774 1645 3833 neque
1686 3758 2007 3837 simpliciter

419 3847 714 3903 secundum
745 3856 980 3919 tempus.
1227 3859 1235 3867 '

489 3936 597 3992 Sed
624 3953 799 4007 neque
827 3938 879 3993 itt
902 3941 1108 4013 angelis
1131 3951 1216 3996 est
1243 3940 1466 3998 malum.
1495 3940 1555 4000 Si
1572 3943 1717 3997 enim
1748 3942 2005 4003 cnunciat

419 4028 714 4087 bonitatem
752 4032 990 4089 divinant
1032 4035 1312 4096 deiformis
1360 4037 1617 4111 angelus.
1662 4036 1791 4093 illud
1819 4035 1888 4096 ὧω
1914 4052 2007 4094 se-

421 4126 656 4181 cundum
693 4126 1161 4199 participationem
1204 4131 1457 4190 secundo.
1487 4130 1631 4203 quod
1657 4132 1878 4206 quidem
1916 4147 2022 4190 see

405 4219 658 4286 ,cutulum
705 4234 927 4277 causam
978 4222 1233 4279 eunnciat
1286 4222 1495 4293 primo,
1547 4223 1729 4297 imago
1773 4233 1860 4279 est
1908 4224 2006 4280 Dei

421 4311 681 4384 angelus,
742 4311 1107 4371 manifestatio
1158 4313 1671 4381 oc'culti-luminis,
1726 4316 2005 4386 speculum

422 4416 639 4477 purum,
669 4402 1182 4473 eplcttdidissitttutn,
1218 4404 1622 4462 immaculatum
1641 4447 1657 4471 ,
1687 4404 2009 4465 incontami—

423 4493 1149 4569 ttatutu,iucoinqnluatutn,
1182 4496 1450 4566 recipiens
1480 4505 1678 4561 totam,
1716 4497 1761 4551 si
1798 4496 2005 4565 justum

421 4586 633 4651 dicere,
669 4585 1070 4662 speciositatent
1115 4587 1275 4644 bene
1300 4585 1563 4643 formatae
1606 4587 2005 4655 deiformitatis,

374 4682 380 4687 '
423 4687 477 4732 ct
506 4693 640 4750 pure
667 4678 948 4749 declarans
978 4677 1030 4735 itt
1059 4668 1258 4755 seipse,
1290 4676 1427 4734 sicut
1475 4680 1733 4750 possibile
1762 4690 1876 4745 est,
1913 4681 2011 4736 bo-

422 4770 673 4835 nitatem,
704 4783 844 4838 quae
876 4779 960 4825 est
996 4769 1049 4824 in
1078 4770 1272 4840 adytis.
1302 4768 1599 4842 Nonigitur
1623 4785 1799 4842 neque
1824 4772 1884 4839 in_
1910 4788 2009 4827 an-

426 4862 566 4933 gelis
616 4870 701 4917 est
768 4862 964 4917 malum

428 4955 573 5008 mali.
610 4953 719 5008 llan
749 4967 880 5023 ergo
922 4954 1130 5008 ratione
1159 4964 1213 5009 et
1254 4964 1660 5020 rmnpcscentes
1684 4953 2009 5023 delinquen-

433 5046 574 5101 tibus
615 5047 740 5099 tuaii
764 5087 778 5110 ,
813 5055 867 5100 et
897 5047 1235 5125 sacerdotum
1262 5042 1457 5101 divinis
1484 5046 1754 5115 mysteriis
1784 5048 2019 5100 immun-

328 5202 333 5207 _
432 5137 557 5192 dum
596 5136 960 5209 prohibentes.
994 5136 1061 5191 Et
1096 5138 1310 5208 quidem
1354 5151 1526 5206 neque
1565 5138 1742 5209 puniri
1786 5138 2012 5200 titulum,

432 5231 527 5286 sed
551 5231 771 5301 dignum
797 5228 911 5284 lieri
942 5243 1135 5300 poena.
1155 5224 1351 5298 Nech
1377 5228 1674 5285 secundum
1696 5229 2012 5300 dignitatem

433 5320 708 5393 prohiberi
744 5320 950 5383 sacris,
990 5318 1087 5375 sed
1127 5334 1234 5374 non
1276 5328 1520 5374 sanctum
1561 5329 1615 5373 ct
1654 5337 1758 5375 non
1800 5334 2015 5375 suerunt

434 5413 575 5475 ﬁeri,
602 5422 656 5467 ct
689 5409 1130 5467 incontaminatis
1160 5410 1595 5482 ittopportunuut.

1014 4880 1027 4915 :
1072 4864 1166 4918 sed
1210 4863 1481 4931 puniendo
1541 4864 1824 4933 peceatttcs
1856 4870 2010 4919 .sunt

2071 2473 2314 2551 quidem
2342 2476 2598 2534 dicuntur
2629 2476 2777 2542 mali,
2807 2475 3009 2533 dixerit
3034 2476 3187 2553 quis,
3215 2477 3311 2537 sed
3348 2492 3459 2534 non
3487 2493 3682 2534 secun-

2094 2568 2223 2623 dum
2253 2566 2397 2639 quod
2450 2575 2610 2634 sunt,
2635 2582 2704 2625 ex
2735 2569 2941 2642 optimo
2966 2568 3112 2627 enim
3143 2576 3271 2625 sunt
3320 2578 3379 2625 et
3418 2567 3681 2643 optimam
3708 2634 3709 2637 η

2095 2657 2467 2719 sortiebantur
2513 2654 2805 2715 essentiam
2829 2697 2847 2723 ,
2896 2658 2993 2714 sed
3036 2658 3332 2738 secundum
3380 2658 3525 2732 quod
3572 2674 3682 2715 non

2095 2759 2242 2817 sunt,
2268 2748 2495 2819 inﬁrmi,
2512 2745 2584 2807 ἰιι
2608 2750 2822 2822 eloquia
2849 2750 3026 2819 aiunt,
3058 2766 3277 2809 servare
3298 2766 3456 2808 suum
3482 2748 3684 2822 princi—

2097 2840 2270 2914 pium.
2312 2840 2371 2898 ιιι
2398 2855 2507 2913 quo
2529 2841 2699 2907 enim,
2725 2840 2816 2896 die
2848 2839 3217 2906 mihi,ritiari
3240 2841 3475 2915 dicimus
3497 2838 3683 2912 δαίμο-

2093 2953 2212 3000 νας,
2235 2932 2284 2988 si
2309 2946 2418 2989 non
2443 2932 2498 2987 in
2524 2930 2826 2988 cessatione
2848 2929 3151 2989 divinorum
3181 2931 3443 2989 bonorum
3460 2931 3688 2992 ,ltabitu-

2100 3024 2226 3082 dine
2250 3034 2308 3080 et
2338 3024 2591 3083 actione?
2626 3022 2737 3081 Sed
2766 3023 2949 3094 itaque
2990 3022 3037 3079 si
3082 3032 3272 3084 natura
3311 3021 3441 3078 mali
3468 3023 3686 3079 daemo-

2101 3131 2223 3183 nes,
2248 3131 2466 3189 semper
2488 3116 2641 3171 mali.
2678 3114 2748 3171 Et
2786 3115 3004 3187 quidem
3044 3115 3246 3171 malum
3285 3113 3536 3170 instabile
3577 3121 3683 3169 est.

2103 3210 2221 3266 Non
2246 3209 2410 3282 igitur
2427 3207 2477 3265 si
2504 3223 2721 3282 semper
2758 3207 2919 3264 sicsic
2955 3208 3175 3273 habent,
3213 3221 3321 3265 non
3340 3205 3469 3264 mali
3497 3225 3514 3262 :
3539 3204 3685 3278 quod
3730 3222 3778 3281 λ,

2101 3299 2251 3357 enim
2283 3312 2497 3372 semper
2525 3288 2787 3376 idipsuut,
2817 3297 3007 3375 optimi
3043 3297 3343 3370 proprium.
3394 3296 3453 3354 Si
3501 3308 3684 3353 autem

2101 3406 2210 3448 non
2237 3400 2294 3446 et
2322 3405 2539 3462 semper
2561 3387 2710 3455 mali,
2740 3405 2846 3445 non
2885 3388 3189 3454 naturales,
3216 3387 3311 3442 sed
3357 3386 3690 3459 indigentiae

2101 3480 2469 3555 angelicorum
2515 3479 2806 3539 bonorum.
2859 3478 2967 3561 Sed
3014 3493 3120 3533 non
3166 3477 3392 3534 omnino
3430 3483 3685 3549 expertes

2098 3578 2229 3636 boni
2251 3618 2269 3645 ,
2300 3578 2592 3635 secundum
2622 3577 2766 3647 quod
2792 3582 2849 3631 et
2881 3582 3036 3635 sunt,
3065 3581 3123 3630 et
3149 3572 3357 3638 vivunt,
3399 3579 3456 3627 et
3486 3570 3686 3625 intelli-

2102 3679 2255 3746 gunt,
2310 3679 2369 3725 et
2393 3670 2616 3724 cumino
2649 3676 2736 3723 est
2760 3665 2981 3740 quidam
3002 3664 3077 3721 .in
3102 3663 3185 3720 eis
3215 3663 3690 3739 concupiscentiae

2104 3770 2306 3819 motus.
2336 3757 2460 3817 Iuli
2486 3768 2671 3817 autem
2701 3771 2825 3815 esse
2861 3757 3137 3821 dicuntur,
3178 3764 3404 3831 propter
3428 3754 3572 3826 quod
3613 3753 3692 3810 iu-
3792 3778 3797 3781 ι

2103 3851 2396 3907 ﬁrmantur
2423 3849 2572 3906 circa
2604 3847 2911 3927 naturalem
2935 3846 3327 3922 operationem.
3366 3841 3525 3899 Falsa
3548 3857 3692 3914 ergo

2105 3941 2391 4002 conversio
2411 3946 2501 3998 est
2521 3940 2602 3998 eis
2628 3940 2853 3997 nudum.
2879 3947 2936 3994 et
2955 3953 2986 3994 a
3014 3936 3261 4009 cognatis
3287 3935 3402 3993 suis
3422 3934 3689 4007 egressio,

2102 4041 2162 4091 et
2205 4032 2533 4099 informitas,
2563 4040 2621 4087 et
2656 4030 3011 4102 imperledio,
3042 4038 3100 4084 et
3126 4026 3463 4098 impotentia,
3491 4034 3549 4082 et
3579 4025 3689 4083 sal-

2102 4136 2268 4185 vanle
2298 4126 2382 4184 eis
2409 4125 2802 4199 perfectionem
2845 4122 3047 4176 virtute
3097 4119 3423 4184 infirmitas,
3467 4129 3525 4175 et
3564 4117 3690 4190 fuga

2104 4228 2160 4275 et
2184 4234 2363 4277 casus.
2407 4217 2516 4277 Sed
2558 4213 2912 4289 itaque'quid
2947 4214 3003 4268 in
3051 4210 3408 4270 daemonibus
3445 4210 3694 4268 malum?

2105 4310 2283 4369 Furor
2310 4309 2730 4377 irrationabilis,
2760 4322 2951 4365 amens
2984 4305 3441 4379 concupiscentia,
3468 4307 3696 4378 phanta-

2106 4403 2187 4460 sia
2214 4388 2486 4477 pl-oterra.
2516 4399 2626 4457 Sed
2650 4400 2786 4456 haec
2806 4406 2862 4453 et
2883 4398 2928 4454 si
2958 4406 3084 4454 sunt
3106 4397 3161 4453 in
3184 4393 3557 4458 daemonibus.
3586 4409 3695 4453 non

2108 4495 2333 4551 omnino
2376 4507 2556 4564 neque
2603 4491 2658 4547 in
2686 4489 2960 4555 omnibus,
2989 4503 3168 4560 neque
3214 4487 3353 4559 haec
3394 4485 3700 4543 secundum

2110 4603 2173 4645 se
2221 4585 2382 4643 mala.
2431 4584 2501 4641 Et
2543 4583 2687 4640 enim
2738 4581 2796 4639 in
2832 4580 2954 4637 aliis
2995 4579 3320 4635 animalibus
3359 4593 3468 4635 non
3513 4587 3709 4634 motus

2113 4670 2322 4741 talium,
2352 4675 2448 4733 sed
2478 4672 2825 4743 interemptio
2850 4678 2935 4728 est
2972 4678 3028 4725 et
3056 4667 3335 4743 corruptio
3360 4667 3612 4759 animali,
3641 4676 3708 4723 eu

2116 4770 2341 4826 malum.
2378 4767 2609 4824 Habitus
2632 4765 2780 4822 enim
2809 4761 3002 4829 salvat,
3033 4771 3089 4820 et
3115 4776 3239 4818 esse
3286 4760 3415 4817 facit
3442 4761 3577 4816 haec
3606 4760 3701 4815 tta-

2115 4860 2331 4921 bentem
2359 4858 2615 4919 animalis
2650 4866 2922 4912 naturam.
2946 4878 2949 4881 ι
2970 4850 3087 4909 Non
3130 4852 3299 4923 igitur
3339 4849 3542 4905 malum
3566 4848 3695 4903 dac-

2115 4950 2328 5009 moniea
2354 4963 2505 5020 gens,
2531 4954 2795 5018 quantum
2819 4953 2905 5000 est
2929 4940 3083 5011 juxta
3110 4949 3381 5002 naturam,
3411 4938 3507 4993 sed
3531 4953 3707 5009 quam

2115 5051 2230 5098 tum
2276 5056 2385 5096 non
2434 5044 2537 5094 est.
2588 5037 2655 5093 Et
2700 5049 2818 5089 non
2861 5042 3125 5091 mutatum
3173 5039 3261 5086 est
3304 5028 3490 5086 datum
3524 5027 3577 5082 in
3613 5026 3711 5082 eis

2120 5143 2291 5192 totum
2318 5133 2543 5197 bomtm,
2584 5128 2679 5184 sed
2709 5119 2814 5199 ipsi
2844 5126 2974 5184 dato
3023 5123 3338 5180 cecidenntt
3380 5128 3496 5174 toto
3533 5119 3707 5175 bono.

2124 5226 2194 5283 Et
2217 5225 2375 5281 datas
2418 5220 2503 5277 eis
2535 5219 2814 5292 angelicas
2856 5215 3178 5274 donationes
3227 5225 3506 5282 nunquam
3552 5210 3708 5282 ipsa:

2122 5320 2422 5373 commotas
2472 5310 2640 5367 fuisse
2680 5307 2950 5371 dicimus,
3000 5297 3094 5361 sed
3136 5313 3264 5359 sunt
3306 5311 3365 5357 et
3409 5301 3605 5371 integri
3640 5310 3705 5359 et

2122 5404 2432 5467 clarissimi,
2489 5400 2589 5457 ctsi
2632 5398 2736 5473 ipsi
2790 5413 2897 5454 non
2927 5396 3110 5452 rident
3144 5392 3530 5470 participant“
3572 5409 3706 5449 tuas

1720 5518 1746 5572 κ
1764 5518 1975 5577 Αιιιλιῖ
2016 5515 2419 5606 LBCTlOM-ZS.

512 5619 526 5649 ³
562 5616 700 5673 BE“
737 5616 949 5671 bouum.
1026 5617 1046 5644 ³
1084 5621 1174 5668 aut
1203 5609 1328 5682 quid
1358 5621 1694 5680 corrmnpmt!
1730 5627 1836 5666 om.
1878 5612 2030 5670 Mill.
2099 5643 2106 5651 ι

1956 5702 2205 5759 NOTAE.

510 5814 532 5839 ά
579 5785 757 5857 sunt;
799 5797 905 5859 ut,
946 5800 1032 5853 ts.

2194 5794 2219 5833 ι’
2260 5791 2275 5844 l
2308 5790 2433 5846 Cor.
2468 5784 2607 5852 XIV;
2644 5785 2837 5853 Epiros.
2870 5782 2935 5838 ιι.
