4198 6256
301 364 431 428 uss
520 330 525 336 ⁷

947 348 1199 450 VERSYO
1236 353 1524 414 ορειιιιιι
1561 355 1619 412 S.
1663 356 1913 415 DlUNYS

2021 385 2090 395 -
2129 351 2217 412 οε
2255 351 2505 412 DlVlNlS
2543 327 2949 412 NOMINIBUS.

3423 330 3566 410 ms

285 478 472 534 autem
503 512 518 542 ,
566 451 830 553 numun
882 470 1026 526 unde
1057 454 1329 527 animi
1371 467 1642 555 Numquid
1676 477 1731 525 et
1757 469 1947 554 dei-_A
1982 475 2110 532 tem,
2163 478 2218 526 ot
2271 467 2490 540 proprie
2541 453 2834 537 unicuique
2881 461 3231 522 existentit'rm
3291 465 3567 536 providet.

281 565 569 628 iormitate
601 561 720 634 ejus
760 550 943 618 facta?
975 560 1320 632 Relinquitur
1348 550 1520 632 ergo,
1554 559 1754 616 malum
1789 550 1885 615 in?

289 657 523 732 ﬁrmitas
545 645 600 711 et
643 652 887 711 defectus
919 653 1046 712 boni
1070 668 1212 710 esse.
1370 713 1378 729 ‘

355 745 706 820 Optimorqm
729 759 893 801 causa
915 759 1046 824 una,
1067 744 1275 816 optimo
1295 738 1495 800 malum
1523 742 1878 807 contrarium,

287 819 422 897 mali
437 851 634 893 causae
650 835 870 894 multae.
891 819 1006 893 Non
1020 831 1241 906 quidem
1255 825 1486 910 factivae
1507 832 1768 894 malorum
1795 819 1886 888 ra?
1919 838 1921 840 ’

277 932 474 986 -tioues
484 937 540 982 et
551 928 798 992 virtutes,
815 926 908 983 sed
930 923 1266 996 impotentia,
1278 933 1338 978 et
1353 921 1663 989 inﬁrmitas,
1678 931 1733 979 et
1747 922 1885 977 mix-

305 1032 426 1078 tura
457 1017 802 1077 dissimilium
833 1013 1226 1080 immoderata.
1255 1011 1766 1093 Nequeimmobilia
1786 1053 1802 1078 ,
1830 1022 1907 1067 et'

299 1127 522 1185 semper
541 1111 702 1170 sicsic
722 1111 973 1168 habentia
988 1109 1152 1188 mala,
1177 1107 1271 1164 sed
1295 1092 1487 1173 multa,
1507 1115 1563 1160 et
1577 1105 1809 1170 inﬁnita,
1831 1113 1890 1161 et
1915 1147 1920 1150 .

277 1207 349 1263 .in
378 1193 592 1262 diversa
636 1203 866 1272 ferentia
886 1241 902 1268 ,
929 1211 988 1258 et
1019 1202 1108 1264 his
1144 1189 1330 1256 multis
1357 1199 1610 1256 omnibus
1630 1205 1686 1254 et
1712 1195 1886 1262 malis.

367 1293 699 1366 Principium
727 1303 784 1351 et
810 1293 934 1349 ﬁnis
962 1285 1068 1352 erit
1104 1292 1325 1351 bonum.
1364 1291 1594 1370 PrOpter
1623 1289 1772 1343 enim
1795 1289 1864 1342 bo

290 1403 426 1466 pum
443 1386 650 1454 omnia,
674 1394 730 1443 et
757 1397 1114 1458 quaecunque
1129 1385 1426 1444 contraria.
1444 1373 1656 1445 Etenim
1676 1387 1732 1436 et
1754 1379 1892 1460 haec

287 1477 509 1550 agimus
542 1477 744 1534 bonum
779 1475 1166 1534 desiderantes.
1201 1473 1373 1536 Nemo
1399 1473 1542 1531 enim
1582 1471 1780 1529 malum
1807 1486 1893 1526 re-

285 1569 538 1639 spiciens
569 1567 698 1625 facit
727 1583 868 1649 quae
893 1562 1044 1625 facit.
1081 1564 1317 1626 Proinde
1342 1579 1516 1637 neque
1534 1562 1893 1620 substantiam

301 1657 466 1716 habet
493 1655 715 1724 malum,
765 1656 862 1713 sed
909 1666 1100 1712 contra
1129 1655 1510 1738 substantiam,
1547 1661 1769 1726 propter
1793 1649 1895 1708 bo-

153 1773 158 1780 -
229 1824 236 1828 .
300 1763 452 1812 num,
481 1756 676 1805 etnon
704 1761 774 1806 ex
797 1761 866 1805 eo
889 1745 1114 1804 iactatu.

1981 559 2272 633 Propterea
2309 569 2367 616 et
2387 561 2696 617 vanam'aut
2717 559 3115 631 disceptantem
3141 557 3434 616 multorum
3457 571 3572 633 nol

1983 653 2276 734 recipimus
2305 646 2591 720 rationem.
2621 653 2714 724 qui
2735 662 2989 724 oportere
3009 651 3160 706 aiunt
3180 649 3574 722 providentiam

1982 755 2037 803 et
2062 730 2260 806 invitos
2287 761 2388 804 nos
2417 747 2471 802 in
2497 745 2751 804 virtutem
2784 747 3002 802 ducere.
3035 743 3399 816 Corrumpere
3425 745 3572 800 enim

1983 845 2258 902 naturam,
2291 823 2398 893 non
2425 847 2507 893 est
2525 835 2918 907 providentiae.
2936 833 3089 891 Unde
3113 845 3173 890 ut
3191 832 3214 866 ³
3236 830 3593 904 ι)ιο‹›ιπί‹1θιιιὶὶ⁷

1985 914 2410 998 uniuscujusque
2457 935 2682 998 naturae
2739 925 2997 982 salvatrix
3039 939 3136 996 per
3169 913 3379 1003 seipsos
3405 929 3580 978 moto-
3622 927 3626 930 ’

1987 1031 2128 1082 rum,
2162 1018 2218 1071 ut
2245 1031 2343 1088 per
2367 1017 2578 1088 seipsos
2605 1026 2896 1083 motorum,
2923 1015 3188 1086 providet,
3210 1024 3271 1071 et
3291 1015 3501 1081 omnia,
3521 1015 3581 1087 et

1985 1118 2047 1158 ea
2075 1119 2175 1176 per
2197 1105 2427 1178 singula,
2445 1105 2693 1162 similiter
2715 1105 2968 1160 universo
2989 1115 3046 1160 et
3065 1089 3578 1173 unicuique,~quan-
3612 1127 3616 1132 ·

1991 1200 2105 1254 tum
2136 1191 2470 1269 provisorum
2503 1208 2695 1254 natura
2726 1197 2920 1268 recipit
2962 1197 3130 1252 totius
3157 1205 3218 1252 et
3239 1183 3605 1274 largissimae

1989 1289 2360 1358 providentiae
2393 1289 2568 1345 editas
2609 1288 3087 1362 proportiona‘liter
3127 1288 3428 1358 unicuique
3455 1301 3589 1358 pro.

1992 1377 2146 1433 vidas
2169 1378 2460 1435 bonitates.
2942 1427 2950 1434 .

2061 1465 2180 1523 Non
2212 1467 2376 1540 igitur
2400 1465 2688 1532 iatnalnm,
2713 1468 2958 1540 nequein
2973 1467 3334 1526 existentibus
3360 1465 3587 1522 malum.

1994 1555 2110 1614 Non
2135 1559 2357 1615 omnino
2379 1559 2529 1630 enim
2565 1559 2789 1636 malum,
2809 1572 2975 1616 .vacat
3001 1559 3205 1614 malum
3240 1569 3298 1614 et
3325 1557 3440 1616 ﬁeri
3467 1561 3586 1615 ina-
3669 1559 3674 1562 ’

1991 1649 2106 1710 idm
2140 1654 2432 1707 secundum
2473 1651 2752 1720 virtutem,
2794 1651 2889 1707 sed
2933 1665 3032 1722 per
3073 1651 3467 1706 inﬁrmitatem.
3519 1648 3594 1706 Et

1995 1741 2370 1810 daemonibus,
2393 1740 2777 1828 qttod‘quidem
2800 1750 2995 1798 suntet
3015 1757 3085 1797 ex
3105 1739 3272 1823 bono,
3295 1753 3348 1796 et
3363 1739 3593 1818 bonum.

370 1837 510 1895 Malo
548 1853 672 1896 esse
708 1839 1014 1910 ponendum
1058 1837 1355 1898 secundum
1389 1835 1664 1903 accidens,
1699 1844 1757 1895 et
1801 1851 1898 1908 per
1923 1817 1972 1878 Β
1997 1833 2193 1908 Italum
2223 1845 2408 1892 autem
2434 1836 2572 1907 ipsis
2603 1817 2668 1890 ex
2700 1835 2936 1906 propriis
2966 1820 3278 1911 bonis'casu
3331 1844 3387 1890 et
3413 1843 3598 1913 muta-5

287 1929 474 1998 aliud;
507 1939 566 1986 et
593 1944 702 1988 non
727 1944 798 1987 ex
840 1930 1107 2002 principio
1131 1938 1374 2002 pmprio.
1412 1928 1600 2000 itaque
1628 1931 1772 2001 quod
1816 1927 1899 1986 l‘a-

289 2029 480 2086 etum,
509 2027 722 2077 rectum
747 2019 966 2091 quidem
998 2035 1122 2077 esse
1147 2020 1442 2093 putandum
1463 2059 1480 2087 ,
1505 2015 1633 2092 quia
1658 2037 1724 2078 ex
1756 2021 1900 2077 bono

301 2125 426 2170 esse
457 2103 776 2183 putandum,
800 2109 925 2182 quia
956 2119 1180 2182 prapter
1207 2111 1424 2166 bonum
1442 2109 1522 2178 ﬁt,
1543 2110 1778 2168 veritate
1803 2125 1896 2165 au-

307 2215 418 2258 tem
449 2216 558 2259 non
590 2206 800 2271 rectum
826 2215 966 2259 esse.
987 2199 1351 2270 Quamobrem
1375 2201 1518 2279 quod
1538 2204 1646 2260 non
1674 2201 1898 2272 bonum,

305 2294 510 2348 bonum
533 2290 889 2347 arbitramur.
1657 2293 1660 2295 λ

379 2381 702 2440 Ostenditur
738 2381 886 2440 aliud
912 2381 930 2414 ⁸
959 2380 1400 2452 concupiscibile,
1423 2389 1481 2440 et
1507 2381 1653 2438 aliud
1677 2380 1899 2438 factum.

307 2473 428 2531 Non
459 2475 626 2546 igitur
658 2472 860 2542 malum
891 2482 976 2530 est
1000 2487 1070 2528 ex
1095 2473 1215 2540 via,
1245 2487 1420 2544 neque
1443 2481 1526 2530 est
1571 2487 1641 2529 ex
1669 2471 1900 2542 visione,

307 2582 486 2639 neque
511 2575 682 2629 estex
710 2573 936 2633 natura,
964 2579 1143 2639 neque
1173 2575 1254 2624 est
1287 2581 1357 2624 ex
1397 2564 1562 2624 causa
1581 2607 1598 2635 ,
1620 2582 1796 2638 neque
1819 2575 1907 2624 est

305 2677 376 2718 ex
401 2658 701 2731 principio,
740 2672 922 2728 neque
946 2666 1121 2716 estex
1157 2645 1264 2714 ﬁne
1289 2697 1306 2724 ,
1355 2671 1532 2730 neque
1566 2667 1652 2715 est
1689 2673 1756 2714 ex
1795 2645 1911 2716 ter-

310 2753 462 2808 mino
490 2753 535 2816 ',
575 2763 752 2821 neque
773 2757 860 2806 est
881 2763 950 2806 ex
974 2746 1222 2814 consilio,
1243 2763 1421 2821 neque
1441 2757 1527 2806 est
1555 2738 1625 2806 ex
1647 2746 1904 2808 substan-

313 2843 406 2896 tia.
435 2839 678 2899 Privatio
707 2840 874 2912 igitur
901 2829 986 2896 est
1019 2837 1247 2905 malum,
1281 2847 1340 2896 et
1371 2838 1634 2905 defectus,
1668 2848 1726 2896 et
1748 2838 1906 2894 inﬁr-

241 2949 247 2952 ‘
313 2935 500 2998 mitas,
543 2941 601 2988 et
644 2928 1088 2996 immoderantia,
1117 2939 1172 2984 et
1200 2921 1504 3002 peccatum,
1550 2939 1606 2987 et
1638 2929 1909 3002 inconspi-

311 3031 584 3092 cuum,et
613 3019 866 3087 informe,
898 3027 955 3076 ct
981 3006 1089 3076 non
1117 3020 1324 3086 vivens,
1351 3029 1410 3078 et
1443 3028 1551 3077 nan
1579 3019 1910 3094 intelligens,

1997 1923 2260 1994 bilitates,
2285 1926 2542 1998 circaque
2575 1925 2985 1982 similitudinem
3006 1936 3060 1980 et
3083 1909 3326 1992 habitum
3360 1921 3596 1980 inﬁrmi-

2000 2011 2084 2076 tas
2119 2027 2386 2104 cognatae
2411 2017 2545 2090 ipsis
2569 2017 2592 2052 ⁸
2617 2017 2896 2098 angelicae
2925 2015 3295 2087 perfectionis.
3329 2015 3398 2072 Et
3429 2030 3601 2088 appe-

1999 2115 2120 2166 tunt
2145 2111 2344 2169 bonum
2361 2147 2378 2176 ,
2407 2110 2700 2166 secundum
2727 2109 2870 2182 quod
2897 2117 2954 2165 et
2980 2123 3104 2166 esse
3123 2117 3181 2164 et
3205 2108 3388 2168 vivere
3422 2117 3479 2164 et
3503 2108 3594 2162 in-

2001 2199 2238 2271 telligere
2265 2196 2686 2260 substituuntur.
2710 2199 2776 2256 Et
2795 2199 2839 2256 si
2867 2217 2973 2255 non
2998 2197 3260 2271 appetunt
3281 2199 3508 2266 bonum,
3537 2198 3598 2267 id
3644 2257 3646 2259 ,

2000 2293 2150 2366 quod
2165 2307 2272 2349 non
2291 2297 2657 2370 estappetunt
2681 2292 2741 2348 ἐ
2778 2301 2834 2349 et
2859 2309 2970 2351 non
3002 2293 3106 2349 erit
3143 2293 3250 2350 hoc
3282 2291 3597 2366 appetitus,

2001 2385 2102 2444 sed
2123 2399 2248 2443 vere
2268 2389 2540 2458 appetitus
2565 2389 2872 2457 peccatum.
3152 2414 3155 2418 -
3201 2408 3208 2414 ο
3383 2419 3385 2422 ‹
3409 2390 3413 2396 ’
3577 2397 3612 2446 _~

2073 2477 2132 2534 in
2165 2478 2397 2535 scientia
2469 2487 2647 2549 autem
2694 2477 2987 2552 peccantes
3009 2477 3032 2510 ⁸
3059 2463 3259 2534 vocant
3320 2474 3541 2546 eloquia
3565 2463 3618 2521 ι’
3725 2541 3734 2552 ι

2005 2569 2151 2628 circa
2162 2583 2447 2627 erroneam
2459 2566 2586 2630 boni
2599 2549 2883 2630 scientiam
2896 2578 2990 2624 aut
3005 2569 3274 2624 actionem
3302 2567 3550 2623 inﬁrmos
3575 2581 3596 2643 _:
3670 2606 3674 2610 ι

2005 2669 2061 2718 et
2071 2661 2306 2718 scientes
2317 2659 2666 2726 voluntatem,
2684 2669 2856 2716 etnon
2871 2658 3137 2716 iacientes
3153 2677 3167 2714 :
3183 2659 3461 2714 auditores
3473 2658 3594 2731 qui-

2007 2753 2130 2811 dem
2161 2752 2406 2811 inﬁrmos
2421 2762 2517 2834 aut
2536 2756 2684 2810 circa
2707 2753 2889 2834 ﬁdem,
2915 2763 3006 2808 aut
3025 2753 3399 2825 operationem
3423 2751 3552 2812 boni
3575 2769 3595 2808 :

2008 2853 2064 2902 et
2093 2832 2731 2916 nolentiam-quibusdam
2759 2832 3052 2910 convenire
3076 2841 3478 2900 benefaciendo
3506 2857 3605 2915 per

2009 2933 2206 3013 falsam
2255 2935 2665 2991 conversionem
2698 2939 2722 2974 ν
2753 2943 2848 2989 aut
2879 2920 3602 2999 inﬁrmitatemvolnntatis.

2010 3025 2079 3083 Et
2097 3025 2178 3082 sic
2189 3024 2412 3081 omnino
2431 3024 2659 3090 malum,
2683 3031 2740 3079 ut
2763 3037 2925 3095 saepe
2947 3023 3204 3088 diximus,
3223 3020 3532 3088 inﬁrmitas,
3547 3031 3608 3080 et

259 3189 268 3199 .
313 3123 371 3173 et
410 3111 756 3176 irrationale,
793 3122 846 3177 et
885 3108 1295 3182 imperfectum,
1320 3119 1380 3168 et
1410 3110 1786 3170 incolioeatum
1811 3151 1828 3180 ,
1853 3118 1911 3166 et

2014 3113 2440 3192 impossibilitas,
2465 3127 2522 3174 et
2551 3117 2795 3174 delectus
2817 3126 2900 3173 cst
2928 3124 3022 3170 aut
3062 3115 3351 3178 scientiae,
3387 3119 3482 3169 aut
3515 3127 3609 3168 er-
3659 3175 3670 3184 ,

317 3205 628 3273 incausale,
657 3209 715 3261 ct
745 3171 1020 3260 inﬁnitain
1040 3243 1056 3270 ,
1085 3211 1144 3259 et
1169 3171 1536 3266 infecundum,
1589 3171 1908 3274 et'pigrmn,

2015 3171 2187 3270 mitis
2216 3183 2629 3278 scientiae,'aut
2651 3208 2798 3276 ﬁdei,
2841 3218 2935 3264 aut
2975 3208 3255 3276 desiderii,
3282 3218 3384 3262 aut
3406 3221 3610 3280 operae

315 3309 370 3355 et
409 3297 708 3362 inﬁrmum,
748 3304 802 3352 et
847 3291 1236 3360 inordinatum,
1275 3301 1336 3350 et
1377 3291 1658 3366 dissimile,
1695 3301 1753 3348 et
1777 3291 1914 3346 mul-

321 3400 456 3456 tum,
485 3397 542 3445 et
570 3380 940 3455 tenebrosum,
960 3391 1018 3442 et
1037 3381 1483 3453 inessentiale,”et
1508 3383 1611 3442 hoc
1639 3395 1915 3454 nunquam

319 3496 586 3561 nusquam
612 3479 820 3537 nullum
848 3475 926 3536 ὄν.

390 3574 676 3646 Quomodo
719 3574 942 3631 omnino
986 3579 1167 3646 potest
1219 3571 1421 3628 malum
1477 3571 1546 3627 ad
1592 3571 1791 3656 bonum
1845 3583 1916 3626 ex

322 3667 598 3725 mixtura?
624 3665 780 3736 Quod
815 3665 968 3722 enim
999 3665 1149 3721 omni
1191 3664 1337 3722 bono
1375 3675 1590 3737 expers,
1627 3677 1803 3735 neque
1831 3671 1918 3720 est

323 3760 473 3832 quid,
521 3773 700 3831 neque
741 3755 938 3831 potest.
982 3755 1198 3818 Etenim
1241 3755 1289 3812 si
1327 3754 1528 3812 bonum
1553 3765 1608 3812 et
1631 3751 1687 3812 ὃν
1715 3762 1822 3822 est,
1861 3762 1938 3811 et-

327 3849 724 3908 con'sultorium
744 3889 760 3916 ,
777 3858 846 3906 ‘et
863 3849 1004 3906 bene
1033 3856 1224 3920 potens
1247 3889 1264 3916 ,
1292 3855 1344 3905 et
1368 3847 1624 3914 activum,
1647 3841 1920 3920 quomodo

209 3981 226 3992 ι
326 3946 526 4013 poterit
557 3942 687 4016 quid
715 3939 1054 3998 contrarium
1089 3940 1255 4006 bono,
1293 3946 1351 3995 et
1385 3937 1689 3996 substantia
1727 3941 1782 3997 et
1823 3954 1916 3996 sa-

322 4036 534 4109 pientia
561 4043 619 4091 et
653 4033 851 4092 virtute
878 4040 934 4088 et
965 4029 1292 4102 operatione
1320 4029 1638 4105 privatum?

395 4129 517 4189 Non
542 4128 726 4190 omnia
755 4127 1030 4190 omnibus,
1058 4132 1115 4182 et
1156 4123 1378 4182 omnino
1405 4123 1592 4182 eadem
1622 4123 1918 4181 secundum

329 4224 560 4298 idipsum
601 4223 760 4280 mala.
814 4219 1082 4275 Daemoni
1128 4217 1350 4286 malum,
1389 4226 1578 4275 contra
1600 4214 1920 4274 deiformem

331 4313 660 4372 intellectum
688 4325 810 4368 esse
833 4327 866 4387 ε,
880 4308 1122 4378 animae,
1145 4317 1334 4366 contra
1361 4308 1630 4366 rationem
1649 4307 1920 4380 :corpori,

329 4413 520 4464 contra
542 4413 818 4462 naturam.
1737 4417 1744 4419 ‘

277 4559 282 4562 _
400 4498 687 4566 Quomodo
713 4495 936 4553 omnino
955 4493 1120 4560 mala,
1141 4491 1478 4564 providentia
1489 4489 1920 4550 existente‘lNon

329 4600 415 4646 est
445 4585 670 4653 malum,
705 4585 753 4644 si
793 4584 994 4644 malum
1029 4598 1203 4654 neque
1241 4579 1316 4650 ὅν,
1355 4598 1530 4654 neque
1554 4583 1608 4640 in
1638 4583 1922 4641 existenti—

333 4683 459 4756 bus,
486 4685 542 4736 et
581 4677 717 4734 nihil
751 4675 1102 4734 existentium
1159 4675 1533 4748 improvisum.
1563 4673 1748 4746 Neque
1775 4675 1923 4732 enim

327 4751 417 4828 est
443 4770 646 4834 malum
667 4765 744 4837 ὅν,
770 4768 1123 4840 conspicuum
1144 4766 1446 4825 subsistens
1467 4766 1630 4822 bono.
1653 4765 1720 4822 Et
1739 4767 1784 4822 si
1806 4751 1947 4822 nul?

329 4869 448 4922 .lum
477 4864 840 4924 existentium.
870 4876 974 4918 non
1020 4859 1294 4933 particeps
1317 4857 1469 4926 boni,
1514 4859 1713 4914 malum
1741 4870 1927 4916 autem
1987 4853 1991 4860 ’

321 4956 584 5036 deiectus
631 4955 758 5013 boni
789 4995 804 5020 ,
847 4952 984 5010 nihil
1035 4959 1221 5007 autem
1287 4949 1634 5007 existentium
1669 4954 1930 5022 privatur

337 5049 722 5116 universaliter
753 5048 933 5104 bono:
974 5047 1029 5101 in
1051 5044 1302 5101 omnibus
1341 5043 1703 5100 existentibus
1740 5045 1924 5101 divina

341 5144 704 5221 providentia,
735 5150 795 5198 et
821 5139 955 5197 nihil
979 5137 1326 5195 existentium
1360 5150 1468 5192 non
1491 5136 1788 5208 provisum.
1817 5133 1924 5193 Sed

341 5248 398 5294 et
426 5236 586 5304 factis
615 5234 773 5296 malis
791 5232 993 5304 optime
1019 5240 1074 5288 et
1101 5229 1326 5302 pulchre
1355 5227 1690 5300 providentia
1719 5242 1816 5282 usa
1841 5236 1926 5285 est

344 5325 416 5383 ad
444 5334 690 5384 nostram
717 5331 811 5378 aut
833 5321 1061 5378 aliorum
1081 5328 1176 5375 aut
1191 5316 1571 5374 idrmationcm
1598 5323 1693 5371 aut
1721 5317 1926 5374 utilita-

2017 3303 2176 3360 tionis
2205 3303 2354 3361 boni.
2380 3300 2448 3357 Et
2475 3301 2694 3372 quidem
2723 3299 2922 3356 dixerit
2948 3299 3090 3369 quis,
3133 3313 3241 3354 non
3273 3296 3606 3354 vindicabile

2011 3395 2326 3460 inﬁrmitas,
2382 3392 2694 3450 econtrario
2738 3403 2869 3446 vero
2903 3387 3259 3448 concessibile
3289 3404 3304 3442 :
3337 3386 3610 3457 siquidem

2013 3505 2121 3546 non
2137 3488 2344 3544 licitum
2365 3494 2692 3556 erat'posse,
2717 3483 2856 3540 bene
2889 3483 2937 3538 si
2969 3481 3200 3538 haberet
3232 3478 3405 3535 ratio:
3433 3475 3481 3534 si
3508 3493 3611 3534 au-

1994 3587 2124 3638 ‘teni
2149 3596 2218 3636 ex
2243 3577 2387 3636 bono
2413 3591 2606 3650 posse,
2653 3576 2816 3632 dante
2856 3573 3012 3646 juxta
3043 3571 3261 3642 eloquia
3297 3571 3436 3638 lrea,
3462 3585 3608 3642 quae

2017 3684 2144 3731 sunt
2159 3682 2462 3745 opportuna
2487 3668 2761 3735 omnibus,
2776 3667 3097 3739 simpliciter
3111 3681 3220 3724 non
3247 3663 3518 3722 laudabile
3538 3679 3610 3730 ex

2015 3769 2143 3828 boni
2185 3767 2524 3839 propriorum
2554 3764 2821 3822 bonorum
2850 3760 3036 3818 habitu
3066 3763 3350 3830 peceatum
3389 3760 3615 3837 et'irra-

2021 3857 2297 3916 tionabilis
2313 3855 2616 3922 conversio,
2643 3863 2700 3910 et
2722 3853 2871 3922 fuga,
2897 3860 2954 3908 et
2978 3845 3156 3908 casus.
3189 3847 3300 3906 Sed
3330 3849 3614 3920 haec-qui-

2018 3951 2142 4008 dem
2164 3965 2198 4005 a
2231 3949 2388 4010 nobis
2413 3947 2466 4002 in
2501 3947 2607 4010 bis,
2635 3961 2775 4017 quae
2801 3952 2928 3999 sunt
2965 3943 3034 3999 de
3061 3943 3208 4014 iusta
3236 3949 3291 3999 et
3311 3939 3494 3996 divina
3514 3939 3612 4011 ju-

2019 4041 2363 4100 stiﬁcationis
2405 4039 2782 4103 observantia,
2825 4035 2958 4092 satis
3012 4035 3310 4091 secundum
3357 4033 3614 4091 virtutem

2021 4135 2166 4193 dicta
2199 4143 2346 4198 sunt,
2381 4133 2676 4188 secundum
2725 4143 2888 4200 quam
2937 4142 3149 4207 sacram
3187 4126 3455 4182 actionem
3501 4125 3616 4181 elo-
3675 4201 3680 4207 .

2020 4225 2273 4300 quierunt
2320 4225 2520 4280 veritas
2551 4221 2876 4292 sophistias
2902 4232 2959 4276 et
3007 4205 3288 4276 veritatem
3319 4229 3374 4273 et
3410 4218 3618 4276 falsita-

2025 4331 2134 4377 tem
2189 4328 2376 4374 contra
2432 4316 2600 4372 Deum
2655 4315 2936 4386 loquentes
2989 4312 3301 4378 inlirmavit,
3358 4321 3613 4382 tanquam

2023 4424 2278 4485 perverse
2321 4411 2597 4482 sapientes
2640 4409 2895 4462 rationes.
2933 4407 3084 4461 Nunc
3109 4416 3315 4471 autem,
3351 4415 3613 4476 quantum

2025 4505 2322 4562 secundum
2368 4517 2489 4570 nos,
2545 4500 2873 4556 suilicienter
2928 4499 2949 4531 ⁸
2990 4497 3504 4570 ΙἈυύκιυιιῡοιιυω,
3557 4509 3620 4554 ut

2031 4613 2159 4656 vere
2180 4594 2443 4670 mirabile,
2470 4605 2528 4650 ut
2547 4595 2870 4667 principium
2893 4601 2946 4649 et
2970 4593 3094 4648 ﬁnis
3115 4592 3377 4658 omnium,
3405 4602 3462 4648 ut
3489 4607 3622 4647 con-

2031 4687 2258 4746 tincntia
2289 4687 2656 4749 existentinui,
2677 4694 2736 4740 ut
2757 4682 3080 4738 foriuilicum
3113 4699 3216 4737 non
3247 4682 3615 4747 existentium,

2030 4791 2091 4837 ut
2121 4780 2362 4836 omnium
2387 4781 2654 4836 bonorum
2680 4776 2925 4842 causale,
2957 4785 3017 4831 ut
3046 4776 3308 4830 malorum
3339 4792 3446 4832 non
3483 4792 3614 4830 cau-

2031 4873 2163 4940 sale,
2194 4870 2612 4943 utprovidentia
2651 4867 2966 4924 et'bouitas
3004 4866 3350 4932 universalis,
3382 4878 3436 4920 et
3459 4884 3618 4940 supe-

2030 4981 2160 5022 rans
2189 4962 2476 5020 existentia
2508 4969 2566 5020 et
2605 4976 2712 5016 non
2741 4959 3052 5025 existentia,
3082 4968 3140 5014 et
3172 4957 3342 5026 mala,
3377 4966 3433 5014 et
3461 4975 3617 5017 suam

2031 5059 2389 5131 privationem
2418 5056 2616 5113 bonam
2647 5049 2969 5124 existentem
3007 5054 3258 5110 omnibus
3298 5053 3615 5126 appetibile,
3669 5099 3682 5114 .

2031 5161 2085 5208 et
2117 5148 2369 5216 annabile,
2398 5158 2454 5203 et
2480 5145 2828 5212 delectabile,
2858 5154 2911 5199 et
2936 5161 3296 5216 quaecunque
3322 5147 3425 5202 alia
3449 5147 3501 5202 in
3531 5147 3617 5206 liis

2029 5241 2207 5313 palam
2234 5253 2361 5295 vera
2388 5237 2648 5304 ostendit,
2675 5245 2736 5291 ut
2761 5235 3020 5302 arbitror,
3055 5237 3212 5292 ratio.

1623 5409 1880 5468 VABIAE
1913 5411 2318 5471 LECTIONES.

423 5514 438 5544 ⁸
479 5511 522 5566 Ε
549 5517 723 5564 autent
776 5505 940 5562 aliud.
1015 5505 1036 5536 ³
1069 5505 1118 5560 Ε
1161 5519 1225 5559 εκ
1256 5502 1580 5573 deﬁnitione.
1657 5499 1680 5531 ³
1721 5499 1808 5555 ΕΗ
1833 5511 1903 5557 et.

1991 5503 2015 5536 ⁸
2050 5503 2139 5558 ΒΕ
2192 5503 2380 5572 ipsius.
2453 5502 2477 5536 ³
2517 5499 2609 5558 Sic
2642 5501 2721 5569 A;
2755 5497 2820 5555 Et
2859 5499 2906 5555 si
2936 5513 3039 5554 non
3077 5496 3324 5570 appetunt
3362 5525 3429 5538 --
3456 5513 3614 5572 app.

351 5593 464 5639 tum
507 5597 616 5638 oni.
641 5577 795 5634 BEH.
873 5578 894 5610 ‘
935 5574 1020 5658 Bljl
1041 5571 1354 5648 peccatores.
1430 5573 1450 5604 ⁷
1493 5571 1536 5625 1'1
1572 5573 2038 5629 conversationem.
2121 5575 2158 5606 "
2197 5571 2286 5627 BH
2315 5571 2659 5642 sufﬁcientes.
2811 5617 2816 5622 .

2121 5575 2158 5606 "
2197 5571 2286 5627 BH
2315 5571 2659 5642 sufﬁcientes.

1860 5663 2110 5724 NOTAE.

425 5773 452 5804 ³
494 5761 618 5816 lsai.
643 5761 856 5826 XLVII;
891 5761 1030 5820 Psal.
1063 5758 1290 5825 XXXV;
1329 5757 1458 5814 an.
1493 5756 1608 5823 Xli;
1649 5755 1805 5811 Rom.
1838 5755 1917 5826 il;

351 5833 466 5892 τιι.
499 5832 550 5899 Ι;
584 5829 697 5888 Jac.
725 5833 812 5888 iV.

2102 5757 2128 5798 ί)
2167 5759 2196 5814 J
2215 5759 2352 5815 :COlt.
2379 5757 2419 5814 Ι.
