4198 6264
473 379 629 434 -1159

1908 375 2188 434 JOANNIS
2228 375 2420 434 ποτε

3652 391 3788 451 1180

478 470 905 582 «torquendus.
968 511 1049 566 Ad
1085 527 1248 580 quem
1283 511 1574 566 dircndum
1619 509 1700 562 sic
1732 524 1745 560 :
1774 503 1830 562 Si
1867 500 2084 574 quidem
2114 507 2160 564 Α
2192 504 2258 555 ad
2284 511 2397 554 tota
2426 499 2784 567 din‘erentias,
2817 513 2871 558 et
2901 503 3040 572 ejus,
3071 516 3211 572 quas
3237 511 3322 560 est
3339 498 3785 579 justitia,_ettsto.

478 600 734 674 diligunt,
761 618 898 674 quos
922 603 1058 674 dicis
1081 611 1319 664 sanctos,
1354 601 1407 655 in
1451 609 1597 656 terra
1639 611 1671 653 a
1705 593 2088 654 materialibtts

401 751 412 757 ,
482 689 732 756 notanda,
755 693 942 748 divino
965 693 1179 761 penitus
1207 691 1520 746 ceciderunt
1547 704 1732 764 amore
1759 707 1773 744 :
1799 694 1856 744 et
1900 685 2084 741 nescio

480 781 753 846 quomodo
799 781 972 835 Sancti
1026 790 1286 836 vocentur
1336 781 1353 812 ⁸
1413 779 1612 850 lnjnste
1646 786 1915 851 agentes,
1956 787 2083 830 rere

482 858 736 925 amabilia
773 880 823 925 et
855 871 1035 926 divina
1066 887 1170 926 non
1201 871 1522 931 zelantibus.
1561 879 1618 926 et
1643 859 1759 925 non‘
1777 864 2086 923 amantibus

483 958 562 1016 ab
581 959 713 1030 ipsis
737 975 842 1015 non
873 969 1060 1016 sancte
1105 963 1426 1031 approbata.
1479 958 1535 1016 Si
1573 970 1755 1014 autem
1801 973 1930 1015 vere
1963 951 2083 1014 exi-

481 1051 682 1106 stentia
718 1061 924 1115 amant,
973 1051 1160 1106 lactari
1205 1060 1419 1121 oportet
1463 1065 1695 1121 quorum
1727 1049 2086 1125 appetitores,

483 1141 701 1210 quando
740 1142 973 1211 appetita
1025 1144 1417 1213 assequuntur:
1468 1141 1562 1218 Vel
1607 1157 1715 1196 non
1758 1148 1889 1197 tunc
1915 1140 2089 1208 magis

482 1235 914 1307 appropinquant
951 1234 976 1268 '
1024 1236 1282 1307 angelicis
1320 1234 1630 1298 virtutibus,
1660 1218 1791 1308 cum
1858 1219 1923 1286 tit
1963 1245 2088 1301 pose

483 1328 641 1388 sibila
669 1337 755 1386 est
780 1368 793 1391 ,
823 1327 1092 1384 desiderio
1121 1328 1428 1382 divinorum
1462 1315 1691 1383 redeuni
1724 1321 2086 1378 materialium

483 1420 836 1492 perpessione
879 1420 1184 1474 exercitati.
1237 1420 1316 1472 Διὶ
1361 1418 1468 1472 hoc
1515 1416 1666 1472 valde
1707 1413 1944 1469 .rii-iliter
1991 1427 2090 1482 pro

442 1543 445 1546 -
484 1515 625 1578 bono
654 1514 877 1595 instant.
916 1510 1099 1581 Itaque
1135 1522 1322 1563 verum
1365 1509 1567 1568 dicere.
1604 1510 1731 1577 quia
1777 1507 1880 1559 hoc
1919 1503 2092 1574 magis

484 1599 567 1660 est
596 1607 807 1661 divinae
831 1604 1078 1673 iustitiae
1098 1607 1395 1673 prOptittm,
1423 1601 1565 1655 nolle
1586 1599 1815 1669 perdere
1844 1607 2093 1666 potenter

484 1699 759 1769 agentium
800 1695 1171 1752 fortitudinem
1219 1693 1579 1748 materialium
1618 1690 1867 1744 vinculis.
1929 1688 2093 1743 Num-

487 1791 615 1858 quid
657 1804 804 1853 vero,
834 1787 879 1843 si
917 1789 1037 1866 quis
1063 1795 1292 1842 conatus
1339 1785 1504 1840 fuerit
1546 1785 1648 1839 hoc
1697 1782 1902 1848 facere,
1953 1781 2094 1834 inter

2183 590 2329 650 dem.
2361 588 2501 659 quae
2525 601 2631 644 non
2653 592 2902 647 concedit
2930 591 3222 648 commixta
3257 599 3369 649 tota
3400 592 3458 648 in
3483 594 3609 650 totis
3642 595 3785 652 facta

2174 658 2518 750 'perturbaii,
2573 682 2889 736 custodiens
2918 695 3070 746 vero,
3109 695 3250 753 quae
3279 692 3408 738 sunt
3446 684 3650 748 omnia,
3691 680 3814 754 p'er‘

2186 768 2396 837 species
2437 767 2702 840 singulas,
2736 770 2788 824 in
2822 770 3020 849 quibus
3050 774 3472 849 unumquodque
3496 788 3618 829 esse
3665 777 3787 829 sub-

2184 858 2392 912 stituit.
2551 882 2555 887 -
3230 887 3232 889 ›

2352 932 2364 942 ⁴
2717 927 3123 988 οΑΡιΤυιιυΜ
3157 930 3252 987 IX.

2187 1037 2274 1108 Ds,
2320 1055 2531 1114 magno,
2584 1056 2768 1112 parvo,
2810 1041 3242 1117 eodem,'_alter_o_,
3283 1041 3490 1111 simili,-
3518 1043 3786 1111 dissimili,

2618 1121 2782 1176 statu,
2819 1123 2986 1179 alata,
3016 1112 3357 1184 aequalitate.

2262 1219 2528 1291 Quoniam
2567 1231 2746 1276 autem
2785 1230 2843 1280 et
2885 1237 3143 1294 magnum
3191 1230 3248 1279 et
3290 1237 3526 1296 parvum
3557 1225 3789 1295 :ponitur

2194 1313 2247 1368 iu
2277 1312 2520 1369 omnium
2542 1312 2847 1378 causali,et
2867 1313 3128 1386 idipsum,
3152 1323 3214 1372 et
3238 1313 3496 1384 alterum,
3512 1326 3569 1373 et
3589 1317 3787 1381 simile,

2197 1414 2254 1459 et
2282 1403 2568 1470 dissimile,
2590 1412 2658 1461 et
2679 1413 2878 1472 status,
2913 1414 2971 1461 et
3000 1413 3187 1463 motus
3215 1422 3231 1460 :
3260 1405 3354 1472 da,
3396 1418 3453 1462 et
3503 1407 3591 1464 bis
3623 1409 3791 1463 divini

2195 1495 2545 1554 uominativis
2562 1495 2582 1529 ⁸
2606 1494 2894 1567 agalmatis
2929 1510 3304 1568 quaecumque
3325 1489 3482 1553 nobis
3508 1495 3810 1554 manifesta

2194 1595 2335 1647 sunt.
2353 1588 2867 1660 contemplabimur.
2883 1587 3110 1666 Magnus
3125 1585 3294 1660 igitur
3318 1585 3463 1644 Deus
3484 1587 3543 1642 in
3565 1586 3794 1658 eloquiis

2193 1678 2465 1745 laudatur,‘
2489 1687 2545 1734 et
2574 1679 2628 1734 in
2651 1679 3048 1750 magnitudine,
3077 1689 3132 1735 et
3157 1679 3212 1734 in
3242 1693 3374 1734 aura
3407 1677 3524 1734 leni.
3548 1678 3787 1734 divinam

2197 1769 2584 1826 manifestante
2613 1772 2939 1842 parvitatem
2974 1789 2988 1825 :
3024 1780 3077 1828 et
3121 1772 3266 1829 idem
3297 1771 3437 1842 ipse,
3466 1786 3591 1828 cum
3643 1771 3796 1826 aiunt

491 1897 593 1936 non
637 1858 974 1952 adiuvantes,
1004 1877 1098 1934 sed
1123 1877 1453 1932 collocantes
1476 1875 1570 1930 eos
1603 1875 1655 1928 in
1691 1874 1830 1927 bona
1871 1883 1926 1926 et
1957 1872 2085 1925 irre-
2115 1858 2164 1919 Β
2191 1859 2404 1930 eloquia
2425 1879 2437 1914 :
2457 1858 2538 1914 Ta
2566 1872 2743 1916 autem
2772 1862 2909 1917 idem
2935 1863 3046 1932 ipse
3069 1877 3124 1917 es
3163 1873 3210 1925 ι,
3254 1871 3310 1917 et
3364 1861 3526 1926 alter,
3579 1862 3795 1933 quando

487 1971 838 2042 preltettsibili
875 1970 1129 2034 statione,
1153 1981 1208 2022 et
1238 1968 1601 2024 retribuentes
1635 1967 1830 2020 talibus
1857 1965 2096 2019 existen~

491 2065 654 2123 tibus,
686 2075 822 2132 quae
856 2043 1150 2114 set-uadum
1184 2060 1504 2131 dignitatem
1535 2067 1683 2113 sunt.
1745 2057 1890 2111 llaec
1930 2056 2095 2127 igitur

488 2154 670 2206 «lu-ina
714 2151 925 2220 iustitia
957 2161 1011 2204 et
1042 2149 1187 2204 salus
1235 2142 1478 2204 Omnium
1505 2148 1791 2210 laudatur,
1822 2147 2097 2220 propriam

490 2235 917 2314 uniusrujusque
942 2253 998 2299 et
1032 2257 1223 2314 puram
1261 2241 1329 2296 ab
1354 2240 1476 2294 aliis
1514 2241 1810 2295 essentiam
1861 2250 1916 2293 et
1955 2239 2098 2292 ordi-

498 2353 624 2392 nem
652 2317 870 2392 solvens
892 2347 945 2390 rt
969 2336 1300 2394 custodiens,
1326 2343 1383 2389 et
1406 2331 1608 2388 foetida
1636 2345 1877 2403 purgans
1904 2330 1954 2382 in
1986 2345 2104 2381 om-

453 2445 456 2448 λ
494 2428 651 2482 uibus
688 2428 943 2497 propriae
978 2415 1228 2482 actionis.
1272 2423 1328 2480 Si
1362 2435 1543 2480 autem
1577 2423 1696 2493 quis
1728 2422 1955 2477 salutem
1986 2421 2100 2473 lau-

491 2521 732 2585 daverit,
761 2529 814 2574 et
854 2521 934 2574 sic
964 2534 1034 2574 ex
1066 2518 1223 2572 malis
1249 2518 1503 2572 omnibus
1534 2530 1725 2572 omnes
1756 2515 1898 2570 velut
1927 2522 2106 2584 partu-

494 2612 723 2664 rientem
765 2597 1111 2679 eripientem,
1149 2608 1373 2665 omnino
1404 2607 1477 2662 ibi
1502 2617 1556 2662 et
1590 2608 1750 2676 hunc
1777 2605 2103 2661 laudabilem

491 2704 829 2758 laudatorem
861 2687 1199 2774 largissimae
1231 2702 1424 2756 salutis
1453 2700 1796 2770 recipiemus.
1849 2700 1915 2756 Et
1965 2702 2105 2755 hanc

451 2787 457 2793 ⁷
493 2804 673 2851 autem
696 2795 858 2850 etiam
891 2795 1125 2864 primam
1158 2793 1388 2858 salutem
1417 2793 1659 2848 omnium
1701 2791 1923 2862 dignum
1963 2793 2104 2861 judi-

496 2889 741 2942 cabimus
785 2901 909 2943 eum
949 2887 1205 2942 deﬁnisse
1254 2889 1432 2942 omnia
1469 2887 1522 2942 in
1552 2887 1747 2957 seipsis
1776 2886 2105 2958 intransmu-

495 2981 699 3044 tabilia,
731 2990 785 3036 et
818 2979 1058 3054 stabilia,
1089 2977 1144 3034 et
1174 2977 1492 3035 inﬂexibilia
1519 2979 1585 3033 ad
1617 2974 1858 3044 subjecta
1881 2976 2101 3031 salvan-

494 3089 624 3138 tem,
668 3077 723 3146 et
768 3075 950 3129 omnia
997 3073 1394 3130 custodientem
1442 3086 1548 3128 non
1594 3071 1887 3144 pugnantia
1914 3081 2104 3126 etnon

494 3169 773 3231 bellantia,
799 3167 1024 3235 suisque
1062 3162 1278 3235 singula
1304 3175 1554 3234 quaeque
1586 3163 1900 3218 rationibus
1923 3161 2105 3230 dispo-

493 3265 619 3326 sita,
649 3267 704 3314 et
728 3272 948 3314 omnem
990 3256 1334 3325 iniquitatem
1370 3265 1426 3310 et
1467 3263 1790 3310 extraneam
1831 3253 2102 3309 actionem

491 3369 556 3406 ex
623 3348 879 3405 omnibus
941 3348 1400 3414 exterminantem
1442 3386 1456 3409 ,

491 3438 920 3510 uniuscujusque
968 3439 1396 3518 constituenlem
1448 3434 1901 3490 irrationalitates
1947 3435 2136 3488 extra‘

492 3535 759 3589 radentes
774 3531 1232 3594 in-contraria,et
1256 3544 1362 3584 non
1387 3528 1876 3598 transgredientes.
1901 3523 2108 3580 Deinde

491 3639 548 3682 ct
584 3628 726 3682 hanc
754 3624 983 3682 salu-tem
1036 3637 1142 3676 non
1193 3628 1442 3689 respectu
1485 3618 1609 3688 quis
1638 3616 1873 3672 laudarit
1917 3631 2108 3671 sacrae

495 3719 826 3790 tlieologiae.
856 3716 1214 3771 velut-omnia
1246 3712 1540 3768 existentia
1583 3711 1814 3767 salutari
1860 3708 2105 3763 omnium

493 3815 738 3867 bonitate
778 3811 1119 3882 propriorum
1164 3797 1496 3877 optimorum
1545 3820 1676 3861 casu
1725 3805 2104 3866 redimentem,

497 3912 761 3971 quantum
787 3898 1211 3968 uniuscujusque
1242 3895 1626 3952 salvandorum
1666 3893 1863 3968 reeipit
1889 3901 2103 3946 natura.

499 3995 732 4054 Proinde
765 4001 820 4049 et
859 3989 1492 4060 redemptidnemipsam
1532 3986 1819 4039 nominant
1849 3984 2107 4052 theologi,

496 4097 761 4160 quantum
805 4101 911 4140 non
958 4085 1088 4138 sinit
1137 4080 1594 4157 vere-existantia-
1621 4078 1687 4129 ad
1717 4091 1829 4128 non
1867 4089 1989 4128 esse
2019 4089 2112 4129 ca-

499 4182 651 4242 dere,
681 4188 737 4232 et
766 4187 1026 4246 quantum
1064 4184 1118 4226 et
1148 4172 1192 4225 si
1221 4171 1348 4241 quid
1384 4167 1448 4219 ad
1481 4167 1737 4220 delictum
1778 4174 1873 4218 aut
1899 4166 2112 4219 inordi-

503 4275 689 4324 natum
716 4271 1003 4338 deceptum
1033 4271 1122 4326 sit,
1159 4271 1215 4316 et
1239 4257 1657 4314 diminutionem
1686 4257 1976 4324 .quandam
2018 4271 2113 4325 pa-

504 4365 695 4416 tiatur.
723 4358 1067 4430 propriorum
1125 4355 1392 4407 bonorum
1449 4344 1845 4415 perfectionis,
1900 4355 1955 4400 ct
2013 4347 2115 4400 lt'oc

506 4446 758 4526 passione
801 4462 858 4504 et
909 4435 1102 4502 inertia
1138 4456 1191 4497 et
1235 4439 1538 4512 privatione
1581 4438 1796 4491 redimit
1824 4479 1837 4497 ,
1887 4437 2114 4506 impleas

2197 1961 2258 2005 ut
2291 1951 2520 2007 multum
2544 1951 2810 2024 ﬁguratus
2841 1962 2897 2008 et
2917 1952 3266 2010 multiformis
3309 1953 3378 2009 ab
3405 1953 3540 2024 ipsis
3565 1951 3796 2022 eloquiis

2197 2045 2518 2114 plasmatur,
2545 2055 2617 2100 et
2647 2044 2866 2110 similis,
2917 2054 2980 2099 ut
3012 2043 3271 2099 similium
3320 2053 3377 2099 et
3424 2041 3797 2117 similitudinis

2200 2127 2545 2203 substitutor,
2578 2145 2636 2191 et
2662 2137 2942 2192 dissimilis
2967 2134 3241 2200 omnibus,
3273 2143 3335 2189 ut
3361 2148 3469 2190 non
3491 2141 3621 2188 ente
3637 2133 3689 2189 ei
3720 2133 3795 2187 si-

2197 2228 2314 2282 mili
2335 2225 2387 2291 ·⁸,
2407 2237 2463 2282 et
2487 2238 2658 2292 stans,
2681 2241 2737 2283 et
2761 2243 3006 2294 movens,
3028 2235 3083 2284 et
3104 2239 3164 2283 ut
3187 2220 3464 2284 sedeusiu
3489 2233 3794 2292 aeternum,

2203 2331 2256 2374 et
2287 2330 2484 2386 motus,
2515 2328 2574 2375 ut
2603 2322 2658 2375 in
2699 2322 2880 2375 omnia
2905 2321 3113 2377 vadens
3145 2338 3160 2375 :
3191 2329 3246 2376 et
3268 2333 3630 2391 quaecunque
3659 2319 3799 2374 aliae

2205 2411 2413 2465 eisdein
2442 2410 2856 2479 aequipotentes
2892 2409 3108 2465 divinae
3151 2397 3549 2464 nominationes
3590 2407 3660 2464 ab
3685 2409 3799 2472 elo-

2205 2503 2347 2572 quiis
2369 2486 2680 2556 laudantur.
2713 2500 2941 2572 Magnus
2975 2501 3142 2572 igitur
3181 2499 3326 2555 Deus
3355 2498 3690 2563 nominatur,
3717 2510 3804 2552 se—

2205 2585 2442 2649 cutidum
2471 2593 2615 2664 quod
2647 2592 2752 2648 scit
2801 2606 2959 2648 suum
2993 2606 3250 2664 magnum
3300 2590 3554 2647 omnibus
3593 2589 3803 2660 magnis
3862 2639 3873 2658 ,

2206 2687 2321 2742 suis
2371 2688 2614 2751 tradens,
2641 2692 2697 2741 et
2725 2699 2952 2742 omnem
2990 2682 3420 2756 magnitudinem
3461 2681 3802 2738 extrinsecus

2205 2777 2664 2848 superexcellens,
2698 2785 2755 2833 et
2782 2785 3232 2847 superessentum
3271 2771 3800 2830 universalissimum

2180 2902 2184 2906 ~
2204 2871 2384 2928 locum
2405 2872 2712 2935 continens,
2741 2884 2958 2925 omnem
2974 2882 3240 2938 superans
3257 2881 3567 2928 numerum,
3583 2877 3799 2920 omnem

2209 2964 2615 3021 multitudinem
2650 2963 3081 3034 transgrediens,
3111 2969 3170 3016 et
3195 2961 3491 3015 secundum
3521 2955 3802 3028 superple—

2203 3055 2507 3111 nitudinem
2530 3070 2684 3111 suam
2704 3065 2760 3110 et
2791 3067 3043 3125 magnam
3065 3051 3462 3123 operationem,
3491 3057 3548 3104 et
3571 3062 3799 3103 manan-

2182 3190 2196 3211 η,
2211 3152 2296 3201 tes
2339 3161 2468 3208 suas
2496 3146 2866 3210 "donationes,
2911 3153 2966 3201 et
2993 3150 3256 3214 quantum
3286 3141 3435 3210 ipsae
3460 3139 3529 3194 ab
3553 3136 3806 3193 omnibus

2205 3237 2567 3308 participatae
2596 3237 2897 3290 secundum
2917 3222 3147 3296 inultam
3171 3241 3228 3288 et
3249 3230 3457 3302 largam
3487 3228 3804 3286 effusionem

1523 3353 1580 3399 ει
1631 3343 2106 3400 ροττειίοηαῃωιθ
2143 3350 2175 3380 ο
2204 3328 2568 3384 indiminutae
2593 3329 2992 3390 omnino,sunt,
3021 3334 3078 3379 et
3124 3322 3355 3378 eandem
3400 3319 3604 3376 habent
3642 3331 3804 3389 super

2207 3418 2619 3490 plenitudinem,
2653 3426 2708 3472 et
2753 3409 2862 3472 non
2903 3417 3223 3470 minuuntur
3265 3400 3799 3484 participationibus,

2205 3511 2304 3567 sed
2341 3519 2398 3566 et
2422 3511 2594 3580 magis
2617 3515 3028 3577 supermanant.
3059 3490 3372 3576 Magnitudo
3394 3502 3529 3556 haec
3554 3510 3610 3555 et
3637 3499 3804 3554 multa

2199 3611 2311 3667 est,
2342 3612 2398 3657 et
2442 3599 2833 3665 informabilis,
2864 3607 2920 3653 et
2949 3594 3362 3651 innumerabilis
3393 3611 3408 3648 :
3435 3605 3492 3649 et
3536 3591 3674 3646 haec
3721 3586 3805 3645 esi

2207 3675 2718 3763 superexcellentia,
2755 3688 3052 3745 secundum
3076 3686 3383 3740 absolutam
3414 3691 3470 3740 et
3493 3671 3805 3754 superordi-

2182 3796 2393 3839 .natam
2434 3781 2833 3852 inacceptibilis
2873 3777 3265 3853 magnitudinis
3293 3774 3632 3855 effusionem.
3672 3772 3802 3827 Par-
3881 3787 3896 3798 ·

2211 3892 2339 3932 vum
2383 3886 2564 3931 autem
2589 3876 2722 3930 sive
2754 3875 3022 3928 minutum
3063 3873 3116 3926 in
3159 3875 3280 3943 ipso
3318 3868 3518 3924 dicitur
3547 3867 3692 3922 omni
3750 3865 3807 3918 ti-

2211 3972 2329 4025 nito
2348 3970 2528 4042 spatio
2547 3968 2883 4033 emunitus',
2902 3976 2955 4021 et
2979 3981 3076 4036 per
3098 3965 3280 4018 omnia
3305 3969 3700 4030 consequenter
3729 3959 3801 4013 lo-

2213 4075 2388 4120 catus.
2416 4064 2483 4119 Et
2512 4064 2730 4133 quidem
2761 4061 3002 4116 omnium
3032 4059 3252 4114 causale
3277 4066 3365 4113 est
3385 4071 3634 4127 parvum.
3665 4053 3803 4110 Nus-

2211 4162 2374 4229 quam
2414 4157 2561 4214 enim
2593 4153 2837 4210 invenies
2875 4152 3026 4222 parvi
3054 4150 3284 4206 formam
3318 4144 3806 4217 non'participans.

2215 4249 2309 4304 Sir.
2338 4236 2511 4320 igitur
2543 4247 2595 4300 in
2628 4244 2740 4299 Deo
2769 4258 2994 4314 parvum
3018 4239 3395 4310 accipiendum
3437 4247 3542 4303 est,
3581 4237 3730 4293 velut
3753 4237 3804 4290 in

2215 4339 2397 4394 omnia
2424 4349 2480 4392 et
2505 4352 2604 4408 per
2632 4335 2816 4390 omnia
2842 4331 3074 4387 ﬁrmiter
3097 4330 3356 4394 locatum,
3388 4338 3443 4383 et
3471 4341 3726 4398 Operans,
3759 4334 3815 4381 et

2216 4432 2590 4500 pervestigans
2619 4440 2792 4496 usque
2831 4425 2899 4480 ad
2940 4422 3264 4478 divisionem
3285 4421 3504 4475 animae
3538 4428 3595 4474 et
3624 4433 3816 4488 corpo-

511 4511 858 4615 {nmgwmm
893 4583 906 4601 ν
957 4549 1011 4592 ει
1068 4511 1292 4605 palum
1346 4529 1720 4584 inﬁrmitatem
1772 4528 2111 4595 despiciens,
2145 4522 2317 4624 Cris,
2342 4517 2904 4587 cempaginumqoeet
2926 4512 3286 4568 medullarum
3303 4520 3358 4564 et
3381 4511 3665 4582 potionum
3692 4521 3815 4563 eor-

1872 4618 1881 4624 .
1954 4618 1964 4624 .
2228 4607 2300 4624 γισ-
2362 4607 2528 4624 Α---ε-
2564 4615 2733 4624 .....,.Δ
2772 4603 3114 4624 ---ε-.-...ξ--..
3145 4601 3382 4624 Α-,μζημ
3443 4599 3555 4624 ΑΙ-..
3585 4600 3715 4624 -..ζμ
3747 4607 3814 4624 ..ο

508 4650 559 4689 ρει
590 4637 885 4690 restituens
917 4647 943 4682 a
985 4630 1148 4684 malo,
1178 4624 1360 4694 magis
1379 4630 1560 4674 autem
1590 4627 1837 4670 statuens
1869 4618 1922 4669 in
1954 4618 2112 4677 bono,

511 4729 930 4799 supertimidum
981 4722 1183 4772 bonum
1221 4714 1458 4782 replens,
1508 4719 1564 4765 et
1609 4708 1891 4772 ordinans,
1940 4717 1993 4761 et
2031 4722 2118 4760 or-

515 4798 648 4872 nans
680 4815 1050 4870 inordinatum
1080 4806 1200 4874 ejus
1222 4814 1275 4858 et
1301 4805 1634 4863 inornatum,
1656 4814 1720 4853 et
1754 4798 2119 4868 integritatem

515 4911 824 4980 perﬁciens,
855 4901 1199 4958 etomnium‘
1224 4896 1440 4951 solvens
1484 4890 1743 4945 maculas.

582 5001 694 5056 Sed
727 5000 796 5054 de
837 4998 917 5050 bis
943 4995 1168 5063 quidem
1207 4998 1262 5042 et
1297 4987 1384 5041 de.
1395 4984 1608 5052 juStitia
1633 4982 1843 5056 dictum
1889 4992 1992 5046 est,
2033 4997 2120 5036 se-

517 5091 750 5148 cundum
804 5099 968 5158 quam
1020 5073 1268 5136 'oinnium
1348 5076 1595 5145 aequitas
1667 5081 2017 5128 mensuratur
2073 5081 2126 5128 et

517 5185 865 5242 terminatur,
907 5189 960 5231 et
1000 5174 1179 5229 omnis
1220 5168 1496 5238 iniquitas,
1522 5179 1675 5236 quae
1698 5175 1784 5219 est
1810 5179 1911 5233 per
1943 5165 2123 5234 priva~

521 5282 754 5341 tionem,
813 5277 865 5328 in
917 5270 1047 5341 ipsis
1098 5265 1324 5336 singulis
1368 5261 1660 5329 aequitatis
1705 5257 2119 5312 exterminatur.

524 5371 862 5440 Aequitatem
902 5364 1045 5415 enim
1088 5358 1131 5411 si
1172 5357 1293 5424 quis
1323 5352 1565 5406 auferret
1608 5350 1670 5403 iu‘
1703 5357 1836 5411 toto,
1886 5356 2123 5403 totorum
2157 5413 2160 5416 λ

2224 4607 2325 4669 dis,
2360 4607 2532 4674 magis
2559 4615 2740 4659 autem
2765 4603 3118 4659 existentium
3140 4601 3406 4656 omnium.
3432 4599 3555 4653 Non
3577 4600 3716 4653 enim
3740 4607 3814 4652 est

2222 4705 2468 4750 creatura
2505 4710 2609 4747 non
2635 4709 2894 4762 apparens
2935 4694 2990 4746 in
3022 4700 3300 4758 conspectu
3333 4690 3450 4758 ejus
3493 4689 3540 4739 δ.
3583 4688 3815 4742 Parvum

2228 4796 2433 4841 tantum
2463 4795 2568 4849 est,
2585 4794 2640 4837 et
2661 4794 2925 4854 quantum
2961 4777 3530 4850 incoT-iprebeusibile,
3565 4779 3812 4841 multum,

2225 4879 2520 4942 inﬁnitum,
2559 4876 3025 4945 comprehenderis
3051 4873 3274 4926 omnia:
3307 4874 3487 4940 ipsum
3521 4879 3702 4925 autem
3739 4873 3816 4923 in-

2227 4969 2739 5041 coniprebeusibile.
2797 4966 3034 5034 idipsum
3091 4978 3222 5017 vero
3286 4961 3816 5032 superessentialiter

2231 5039 2533 5125 aeternum,
2561 5058 2999 5116 inconversibile.
3031 5056 3080 5111 in
3131 5056 3311 5124 seipse
3353 5068 3580 5109 manens
3606 5067 3817 5121 semper
3883 5039 3890 5042 ’

2214 5154 2526 5214 secundum
2553 5148 2744 5204 eadem
2769 5156 2825 5202 et
2853 5145 3106 5200 similiter
3136 5145 3366 5208 habens,
3384 5143 3814 5198 omnibuseimi-

2232 5251 2359 5305 liter
2409 5261 2688 5319 praesens,
2724 5253 2781 5298 et
2830 5242 3064 5311 idipsum
3103 5256 3200 5310 per
3253 5240 3491 5308 seipsum
3537 5250 3569 5294 a
3619 5239 3815 5306 seipse,

2233 5342 2462 5395 ﬁrmiter
2483 5349 2539 5392 et
2577 5334 3000 5389 incontaminati:
3050 5332 3099 5383 in
3133 5329 3543 5388 formosissitnis
3569 5331 3816 5391 summis,

1949 5460 2208 5515 VARlAE
2247 5450 2648 5513 LLCTlONES.

600 5574 617 5601 ³
657 5568 748 5622 ΑΕ
779 5574 1102 5618 vocarentur.
1180 5563 1198 5589 ’
1237 5555 1327 5610 Vel
1360 5571 1462 5608 non
1485 5581 1540 5591 -
1583 5526 2000 5619 approyiinquam
2037 5565 2146 5603 om.
2176 5548 2331 5603 codd.
2405 5546 2430 5575 ³
2457 5545 2545 5596 ΑΕ
2580 5543 2767 5596 divinis
2801 5537 3148 5592 nominaliris.
3231 5537 3237 5556 '
3278 5533 3371 5587 All
3402 5532 3608 5587 similis.
3686 5529 3706 5560 '
3738 5526 3821 5580 ΠΗ

1786 5521 1799 5547 1

521 5643 810 5696 animum.
836 5663 869 5692 ο

2069 5710 2319 5768 NOTAE.

604 5825 733 5878 υιιι.
765 5824 895 5889 Reg.
943 5829 1073 5869 λυ..
1111 5811 1248 5865 Psul.
1276 5808 1356 5864 Cl.

2327 5798 2545 5869 bllrllr.
2585 5795 2666 5848 IV.
