4198 6266
1026 296 1276 360 vensxo
1314 299 1603 359 ossuum
1641 273 1719 357 s.’
1743 299 1973 360 DiOM'i

2107 330 2179 343 ·-·
2218 298 2307 364 ΒΕ
2348 300 2595 362 ΒΝΙΝΙΞ
2632 302 3023 365 NOMINIBUS.

3533 308 3689 370 ηεστ

386 417 681 484 solantur,
708 423 765 474 et
804 415 872 471 ad
901 428 1063 472 unam
1087 415 1332 477 omnium
1357 428 1549 489 pacem
1579 415 1889 489 pristina,
1921 424 1976 469 et
2006 416 2049 476 A
2080 430 2189 470 uno
2222 416 2407 474 omnia
2453 421 2815 486 ostendente,
2851 429 2907 478 et
2935 436 3033 494 per
3077 406 3260 479 omnia
3307 423 3533 481 veniens
3553 466 3571 491 ,
3616 435 3677 483 et

385 522 529 579 quae
554 506 660 564 sibi
688 505 931 577 subjecta
981 505 1197 580 uolunt,
1236 506 1461 585 ipsaque
1489 506 1560 563 ad
1582 507 1760 579 scipsa
1780 547 1799 573 ,
1827 516 1887 565 et
1908 511 1976 579 ait

383 616 445 658 se
471 599 729 666 invicem,
753 610 811 655 et
838 598 907 653 ad
940 613 1106 655 unum
1132 607 1190 655 et
1217 596 1514 671 perlectum
1545 598 1788 655 omnium
1824 600 1985 672 pacis-

384 687 709 760 principium
749 698 807 746 et
839 703 1061 745 causam
1102 703 1119 744 :
1161 702 1305 762 quae
1352 687 1755 761 impartibiliter
1782 704 1976 761 super-

385 782 605 839 iirmata
650 779 801 845 totis,
846 778 997 835 velut
1040 778 1365 849 quibusdam
1400 777 1655 834 claustris
1681 772 1975 833 divitiarum

383 868 817 930 convenientium
861 869 1045 927 omnia
1073 870 1358 935 terminat,
1404 878 1462 926 et
1504 878 1877 936 consummat,
1925 879 1981 925 et

354 1028 355 1033 η
385 963 649 1033 tutilicat,
671 972 852 1021 etnon
878 962 1010 1018 sinit
1039 971 1292 1034 separata
1315 960 1462 1017 fundi
1478 960 1547 1017 ad
1568 961 1794 1017 multum
1815 969 1873 1016 et
1891 961 1978 1017 in-

383 1052 616 1119 linitum,
635 1052 963 1117 inordinata,
985 1062 1043 1108 et
1062 1046 1410 1116 incoliocatn,
1432 1043 1650 1107 deserta
1675 1050 1786 1109 Deo
1811 1049 1978 1118 facta,

381 1158 438 1205 et
464 1162 561 1205 sua
592 1147 801 1204 unitate
833 1146 1091 1204 exeuntia
1112 1187 1127 1211 ,
1153 1153 1211 1201 et
1250 1145 1394 1204 inter
1419 1159 1490 1200 se
1518 1143 1750 1201 invicem
1789 1147 1979 1199 turbo-

382 1239 706 1297 lentissime'
728 1238 974 1297 confusa.
1013 1236 1092 1294 De
1145 1238 1250 1295 bac
1291 1235 1460 1312 igitur
1497 1236 1624 1308 quia
1670 1244 1755 1291 est
1793 1235 1977 1290 divina

382 1346 516 1401 pace
543 1339 600 1387 et
628 1330 883 1395 silentio,
914 1322 1059 1400 quod
1095 1342 1251 1384 sacer
1275 1322 1465 1384 Iustus
1500 1328 1765 1402 agat-mn
1794 1335 1977 1392 Vocat,

380 1421 511 1479 etin
535 1434 750 1477 omnem
772 1419 1043 1490 cognitam
1070 1417 1492 1488 processionem,
1520 1416 1974 1482 immobilitatem,

383 1521 444 1570 ut
473 1521 530 1568 et
560 1510 722 1576 silet,
760 1520 815 1567 et
844 1510 1122 1567 silentium
1151 1507 1345 1574 ducit,
1384 1518 1444 1565 et
1471 1515 1532 1562 ut
1570 1506 1624 1563 in
1667 1506 1880 1577 seipsa.
1923 1515 1980 1563 ot

373 1602 528 1660 intra
553 1600 789 1673 seipsam
816 1607 936 1664 est,
958 1607 1019 1656 et
1060 1599 1130 1654 ad
1164 1599 1399 1670 seipsom
1436 1606 1604 1655 totam
1632 1608 1746 1655 tota
1784 1614 1979 1669 supcr-

2079 511 2294 581 propria
2341 514 2580 571 naturali
2630 526 2686 570 et
2736 515 3064 577 immutabili
3117 502 3377 575 societate
3426 521 3669 578 veniens.

2079 599 2338 661 Provenit
2372 602 2518 659 enim
2561 604 2616 660 in
2649 606 2830 663 omnia
2850 648 2865 671 ,
2895 614 2952 662 et
2982 608 3148 662 tradit
3176 610 3431 667 ottmibns
3453 612 3675 683 proprie

2080 684 2212 755 ipsis
2253 701 2320 742 es
2371 686 2547 765 seipse
2596 683 2993 758 supermanaus
3045 690 3357 765 magnitudo
3411 695 3673 767 paciﬁcate

2079 779 2482 847 generationis,
2514 790 2571 836 et
2620 788 2802 837 manet
2876 795 2975 853 per
3021 783 3395 841 excellentiam
3447 786 3678 841 unitatis

2080 876 2191 921 tota
2229 866 2506 932 adtotam,
2551 882 2609 925 et
2647 885 2753 941 per
2798 882 2965 927 totum
2997 874 3229 943 seipsam
3275 876 3668 946 superunitam.

2078 958 2359 1029 Quomodo
2386 968 2592 1026 autem,
2622 962 2820 1021 dixerit
2864 963 3007 1033 quis,
3056 974 3317 1037 appetunt
3360 966 3543 1029 omnia
3575 982 3675 1038 pa-

2076 1051 2235 1106 cem?
2278 1049 2443 1107 iinlta
2485 1053 2633 1108 enim
2673 1052 2948 1110 altcritate
2972 1065 3025 1110 et
3054 1056 3384 1113 discretione
3409 1060 3673 1131 gaudent.

2038 1152 2049 1171 ί
2078 1152 2135 1198 et
2163 1143 2435 1215 nunquam
2459 1139 2750 1219 aliquando
2776 1148 3064 1205 habentem
3097 1147 3261 1211 silere
3288 1150 3576 1207 voluerint.
3604 1150 3674 1208 Et

2076 1236 2125 1291 si
2172 1234 2403 1307 quidem
2434 1236 2762 1294 aiteritatetn
2814 1248 2870 1295 et
2912 1239 3297 1303 discretionem
3323 1282 3342 1306 ,
3390 1241 3484 1314 qui
3535 1246 3675 1301 haec

2077 1328 2235 1396 dicit,
2262 1328 2339 1386 ait
2381 1329 2805 1403 uniuscujusque
2850 1334 3200 1392 existentium
3254 1336 3672 1413 proprietatem,

2075 1428 2131 1475 et
2149 1419 2283 1491 quia
2312 1420 2454 1480 hanc
2489 1422 2840 1481 existentium
2884 1426 3085 1506 nullum
3130 1422 3186 1484 ὅ»
3210 1466 3227 1490 .
3270 1426 3414 1497 quod
3452 1427 3672 1508 quidem
3713 1433 3716 1436 ’
3807 1476 3815 1483 .

2074 1519 2179 1575 est,
2213 1508 2340 1565 velit
2368 1511 2656 1583 aliquando
2680 1514 2932 1585 perdere,
2964 1531 3068 1571 non
3096 1515 3344 1575 fortassis
3370 1533 3547 1591 neque
3574 1535 3674 1574 nos
3748 1514 3751 1515 ⁷

2076 1600 2144 1659 ad
2174 1599 2278 1659 hoc
2319 1602 2798 1671 contrudieemus,
2846 1606 2943 1661 sed
2990 1607 3135 1668 hunc
3180 1610 3334 1680 pacis
3371 1612 3672 1689 appetitum

384 1689 595 1757 unitur,
621 1697 678 1746 et
705 1702 882 1760 neque
908 1689 961 1744 in
990 1689 1227 1761 seipsam
1257 1688 1502 1753 intrans,
1529 1696 1584 1744 et
1605 1686 1976 1760 multiplicans
2008 1759 2048 1774 __
2079 1693 2565 1752 maniiestabimus.
2604 1695 2799 1754 Omnia
2827 1698 2974 1755 enim
3006 1698 3193 1771 diligit
3220 1701 3287 1757 ad
3316 1686 3493 1774 seipsa
3521 1704 3640 1772 paci
3659 1736 3673 1743 —

381 1784 650 1856 seipsam,
677 1759 882 1839 deserit
917 1759 1387 1845 suam—unitatem,
1419 1781 1514 1838 sed
1554 1792 1609 1840 et
1640 1784 1886 1855 provenit
1917 1784 1971 1839 in
2008 1759 2051 1820 Β
2079 1782 2246 1840 licam
2273 1792 2328 1842 et
2357 1784 2523 1853 uniri,
2551 1796 2607 1843 et
2632 1801 2666 1843 a
2697 1788 2815 1843 suis
2839 1796 2894 1843 et
2934 1803 2965 1842 a
3001 1759 3205 1861 seipiis
3230 1759 3587 1851 immuiabilia
3616 1802 3676 1855 et

390 1878 597 1944 omnia,
632 1876 779 1933 intus
828 1874 902 1931 ibi
951 1888 1179 1931 innitens
1220 1888 1320 1945 per
1368 1870 1749 1939 excellentiam
1788 1874 1977 1930 omnia
2071 1873 2373 1931 iucasualia
2404 1889 2526 1934 esse
2555 1895 2571 1932 ε
2602 1887 2658 1933 et
2687 1889 2773 1934 est
2801 1893 2901 1950 per
2924 1881 3347 1956 unumquodque
3375 1885 3672 1941 commixta

384 1968 696 2040 superantis
738 1966 984 2024 unitatis.
1030 1964 1219 2037 Neque
1266 1965 1489 2034 dicere,
1541 1980 1719 2037 neque
1783 1964 1980 2023 intelli-
2072 1965 2413 2036 proprietate
2459 1965 2852 2038 perfectissima
2900 1984 3007 2041 pax
3057 1970 3382 2029 custoditiva
3413 2014 3431 2037 ,
3482 1987 3673 2044 pacem

379 2075 512 2133 gens
540 2061 755 2119 cuidam
798 2059 1149 2117 existentium
1194 2070 1282 2116 est
1318 2059 1405 2116 fas
1424 2099 1441 2127 ,
1468 2074 1645 2132 neque
1677 2058 1937 2131 possibile
1956 2101 1972 2126 ,
2076 2055 2405 2114 dottamibus
2433 2058 2549 2113 suis
2575 2059 2951 2130 providemus.
2982 2062 3164 2117 omnia
3195 2062 3590 2133 imperturbata
3616 2077 3673 2120 et

384 2155 513 2221 sed,
550 2162 624 2210 ‘ut
674 2153 947 2210 intenitbile
987 2162 1049 2210 et
1093 2140 1327 2226 idipsom
1370 2163 1429 2210 et
1468 2152 1891 2226 incognoscibile
1918 2155 1976 2210 in

324 2216 557 2321 ‘ipsatu
614 2253 976 2318 reperientes,
1034 2216 1295 2318 tauquam
1348 2216 1625 2302 omnium-
1644 2246 1976 2303 existentem

382 2341 749 2402 summitatem
776 2381 791 2407 ,
843 2340 1151 2398 intellectas
1191 2341 1311 2412 elus
1356 2350 1414 2398 et
1448 2340 1631 2399 dictas
1675 2341 1973 2413 paiiicipa-

385 2434 581 2499 tiones,
609 2441 663 2491 et
701 2433 828 2499 hoc,
872 2442 938 2490 ut
981 2433 1241 2507 possibile
1266 2433 1410 2489 siris
1447 2443 1511 2490 et
1556 2434 1763 2492 nobisa
1784 2434 1977 2492 multis

382 2525 604 2599 optimis
659 2524 862 2584 relictis
903 2526 1473 2600 superspeculabimur
1522 2527 1566 2582 ⁸.
1620 2525 1687 2584 Et
1736 2526 1976 2598 primum

380 2615 607 2690 quidem
638 2616 744 2677 hoc
775 2618 1094 2680 dicendum,
1121 2617 1252 2690 quia
1294 2633 1393 2689 per
1439 2619 1675 2691 seipsatn
1704 2618 1856 2691 pacis
1875 2660 1891 2684 ,
1917 2629 1975 2676 et

382 2708 572 2774 totius,
606 2718 661 2766 et
690 2722 790 2782 per
831 2710 1275 2782 unumquodque,
1305 2717 1393 2765 est
1416 2707 1741 2775 substantia,
1762 2717 1820 2766 et
1838 2709 1972 2782 quia
2016 2733 2023 2737 -

378 2800 568 2858 omnia
594 2800 665 2859 ad
707 2817 772 2861 se
798 2792 1030 2858 invicem
1059 2809 1435 2874 contemperat
1485 2816 1586 2876 per
1626 2800 1970 2860 inconfusam

383 2904 573 2949 eorum
600 2891 886 2957 unitatem,
923 2906 1022 2964 per
1044 2907 1206 2963 quam
1242 2891 1680 2966 inseparabiliter
1696 2894 1852 2949 unita
1877 2934 1893 2959 ,
1909 2902 1974 2950 et

381 2982 711 3041 indistanter
737 3000 911 3058 aeque
938 2984 1197 3057 perfecta,
1229 2983 1527 3042 secundum
1553 2984 1832 3058 propriam
1860 2984 1972 3042 sin-

382 3072 506 3146 gula
582 3073 820 3146 speciem
888 3075 1119 3141 statuit,
1171 3090 1285 3131 non
1363 3073 1817 3146 tropei-obscurata
1872 3091 1973 3148 per

385 3164 678 3221 mixturam
721 3165 794 3221 ad
855 3166 1104 3238 opposita
1152 3153 1451 3239 quidquam
1504 3164 1807 3223 obcaecant
1850 3166 1977 3223 uni-

380 3255 536 3314 tricis
579 3255 892 3328 diligentiae
933 3265 987 3314 ct
1027 3257 1306 3329 puritatis.
1350 3256 1531 3315 Unam
1572 3257 1747 3330 igitur
1794 3273 1970 3327 quati—

380 3345 504 3402 dam
533 3354 592 3404 et
626 3340 878 3418 simplum
914 3345 1175 3419 paciﬁcate
1218 3346 1445 3405 unitatis
1484 3345 1972 3427 contemplabinmr

377 3448 656 3504 naturam,
704 3438 1044 3512 copuiantem
1095 3452 1292 3495 omnes
1329 3438 1459 3505 sibi,
1482 3448 1540 3496 et
1578 3437 1964 3509 sibimetipsis,

380 3546 437 3593 et
463 3536 721 3602 Invicem,
749 3544 805 3592 et
826 3535 1123 3593 salvantem
1143 3535 1324 3592 omnia
1348 3535 1400 3592 in
1426 3522 1705 3592 inconfusa
1727 3534 1968 3591 omnium

382 3625 747 3695 continentia,
797 3638 854 3685 et
892 3627 1220 3700 conspicua.
1271 3637 1329 3683 et
1386 3638 1811 3698 contemperata.
1865 3625 1971 3685 Par

380 3733 546 3790 quam
608 3715 777 3774 divini
837 3718 1005 3776 animi
1088 3718 1349 3777 intellecti
1427 3716 1792 3776 itttellectibus
1852 3717 1970 3774 suis

383 3807 646 3866 oniuntur
667 3847 686 3875 ,
709 3817 767 3865 et
795 3806 1219 3879 iutulligentibus
1241 3848 1259 3875 ,
1302 3818 1361 3866 et
1388 3806 1585 3891 iterum
1626 3807 1682 3865 in
1723 3808 1968 3881 incogni-

380 3909 498 3958 tum
557 3902 862 3961 ascendunt
906 3918 1073 3974 super
1112 3904 1361 3962 animum
1394 3903 1781 3961 collocuturum
1830 3919 1979 3977 con-7

387 4002 610 4050 tactum.
644 3992 751 4051 Per
777 4008 942 4068 quam
969 3997 1185 4053 animae
1217 3993 1553 4065 largissiinas
1579 4012 1709 4054 suas
1733 3998 1970 4055 rationes

380 4080 767 4161 intelligendos,
791 4095 850 4145 et
875 4087 944 4143 ad
973 4101 1135 4144 unam
1171 4086 1586 4146 intellectualem
1609 4099 1969 4164 congregatae

381 4179 708 4248 puritatem,
748 4178 1166 4251 progrediuntur
1192 4180 1411 4251 proprie
1435 4180 1657 4239 sibimet
1686 4180 1773 4237 via
1800 4190 1858 4239 et
1878 4196 1970 4239 or-

2076 2144 2357 2203 inronfusa
2409 2148 2479 2204 ad
2536 2157 2685 2205 tanta
2733 2159 2787 2207 et
2833 2150 2903 2205 ad
2952 2166 3011 2208 se
3058 2152 3290 2219 invicem
3341 2152 3580 2221 salvans,
3612 2165 3672 2212 et

2075 2237 2257 2294 omnia
2289 2237 2342 2294 in
2373 2236 2694 2297 fortitudine
2733 2250 2789 2298 et
2835 2240 3113 2300 inﬂexibili
3161 2244 3361 2302 virtute
3407 2246 3477 2306 ad
3509 2260 3668 2309 suam

2076 2344 2265 2400 pacem
2309 2339 2366 2387 et
2412 2331 2856 2405 tranquillitatem
2912 2344 3175 2393 statuens.
3248 2336 3455 2396 Deinde
3519 2347 3668 2399 mola

2071 2425 2258 2483 munia
2283 2440 2392 2481 non
2419 2424 2603 2494 silere,
2632 2427 2729 2483 sed
2755 2430 2962 2487 moveri
2992 2443 3213 2503 semper
3238 2445 3431 2499 eorum
3458 2441 3689 2494 motum.

2074 2515 2209 2573 vult.
2258 2517 2329 2574 Et
2373 2517 2477 2576 hoc
2519 2521 2794 2591 appetitus
2841 2532 2927 2577 est
2974 2520 3193 2578 divinae
3219 2522 3461 2589 omnium
3491 2524 3668 2597 pacis,

2074 2612 2257 2670 omnia
2304 2612 2365 2668 in
2407 2612 2603 2684 seipsis
2646 2612 2946 2670 incasualia
2997 2614 3293 2681 salrantls,
3341 2624 3399 2674 et
3424 2617 3669 2673 ornnium

2075 2717 2346 2764 motorum
2376 2706 2760 2780 proprietatem
2790 2716 2845 2763 et
2874 2707 3132 2765 motivam
3172 2707 3369 2771 vitum.
3409 2706 3666 2767 immuta-

2074 2799 2237 2857 bilem
2260 2808 2321 2857 α
2354 2782 2687 2864 incasua'lem
2711 2799 3090 2865 custodientis,
3121 2800 3177 2856 in
3207 2809 3353 2856 mota
3382 2798 3452 2856 ad
3482 2814 3544 2856 se
3570 2813 3671 2873 pe-

2075 2888 2371 2956 citlcantia,
2391 2898 2449 2948 et
2472 2892 2638 2950 sicsic
2687 2890 2963 2957 habentia,
2994 2890 3201 2964 agendo
3228 2906 3367 2963 quae
3395 2906 3494 2952 sua
3518 2904 3665 2951 sunt.

2076 2980 2139 3038 Si
2159 2991 2342 3041 autem
2376 2985 2672 3042 secundum
2700 2998 2885 3041 casum
2918 2985 3067 3056 pacis
3093 2986 3423 3043 altor-itotem
3454 2985 3667 3047 dicent.

2077 3074 2362 3155 condi-ruat
2382 3091 2490 3133 non
2521 3090 2643 3136 esse
2668 3078 2920 3133 omnibus
2943 3078 3233 3134 amabilem
3257 3091 3469 3148 pacem,
3494 3078 3669 3149 magis

2076 3166 2295 3238 quidem
2323 3167 2460 3226 nihil
2478 3167 2828 3225 existentiqu
2854 3181 2995 3234 esse,
3014 3166 3161 3241 quod
3186 3168 3256 3222 ab
3275 3167 3421 3224 omni
3451 3167 3667 3239 peultus

2074 3258 2285 3319 unitate
2332 3259 2549 3317 cecidit.
2622 3258 2775 3328 Quod
2828 3259 2977 3315 enim
3030 3258 3253 3315 omnino
3307 3258 3560 3318 instabile
3610 3269 3669 3315 et

2070 3350 2329 3417 multum,
2352 3360 2407 3407 et
2427 3350 2828 3416 incollucatum,
2858 3359 2915 3407 et
2944 3348 3238 3414 inﬁnitum,
3265 3364 3440 3425 neque
3466 3345 3528 3409 δν
3552 3360 3657 3414 est.

2072 3438 2248 3512 neque
2290 3441 2347 3496 in
2396 3441 2778 3498 existentibus.
2824 3438 2883 3496 Si
2934 3449 3117 3497 autem
3162 3438 3299 3497 tales
3342 3440 3421 3497 ait
3457 3440 3578 3513 paci
3603 3451 3663 3497 et

2069 3531 2225 3604 pacis
2244 3532 2399 3603 bonis
2420 3532 2647 3589 iniustos
2670 3546 2818 3601 esse,
2839 3531 3290 3589 contentionibus
3309 3541 3366 3590 et
3388 3529 3669 3591 furoribus

2067 3634 2126 3680 et
2172 3623 2595 3681 alternationibus
2639 3631 2697 3681 ct
2744 3621 3189 3682 instabilitatibos
3228 3623 3565 3697 gaudentes.
3607 3632 3667 3681 et

2071 3715 2176 3789 ipsi
2205 3715 2611 3773 obscurissimis
2651 3715 2863 3773 umbris
2896 3716 3052 3788 pacis
3074 3717 3544 3791 concupiscentiae
3566 3717 3663 3776 do-

2069 3809 2334 3875 tinentur,
2363 3807 2596 3887 adquas
2617 3809 2966 3883 passionibos
2997 3809 3201 3867 turbati
3226 3810 3454 3871 multum
3480 3810 3659 3868 mobi-

2067 3901 2251 3969 libus,
2294 3910 2350 3958 et
2394 3915 2490 3960 eas
2532 3901 2729 3960 sistere
2765 3900 3171 3974 indisciplinate
3200 3893 3561 3975 appetentes,
3605 3911 3663 3958 et

2068 3994 2424 4055 aestimantes
2471 3994 2807 4069 plenitudine
2840 4008 3058 4067 semper
3090 3992 3432 4053 retinentium
3467 3994 3663 4067 μετεϐ-

2067 4076 2199 4148 care
2252 4091 2463 4163 seipsos
2530 4087 2891 4146 instructions
2964 4089 3264 4145 tenentium
3317 4088 3677 4161 voluptatum.
3730 4158 3736 4163 _

2068 4184 2435 4255 perturbatos.
2482 4180 2627 4251 Quid
2656 4179 2703 4238 si
2726 4181 2856 4255 quis
2882 4182 3081 4239 dixerit
3111 4180 3179 4237 de
3216 4179 3330 4251 ipso
3358 4179 3657 4237 secundum

256 4353 264 4358 _
374 4268 622 4343 dineper
641 4270 1052 4327 immaterialem
1074 4280 1132 4327 et
1156 4271 1533 4343 impartitsilem
1558 4272 1966 4347 intelligentiam
2068 4273 2346 4334 Christum
2374 4271 2598 4349 paciﬂua
2629 4273 2996 4337 humanitate,
3026 4271 3326 4330 secundum
3351 4284 3517 4342 quam
3547 4285 3655 4328 non

380 4361 438 4418 in
477 4361 742 4419 unitatem
767 4376 931 4433 super
957 4361 1310 4420 intellectam.
1336 4362 1443 4421 Per
1463 4379 1626 4437 quam
1656 4381 1764 4421 una
1796 4375 1850 4423 et
1880 4361 2000 4423 in-'
2068 4365 2330 4422 discimus
2371 4362 2551 4422 adhuc
2594 4375 2854 4438 pugnare.
2888 4376 3065 4434 neque
3109 4360 3265 4417 nobis
3298 4360 3450 4435 ipsis,
3482 4374 3662 4429 neque

379 4451 624 4511 solubilis
644 4450 887 4511 omnium
905 4452 1249 4524 eomplieatio
1272 4455 1566 4513 secundum
1591 4456 1828 4514 divinam
1849 4457 1968 4530 ejus
1999 4472 2044 4533 ι)
2068 4455 2327 4518 invicem,
2346 4468 2524 4528 neque
2550 4452 2778 4529 angelis,
2798 4451 2897 4511 sed
2923 4462 2981 4510 et
2996 4449 3138 4532 ipsis
3160 4452 3340 4510 divina
3363 4465 3465 4523 per
3490 4450 3664 4508 virtu-

246 4615 251 4620 .
322 4537 326 4541 ’
376 4542 719 4601 harmoniam
761 4546 1112 4603 constituitur
1138 4547 1182 4609 ⁸,
1214 4557 1272 4603 et
1319 4547 1730 4621 compaginatur
1770 4564 1966 4613 conso-

382 4634 563 4692 nantia
591 4633 849 4708 perfecta.
874 4643 933 4693 et
958 4651 1277 4701 consensus,
1299 4648 1356 4695 et
1384 4637 1812 4712 congerminatio
1834 4630 1964 4697 con-

379 4744 613 4808 gregaus
648 4729 953 4796 incoul'use.
980 4731 1522 4803 insepambilitcrque
1560 4732 1807 4790 confusa.
1838 4733 1967 4792 Pcr-

380 4823 528 4879 renit
549 4823 695 4881 enim
720 4821 1149 4895 perfectissimae
1174 4824 1326 4894 pacis
1352 4824 1675 4885 universitas
1698 4825 1753 4882 in
1782 4827 1965 4884 ouantia

381 4914 695 4979 existentia,
718 4913 1013 4970 secundum
1048 4913 1506 4986 simplicissimum
1534 4916 1654 4987 ejus
1674 4923 1736 4972 ct
1754 4914 1965 4974 clarum

383 5004 616 5068 uniiicae
640 5006 857 5063 virtutis
890 5006 1203 5071 adventum,
1233 5006 1500 5064 uniﬁraus
1521 5006 1726 5074 omnia,
1754 5006 1813 5065 et
1840 5024 1974 5066 con-

378 5094 611 5173 iungens
638 5112 850 5156 summa
880 5113 978 5171 per
1006 5100 1184 5163 media
1211 5100 1445 5155 summis
1464 5139 1482 5166 ,
1526 5113 1628 5171 per
1653 5114 1814 5156 unum
1833 5114 1970 5163 con-

384 5188 685 5246 naturalem
712 5191 996 5260 cottjnguta
1028 5189 1350 5257 amicitiam,
1370 5199 1426 5248 et
1447 5190 1650 5263 perfrui
1679 5190 1974 5250 sedouans

314 5270 315 5273 “
383 5280 552 5339 etiam
597 5279 909 5337 novissimis
953 5280 1327 5337 universitatis
1381 5280 1816 5343 extremitatibus
1840 5321 1857 5347 ,
1911 5291 1972 5341 et

382 5374 564 5432 omnia
584 5382 809 5449 cognata
838 5373 1043 5431 l’ueicns
1069 5375 1365 5431 unitatibus
1388 5374 1745 5439 naturalibus,
1771 5375 1965 5431 immu-

387 5465 640 5523 tabilibus
666 5465 1037 5530 societatibus,
1064 5466 1501 5531 adunationibus,
1527 5466 1963 5538 mummium-

385 5561 509 5620 bus.
538 5554 969 5628 inseparabiliter
986 5554 1194 5612 scilicet
1222 5556 1404 5614 divina
1430 5569 1565 5631 pace
1589 5564 1791 5622 stante,
1820 5567 1875 5612 et
1894 5557 1965 5612 ab

2071 4555 2182 4604 tem
2237 4544 2701 4618 umpcrabimur,’
2731 4546 3025 4602 secundum
3082 4543 3476 4618 providentiam
3526 4540 3655 4601 icsn
3735 4584 3739 4588 .

2069 4639 2252 4696 omnia
2285 4638 2342 4694 in
2366 4638 2620 4697 omnibus
2644 4637 2954 4709 opemntis,
2987 4648 3041 4695 et
3071 4635 3324 4696 facientis
3348 4651 3540 4713 pacem
3572 4640 3658 4694 in.

2067 4727 2356 4797 eii‘abilem,
2393 4738 2452 4787 et
2488 4745 2556 4785 es
2605 4728 2788 4787 seculo
2814 4729 3295 4802 praedestinatum.
3323 4738 3379 4786 et
3410 4732 3661 4789 reconci-

2070 4822 2255 4880 liantis
2284 4837 2386 4880 nos
2409 4821 2510 4879 sibi
2539 4822 2642 4897 ipsi
2690 4822 2743 4877 lu
2772 4821 2985 4895 spiritu.
3014 4833 3071 4879 et
3110 4836 3213 4894 per
3238 4822 3478 4895 seipsmn
3509 4831 3566 4881 et
3598 4823 3655 4881 in

2071 4916 2190 4987 ipso
2231 4914 2397 4988 patri.
2448 4914 2528 4973 De
2568 4915 2775 4986 quibus
2823 4911 3354 4984 supereminentibus
3393 4912 3555 4971 denis
3599 4915 3653 4972 in

2072 5006 2387 5078 theologicis
2403 5006 2819 5066 cboractcribus
2845 5003 3174 5063 sufﬁcienter
3199 5006 3404 5062 dictum
3427 5013 3537 5070 est,
3568 5019 3655 5060 at-

2071 5099 2387 5155 teatantium
2437 5097 2593 5155 nobis
2654 5112 2811 5155 sacra
2869 5096 3209 5168 eloquiorutn
3272 5096 3653 5169 intelligentia.

2068 5191 2336 5261 Quoniam
2360 5200 2415 5246 et
2462 5189 2609 5246 aliud
2657 5206 2743 5244 me
2790 5204 2888 5261 per
2927 5186 3207 5258 epistolam
3258 5188 3651 5262 ittlet'mgubas.

2070 5280 2198 5353 quid
2244 5279 2431 5343 forsan
2459 5321 2473 5347 ,
2521 5281 2738 5352 quando
2785 5279 2906 5337 dico
2948 5295 3047 5349 per
3086 5280 3322 5351 seipsum
3366 5294 3522 5345 csso.
3559 5295 3660 5352 per

2072 5372 2307 5443 scipsam
2335 5372 2537 5436 vitam,
2573 5385 2673 5443 per
2694 5372 2928 5443 seipsam
2959 5370 3305 5439 sapientiam,
3363 5382 3420 5427 ct
3453 5374 3521 5428 ad
3562 5389 3656 5430 εθο

2070 5463 2241 5533 imam
2268 5462 2490 5518 dicebas
2515 5461 2786 5527 dubitare,
2832 5449 3103 5532 quomodo
3153 5463 3319 5520 Deum
3366 5465 3657 5536 aliquando

2067 5554 2288 5627 quidem
2332 5554 2508 5630 ipsum
2534 5554 2708 5612 vitam
2745 5556 2899 5620 dico,
2929 5552 3221 5625 aliquando
3265 5570 3395 5617 vero
3432 5572 3529 5633 per
3564 5573 3655 5617 ss-

1652 5664 1908 5727 VAlllAE
1940 5664 2346 5733 ιεετιοΝεε.

463 5740 481 5772 ⁸
519 5736 609 5795 BH
643 5737 1151 5812 super-specuum”.
1221 5730 1243 5764 ⁹
1281 5742 1323 5796 Α
1351 5738 1396 5797 Ε
1422 5739 1771 5797 substituitur.
