  <div class='ocr_page' id='page_1' title='image "/cluster/home/n/w/nwhite01/storage/ocr_20150623/122/uva.x000503459/624.png"; bbox 0 0 4198 6232; ppageno 0'>
   <div class='ocr_carea' id='block_1_1' title="bbox 240 224 567 287">
    <p class='ocr_par' dir='ltr' id='par_1_1' title="bbox 240 224 567 287">
     <span class='ocr_line' id='line_1_1' title="bbox 240 224 567 287; baseline 0.006 -3"><span class='ocrx_word' id='word_1_1' title='bbox 240 224 567 287; x_wconf 55' lang='grc' dir='ltr'><strong>οηθολ</strong></span> 
     </span>
    </p>
   </div>
   <div class='ocr_carea' id='block_1_2' title="bbox 959 222 3611 289">
    <p class='ocr_par' dir='ltr' id='par_1_2' title="bbox 959 222 3611 289">
     <span class='ocr_line' id='line_1_2' title="bbox 959 222 3611 289; baseline -0.002 -4"><span class='ocrx_word' id='word_1_2' title='bbox 959 225 1210 288; x_wconf 69' lang='lat' dir='ltr'><strong>VERSIO</strong></span> <span class='ocrx_word' id='word_1_3' title='bbox 1248 227 1535 288; x_wconf 73' lang='lat' dir='ltr'><strong>OPERUM</strong></span> <span class='ocrx_word' id='word_1_4' title='bbox 1573 230 1633 289; x_wconf 84' lang='lat' dir='ltr'><strong>S.</strong></span> <span class='ocrx_word' id='word_1_5' title='bbox 1674 227 1994 289; x_wconf 71' lang='lat' dir='ltr'><strong>DlONYSll.</strong></span> <span class='ocrx_word' id='word_1_6' title='bbox 2034 253 2099 269; x_wconf 81' lang='lat'><strong>-—-</strong></span> <span class='ocrx_word' id='word_1_7' title='bbox 2142 224 2231 286; x_wconf 76' lang='lat' dir='ltr'><strong>DE</strong></span> <span class='ocrx_word' id='word_1_8' title='bbox 2270 227 2520 289; x_wconf 67' lang='lat' dir='ltr'><strong>DlYlN‘lS</strong></span> <span class='ocrx_word' id='word_1_9' title='bbox 2558 225 2950 288; x_wconf 65' lang='lat' dir='ltr'><strong>NOHINIBUS.</strong></span> <span class='ocrx_word' id='word_1_10' title='bbox 3214 256 3221 257; x_wconf 52' lang='grc' dir='ltr'><em>ν</em></span> <span class='ocrx_word' id='word_1_11' title='bbox 3470 222 3611 282; x_wconf 73' lang='lat'><strong>“70</strong></span> 
     </span>
    </p>
   </div>
   <div class='ocr_carea' id='block_1_3' title="bbox 314 330 3614 427">
    <p class='ocr_par' dir='ltr' id='par_1_3' title="bbox 314 330 3614 427">
     <span class='ocr_line' id='line_1_3' title="bbox 314 330 3614 427; baseline 0.001 -25"><span class='ocrx_word' id='word_1_12' title='bbox 314 350 407 402; x_wconf 76' lang='lat' dir='ltr'><strong>est</strong></span> <span class='ocrx_word' id='word_1_13' title='bbox 432 338 597 415; x_wconf 68' lang='lat' dir='ltr'><strong>super</strong></span> <span class='ocrx_word' id='word_1_14' title='bbox 627 340 810 399; x_wconf 86' lang='lat' dir='ltr'><strong>omnia</strong></span> <span class='ocrx_word' id='word_1_15' title='bbox 842 330 1169 426; x_wconf 64' lang='lat' dir='ltr'><strong>eaistentia,</strong></span> <span class='ocrx_word' id='word_1_16' title='bbox 1198 343 1442 401; x_wconf 88' lang='lat' dir='ltr'><strong>omnium</strong></span> <span class='ocrx_word' id='word_1_17' title='bbox 1468 342 1916 420; x_wconf 87' lang='lat' dir='ltr'><strong>participautium</strong></span> <span class='ocrx_word' id='word_1_18' title='bbox 1945 351 1992 409; x_wconf 82' lang='grc' dir='ltr'><strong>Α</strong></span> <span class='ocrx_word' id='word_1_19' title='bbox 2019 348 2149 421; x_wconf 88' lang='lat' dir='ltr'><strong>quia</strong></span> <span class='ocrx_word' id='word_1_20' title='bbox 2174 348 2472 408; x_wconf 76' lang='lat' dir='ltr'><strong>scentulum</strong></span> <span class='ocrx_word' id='word_1_21' title='bbox 2494 365 2661 407; x_wconf 87' lang='lat' dir='ltr'><strong>unum</strong></span> <span class='ocrx_word' id='word_1_22' title='bbox 2690 346 3114 421; x_wconf 76' lang='lat' dir='ltr'><strong>uniuscujusque</strong></span> <span class='ocrx_word' id='word_1_23' title='bbox 3137 344 3502 420; x_wconf 75' lang='lat' dir='ltr'><strong>praecogitata</strong></span> <span class='ocrx_word' id='word_1_24' title='bbox 3527 356 3614 427; x_wconf 76' lang='lat' dir='ltr'><strong>est</strong></span> 
     </span>
    </p>
   </div>
   <div class='ocr_carea' id='block_1_4' title="bbox 318 434 3614 522">
    <p class='ocr_par' dir='ltr' id='par_1_4' title="bbox 318 434 3614 522">
     <span class='ocr_line' id='line_1_4' title="bbox 318 434 3614 522; baseline 0 -28"><span class='ocrx_word' id='word_1_25' title='bbox 318 444 377 494; x_wconf 73' lang='lat' dir='ltr'><strong>et</strong></span> <span class='ocrx_word' id='word_1_26' title='bbox 400 434 882 509; x_wconf 82' lang='lat' dir='ltr'><strong>participatiouum</strong></span> <span class='ocrx_word' id='word_1_27' title='bbox 912 450 1019 492; x_wconf 92' lang='lat' dir='ltr'><strong>non</strong></span> <span class='ocrx_word' id='word_1_28' title='bbox 1050 437 1386 509; x_wconf 86' lang='lat' dir='ltr'><strong>participans</strong></span> <span class='ocrx_word' id='word_1_29' title='bbox 1406 436 1659 495; x_wconf 73' lang='lat' dir='ltr'><strong>causalis.</strong></span> <span class='ocrx_word' id='word_1_30' title='bbox 1688 436 1922 494; x_wconf 72' lang='lat' dir='ltr'><strong>Sanctus</strong></span> <span class='ocrx_word' id='word_1_31' title='bbox 2021 441 2251 511; x_wconf 84' lang='lat' dir='ltr'><strong>species,</strong></span> <span class='ocrx_word' id='word_1_32' title='bbox 2291 441 2448 500; x_wconf 86' lang='lat' dir='ltr'><strong>unire</strong></span> <span class='ocrx_word' id='word_1_33' title='bbox 2483 440 2685 498; x_wconf 88' lang='lat' dir='ltr'><strong>dicitur</strong></span> <span class='ocrx_word' id='word_1_34' title='bbox 2727 442 2899 511; x_wconf 89' lang='lat' dir='ltr'><strong>unita,</strong></span> <span class='ocrx_word' id='word_1_35' title='bbox 2939 452 3026 499; x_wconf 87' lang='lat' dir='ltr'><strong>est</strong></span> <span class='ocrx_word' id='word_1_36' title='bbox 3046 439 3286 498; x_wconf 80' lang='lat' dir='ltr'><strong>omnium</strong></span> <span class='ocrx_word' id='word_1_37' title='bbox 3328 447 3614 522; x_wconf 77' lang='lat' dir='ltr'><strong>estunutn</strong></span> 
     </span>
    </p>
   </div>
   <div class='ocr_carea' id='block_1_5' title="bbox 320 530 3612 608">
    <p class='ocr_par' dir='ltr' id='par_1_5' title="bbox 320 530 3612 608">
     <span class='ocr_line' id='line_1_5' title="bbox 320 530 3612 608; baseline 0 -20"><span class='ocrx_word' id='word_1_38' title='bbox 320 540 505 588; x_wconf 76' lang='lat' dir='ltr'><strong>autem</strong></span> <span class='ocrx_word' id='word_1_39' title='bbox 543 539 600 587; x_wconf 90' lang='lat' dir='ltr'><strong>et</strong></span> <span class='ocrx_word' id='word_1_40' title='bbox 641 544 797 599; x_wconf 77' lang='lat' dir='ltr'><strong>reges</strong></span> <span class='ocrx_word' id='word_1_41' title='bbox 822 539 877 586; x_wconf 87' lang='lat' dir='ltr'><strong>et</strong></span> <span class='ocrx_word' id='word_1_42' title='bbox 910 530 1161 587; x_wconf 83' lang='lat' dir='ltr'><strong>dominos</strong></span> <span class='ocrx_word' id='word_1_43' title='bbox 1200 539 1255 587; x_wconf 90' lang='lat' dir='ltr'><strong>et</strong></span> <span class='ocrx_word' id='word_1_44' title='bbox 1297 531 1430 587; x_wconf 85' lang='lat' dir='ltr'><strong>deos</strong></span> <span class='ocrx_word' id='word_1_45' title='bbox 1457 539 1657 587; x_wconf 88' lang='lat' dir='ltr'><strong>vocant</strong></span> <span class='ocrx_word' id='word_1_46' title='bbox 1704 530 1919 603; x_wconf 86' lang='lat' dir='ltr'><strong>eloquia</strong></span> <span class='ocrx_word' id='word_1_47' title='bbox 2021 534 2319 608; x_wconf 79' lang='lat' dir='ltr'><strong>exemplar,</strong></span> <span class='ocrx_word' id='word_1_48' title='bbox 2349 544 2404 591; x_wconf 88' lang='lat' dir='ltr'><strong>et</strong></span> <span class='ocrx_word' id='word_1_49' title='bbox 2434 533 2479 593; x_wconf 91' lang='lat' dir='ltr'><strong>si</strong></span> <span class='ocrx_word' id='word_1_50' title='bbox 2513 534 2796 592; x_wconf 72' lang='lat' dir='ltr'><strong>interimas</strong></span> <span class='ocrx_word' id='word_1_51' title='bbox 2832 549 3021 598; x_wconf 88' lang='lat' dir='ltr'><strong>unum,</strong></span> <span class='ocrx_word' id='word_1_52' title='bbox 3048 548 3226 604; x_wconf 87' lang='lat' dir='ltr'><strong>neque</strong></span> <span class='ocrx_word' id='word_1_53' title='bbox 3262 530 3612 595; x_wconf 81' lang='lat' dir='ltr'><strong>universitas.</strong></span> 
     </span>
    </p>
   </div>
   <div class='ocr_carea' id='block_1_6' title="bbox 322 620 1925 698">
    <p class='ocr_par' dir='ltr' id='par_1_6' title="bbox 322 620 1925 698">
     <span class='ocr_line' id='line_1_6' title="bbox 322 620 1925 698; baseline -0.001 -16"><span class='ocrx_word' id='word_1_54' title='bbox 322 623 475 698; x_wconf 83' lang='lat' dir='ltr'><strong>ipsas</strong></span> <span class='ocrx_word' id='word_1_55' title='bbox 510 620 565 679; x_wconf 86' lang='lat' dir='ltr'><strong>iu</strong></span> <span class='ocrx_word' id='word_1_56' title='bbox 614 622 844 695; x_wconf 80' lang='lat' dir='ltr'><strong>singulis</strong></span> <span class='ocrx_word' id='word_1_57' title='bbox 885 623 1302 697; x_wconf 86' lang='lat' dir='ltr'><strong>principaliores</strong></span> <span class='ocrx_word' id='word_1_58' title='bbox 1346 624 1731 697; x_wconf 83' lang='lat' dir='ltr'><strong>dispositiones</strong></span> <span class='ocrx_word' id='word_1_59' title='bbox 1756 665 1772 692; x_wconf 94' lang='lat'><strong>,</strong></span> <span class='ocrx_word' id='word_1_60' title='bbox 1825 640 1925 698; x_wconf 90' lang='lat' dir='ltr'><strong>per</strong></span> 
     </span>
    </p>
   </div>
   <div class='ocr_carea' id='block_1_7' title="bbox 322 715 1925 796">
    <p class='ocr_par' dir='ltr' id='par_1_7' title="bbox 322 715 1925 796">
     <span class='ocr_line' id='line_1_7' title="bbox 322 715 1925 796; baseline 0.004 -27"><span class='ocrx_word' id='word_1_61' title='bbox 322 715 763 796; x_wconf 55' lang='lat' dir='ltr'><strong>quassecundae</strong></span> <span class='ocrx_word' id='word_1_62' title='bbox 813 730 879 772; x_wconf 71' lang='lat' dir='ltr'><strong>ex</strong></span> <span class='ocrx_word' id='word_1_63' title='bbox 940 717 1036 774; x_wconf 89' lang='lat' dir='ltr'><strong>Dei</strong></span> <span class='ocrx_word' id='word_1_64' title='bbox 1091 715 1251 775; x_wconf 84' lang='lat' dir='ltr'><strong>donis</strong></span> <span class='ocrx_word' id='word_1_65' title='bbox 1290 716 1651 789; x_wconf 85' lang='lat' dir='ltr'><strong>accipientes,</strong></span> <span class='ocrx_word' id='word_1_66' title='bbox 1708 718 1925 776; x_wconf 86' lang='lat' dir='ltr'><strong>illarum</strong></span> 
     </span>
    </p>
   </div>
   <div class='ocr_carea' id='block_1_8' title="bbox 325 808 1927 892">
    <p class='ocr_par' dir='ltr' id='par_1_8' title="bbox 325 808 1927 892">
     <span class='ocr_line' id='line_1_8' title="bbox 325 808 1927 892; baseline 0.002 -24"><span class='ocrx_word' id='word_1_67' title='bbox 325 808 727 868; x_wconf 65' lang='lat' dir='ltr'><strong>distributionis</strong></span> <span class='ocrx_word' id='word_1_68' title='bbox 770 809 1178 882; x_wconf 69' lang='lat' dir='ltr'><strong>simplicitatem</strong></span> <span class='ocrx_word' id='word_1_69' title='bbox 1226 811 1372 870; x_wconf 82' lang='lat' dir='ltr'><strong>circa</strong></span> <span class='ocrx_word' id='word_1_70' title='bbox 1423 826 1553 892; x_wconf 82' lang='lat' dir='ltr'><strong>suos</strong></span> <span class='ocrx_word' id='word_1_71' title='bbox 1591 811 1927 871; x_wconf 76' lang='lat' dir='ltr'><strong>diﬁ‘erentias</strong></span> 
     </span>
    </p>
   </div>
   <div class='ocr_carea' id='block_1_9' title="bbox 334 899 1929 978">
    <p class='ocr_par' dir='ltr' id='par_1_9' title="bbox 334 899 1929 978">
     <span class='ocr_line' id='line_1_9' title="bbox 334 899 1929 978; baseline 0.004 -21"><span class='ocrx_word' id='word_1_72' title='bbox 334 899 745 973; x_wconf 69' lang='lat' dir='ltr'><strong>multiplicant,</strong></span> <span class='ocrx_word' id='word_1_73' title='bbox 777 917 1009 974; x_wconf 86' lang='lat' dir='ltr'><strong>quarum</strong></span> <span class='ocrx_word' id='word_1_74' title='bbox 1049 912 1389 975; x_wconf 68' lang='lat' dir='ltr'><strong>praestantes</strong></span> <span class='ocrx_word' id='word_1_75' title='bbox 1436 904 1755 961; x_wconf 90' lang='lat' dir='ltr'><strong>varietatem</strong></span> <span class='ocrx_word' id='word_1_76' title='bbox 1800 921 1929 978; x_wconf 85' lang='lat' dir='ltr'><strong>pro-</strong></span> 
     </span>
    </p>
   </div>
   <div class='ocr_carea' id='block_1_10' title="bbox 271 989 1927 1073">
    <p class='ocr_par' dir='ltr' id='par_1_10' title="bbox 271 989 1927 1073">
     <span class='ocr_line' id='line_1_10' title="bbox 271 989 1927 1073; baseline 0.002 -25"><span class='ocrx_word' id='word_1_77' title='bbox 271 1063 282 1073; x_wconf 36' lang='lat'><strong><em>.</em></strong></span> <span class='ocrx_word' id='word_1_78' title='bbox 325 989 453 1048; x_wconf 67' lang='lat' dir='ltr'><strong>vide</strong></span> <span class='ocrx_word' id='word_1_79' title='bbox 477 1003 537 1047; x_wconf 87' lang='lat' dir='ltr'><strong>et</strong></span> <span class='ocrx_word' id='word_1_80' title='bbox 562 991 902 1048; x_wconf 82' lang='lat' dir='ltr'><strong>deilormiter</strong></span> <span class='ocrx_word' id='word_1_81' title='bbox 923 991 994 1051; x_wconf 83' lang='lat' dir='ltr'><strong>ad</strong></span> <span class='ocrx_word' id='word_1_82' title='bbox 1027 993 1291 1050; x_wconf 88' lang='lat' dir='ltr'><strong>unitatem</strong></span> <span class='ocrx_word' id='word_1_83' title='bbox 1327 994 1524 1067; x_wconf 81' lang='lat' dir='ltr'><strong>ipsum,</strong></span> <span class='ocrx_word' id='word_1_84' title='bbox 1550 1010 1691 1068; x_wconf 87' lang='lat' dir='ltr'><strong>quae</strong></span> <span class='ocrx_word' id='word_1_85' title='bbox 1717 1003 1807 1059; x_wconf 77' lang='lat' dir='ltr'><strong>est</strong></span> <span class='ocrx_word' id='word_1_86' title='bbox 1832 1010 1927 1052; x_wconf 84' lang='lat' dir='ltr'><strong>ca-</strong></span> 
     </span>
    </p>
   </div>
   <div class='ocr_carea' id='block_1_11' title="bbox 328 1089 860 1155">
    <p class='ocr_par' dir='ltr' id='par_1_11' title="bbox 328 1089 860 1155">
     <span class='ocr_line' id='line_1_11' title="bbox 328 1089 860 1155; baseline -0.002 -16"><span class='ocrx_word' id='word_1_87' title='bbox 328 1096 473 1151; x_wconf 75' lang='grc' dir='ltr'><strong>ωω,</strong></span> <span class='ocrx_word' id='word_1_88' title='bbox 503 1089 860 1155; x_wconf 68' lang='lat' dir='ltr'><strong>congregant.</strong></span> 
     </span>
    </p>
   </div>
   <div class='ocr_carea' id='block_1_12' title="bbox 823 1215 1412 1277">
    <p class='ocr_par' dir='ltr' id='par_1_12' title="bbox 823 1215 1412 1277">
     <span class='ocr_line' id='line_1_12' title="bbox 823 1215 1412 1277; baseline 0 -3"><span class='ocrx_word' id='word_1_89' title='bbox 823 1215 1228 1277; x_wconf 73' lang='lat' dir='ltr'><strong>CAPITULUM</strong></span> <span class='ocrx_word' id='word_1_90' title='bbox 1272 1219 1412 1276; x_wconf 71' lang='lat' dir='ltr'><strong>Xlll.</strong></span> 
     </span>
    </p>
   </div>
   <div class='ocr_carea' id='block_1_13' title="bbox 825 1314 1507 1404">
    <p class='ocr_par' dir='ltr' id='par_1_13' title="bbox 825 1314 1507 1404">
     <span class='ocr_line' id='line_1_13' title="bbox 825 1314 1507 1404; baseline 0.003 -19"><span class='ocrx_word' id='word_1_91' title='bbox 825 1314 908 1385; x_wconf 73' lang='lat' dir='ltr'><strong>De</strong></span> <span class='ocrx_word' id='word_1_92' title='bbox 942 1330 1170 1404; x_wconf 72' lang='lat' dir='ltr'><strong>perfecto</strong></span> <span class='ocrx_word' id='word_1_93' title='bbox 1209 1342 1257 1387; x_wconf 81' lang='lat' dir='ltr'><strong>et</strong></span> <span class='ocrx_word' id='word_1_94' title='bbox 1298 1348 1425 1387; x_wconf 85' lang='lat' dir='ltr'><strong>uno.</strong></span> <span class='ocrx_word' id='word_1_95' title='bbox 1498 1394 1507 1402; x_wconf 48' lang='grc'><em>,</em></span> 
     </span>
    </p>
   </div>
   <div class='ocr_carea' id='block_1_14' title="bbox 406 1424 1932 1517">
    <p class='ocr_par' dir='ltr' id='par_1_14' title="bbox 406 1424 1932 1517">
     <span class='ocr_line' id='line_1_14' title="bbox 406 1424 1932 1517; baseline 0.004 -20"><span class='ocrx_word' id='word_1_96' title='bbox 406 1424 587 1498; x_wconf 80' lang='lat' dir='ltr'><strong>Tanta</strong></span> <span class='ocrx_word' id='word_1_97' title='bbox 636 1450 693 1504; x_wconf 71' lang='lat' dir='ltr'><strong>at</strong></span> <span class='ocrx_word' id='word_1_98' title='bbox 741 1441 810 1499; x_wconf 87' lang='lat' dir='ltr'><strong>de</strong></span> <span class='ocrx_word' id='word_1_99' title='bbox 866 1443 971 1499; x_wconf 84' lang='lat' dir='ltr'><strong>his.</strong></span> <span class='ocrx_word' id='word_1_100' title='bbox 1025 1443 1083 1499; x_wconf 87' lang='lat' dir='ltr'><strong>In</strong></span> <span class='ocrx_word' id='word_1_101' title='bbox 1129 1444 1233 1517; x_wconf 84' lang='lat' dir='ltr'><strong>ltoc</strong></span> <span class='ocrx_word' id='word_1_102' title='bbox 1289 1455 1471 1500; x_wconf 82' lang='lat' dir='ltr'><strong>autem</strong></span> <span class='ocrx_word' id='word_1_103' title='bbox 1522 1444 1836 1512; x_wconf 83' lang='lat' dir='ltr'><strong>residuum,</strong></span> <span class='ocrx_word' id='word_1_104' title='bbox 1884 1445 1932 1503; x_wconf 96' lang='lat' dir='ltr'><strong>si</strong></span> 
     </span>
    </p>
   </div>
   <div class='ocr_carea' id='block_1_15' title="bbox 336 1534 1931 1612">
    <p class='ocr_par' dir='ltr' id='par_1_15' title="bbox 336 1534 1931 1612">
     <span class='ocr_line' id='line_1_15' title="bbox 336 1534 1931 1612; baseline 0.006 -26"><span class='ocrx_word' id='word_1_105' title='bbox 336 1534 577 1612; x_wconf 74' lang='lat' dir='ltr'><strong>videtur,</strong></span> <span class='ocrx_word' id='word_1_106' title='bbox 624 1550 879 1592; x_wconf 82' lang='lat' dir='ltr'><strong>sermone</strong></span> <span class='ocrx_word' id='word_1_107' title='bbox 916 1535 1272 1592; x_wconf 76' lang='lat' dir='ltr'><strong>fortissimum</strong></span> <span class='ocrx_word' id='word_1_108' title='bbox 1310 1537 1675 1603; x_wconf 81' lang='lat' dir='ltr'><strong>collocemus.</strong></span> <span class='ocrx_word' id='word_1_109' title='bbox 1721 1537 1931 1595; x_wconf 74' lang='lat' dir='ltr'><strong>Etenim</strong></span> 
     </span>
    </p>
   </div>
   <div class='ocr_carea' id='block_1_16' title="bbox 339 1624 1933 1696">
    <p class='ocr_par' dir='ltr' id='par_1_16' title="bbox 339 1624 1933 1696">
     <span class='ocr_line' id='line_1_16' title="bbox 339 1624 1933 1696; baseline 0 -15"><span class='ocrx_word' id='word_1_110' title='bbox 339 1624 615 1696; x_wconf 76' lang='lat' dir='ltr'><strong>theologia</strong></span> <span class='ocrx_word' id='word_1_111' title='bbox 662 1627 731 1682; x_wconf 90' lang='lat' dir='ltr'><strong>de</strong></span> <span class='ocrx_word' id='word_1_112' title='bbox 778 1625 1022 1682; x_wconf 88' lang='lat' dir='ltr'><strong>omnium</strong></span> <span class='ocrx_word' id='word_1_113' title='bbox 1071 1642 1238 1683; x_wconf 84' lang='lat' dir='ltr'><strong>causa</strong></span> <span class='ocrx_word' id='word_1_114' title='bbox 1297 1637 1355 1683; x_wconf 86' lang='lat' dir='ltr'><strong>et</strong></span> <span class='ocrx_word' id='word_1_115' title='bbox 1409 1628 1621 1691; x_wconf 78' lang='lat' dir='ltr'><strong>omnia.</strong></span> <span class='ocrx_word' id='word_1_116' title='bbox 1667 1638 1719 1684; x_wconf 87' lang='lat' dir='ltr'><strong>et</strong></span> <span class='ocrx_word' id='word_1_117' title='bbox 1772 1628 1933 1685; x_wconf 91' lang='lat' dir='ltr'><strong>simul</strong></span> 
     </span>
    </p>
   </div>
   <div class='ocr_carea' id='block_1_17' title="bbox 298 1710 2006 1798">
    <p class='ocr_par' dir='ltr' id='par_1_17' title="bbox 298 1710 2006 1798">
     <span class='ocr_line' id='line_1_17' title="bbox 298 1710 2006 1798; baseline -0.001 -24"><span class='ocrx_word' id='word_1_118' title='bbox 298 1710 519 1774; x_wconf 7' lang='lat' dir='ltr'><strong>lonniia</strong></span> <span class='ocrx_word' id='word_1_119' title='bbox 565 1718 888 1798; x_wconf 79' lang='lat' dir='ltr'><strong>praedicat,</strong></span> <span class='ocrx_word' id='word_1_120' title='bbox 942 1726 998 1775; x_wconf 87' lang='lat' dir='ltr'><strong>et</strong></span> <span class='ocrx_word' id='word_1_121' title='bbox 1057 1728 1115 1773; x_wconf 88' lang='lat' dir='ltr'><strong>ut</strong></span> <span class='ocrx_word' id='word_1_122' title='bbox 1158 1718 1459 1791; x_wconf 78' lang='lat' dir='ltr'><strong>perfectum</strong></span> <span class='ocrx_word' id='word_1_123' title='bbox 1505 1722 1716 1787; x_wconf 87' lang='lat' dir='ltr'><strong>solum,</strong></span> <span class='ocrx_word' id='word_1_124' title='bbox 1764 1732 1818 1776; x_wconf 78' lang='lat' dir='ltr'><strong>et</strong></span> <span class='ocrx_word' id='word_1_125' title='bbox 1873 1730 1934 1776; x_wconf 91' lang='lat' dir='ltr'><strong>ut</strong></span> <span class='ocrx_word' id='word_1_126' title='bbox 1964 1712 2006 1772; x_wconf 81' lang='grc' dir='ltr'><strong>Β</strong></span> 
     </span>
    </p>
   </div>
   <div class='ocr_carea' id='block_1_18' title="bbox 341 1802 1928 1886">
    <p class='ocr_par' dir='ltr' id='par_1_18' title="bbox 341 1802 1928 1886">
     <span class='ocr_line' id='line_1_18' title="bbox 341 1802 1928 1886; baseline 0.003 -20"><span class='ocrx_word' id='word_1_127' title='bbox 341 1826 510 1868; x_wconf 83' lang='lat' dir='ltr'><strong>unum</strong></span> <span class='ocrx_word' id='word_1_128' title='bbox 535 1811 739 1867; x_wconf 79' lang='lat' dir='ltr'><strong>laudat.</strong></span> <span class='ocrx_word' id='word_1_129' title='bbox 763 1802 1070 1871; x_wconf 71' lang='lat' dir='ltr'><strong>Perfectum</strong></span> <span class='ocrx_word' id='word_1_130' title='bbox 1096 1814 1314 1883; x_wconf 77' lang='lat' dir='ltr'><strong>quidem</strong></span> <span class='ocrx_word' id='word_1_131' title='bbox 1337 1830 1468 1886; x_wconf 79' lang='lat' dir='ltr'><strong>ergo</strong></span> <span class='ocrx_word' id='word_1_132' title='bbox 1488 1824 1592 1882; x_wconf 70' lang='lat' dir='ltr'><strong>est,</strong></span> <span class='ocrx_word' id='word_1_133' title='bbox 1620 1832 1727 1871; x_wconf 87' lang='lat' dir='ltr'><strong>non</strong></span> <span class='ocrx_word' id='word_1_134' title='bbox 1754 1817 1928 1873; x_wconf 85' lang='lat' dir='ltr'><strong>solum</strong></span> 
     </span>
    </p>
   </div>
   <div class='ocr_carea' id='block_1_19' title="bbox 338 1901 1931 1977">
    <p class='ocr_par' dir='ltr' id='par_1_19' title="bbox 338 1901 1931 1977">
     <span class='ocr_line' id='line_1_19' title="bbox 338 1901 1931 1977; baseline 0.004 -21"><span class='ocrx_word' id='word_1_135' title='bbox 338 1910 396 1956; x_wconf 88' lang='lat' dir='ltr'><strong>ut</strong></span> <span class='ocrx_word' id='word_1_136' title='bbox 435 1916 534 1970; x_wconf 83' lang='lat' dir='ltr'><strong>per</strong></span> <span class='ocrx_word' id='word_1_137' title='bbox 567 1902 806 1974; x_wconf 85' lang='lat' dir='ltr'><strong>seipsqu</strong></span> <span class='ocrx_word' id='word_1_138' title='bbox 854 1901 1165 1975; x_wconf 79' lang='lat' dir='ltr'><strong>perlectum</strong></span> <span class='ocrx_word' id='word_1_139' title='bbox 1194 1944 1210 1972; x_wconf 96' lang='lat'><strong>,</strong></span> <span class='ocrx_word' id='word_1_140' title='bbox 1264 1906 1562 1962; x_wconf 84' lang='lat' dir='ltr'><strong>secundum</strong></span> <span class='ocrx_word' id='word_1_141' title='bbox 1614 1907 1857 1977; x_wconf 85' lang='lat' dir='ltr'><strong>seipsum</strong></span> <span class='ocrx_word' id='word_1_142' title='bbox 1899 1910 1931 1962; x_wconf 82' lang='lat' dir='ltr'><strong>‘a</strong></span> 
     </span>
    </p>
   </div>
   <div class='ocr_carea' id='block_1_20' title="bbox 339 1994 1934 2070">
    <p class='ocr_par' dir='ltr' id='par_1_20' title="bbox 339 1994 1934 2070">
     <span class='ocr_line' id='line_1_20' title="bbox 339 1994 1934 2070; baseline 0.002 -18"><span class='ocrx_word' id='word_1_143' title='bbox 339 1996 521 2067; x_wconf 82' lang='lat' dir='ltr'><strong>seipse</strong></span> <span class='ocrx_word' id='word_1_144' title='bbox 554 1994 901 2052; x_wconf 73' lang='lat' dir='ltr'><strong>uniﬁn&#39;miter</strong></span> <span class='ocrx_word' id='word_1_145' title='bbox 928 2006 1299 2069; x_wconf 81' lang='lat' dir='ltr'><strong>segregatum,</strong></span> <span class='ocrx_word' id='word_1_146' title='bbox 1330 2009 1387 2054; x_wconf 91' lang='lat' dir='ltr'><strong>et</strong></span> <span class='ocrx_word' id='word_1_147' title='bbox 1429 2006 1601 2054; x_wconf 89' lang='lat' dir='ltr'><strong>totum</strong></span> <span class='ocrx_word' id='word_1_148' title='bbox 1631 2015 1728 2070; x_wconf 88' lang='lat' dir='ltr'><strong>per</strong></span> <span class='ocrx_word' id='word_1_149' title='bbox 1762 2008 1934 2055; x_wconf 90' lang='lat' dir='ltr'><strong>totum</strong></span> 
     </span>
    </p>
   </div>
   <div class='ocr_carea' id='block_1_21' title="bbox 293 2085 1933 2160">
    <p class='ocr_par' dir='ltr' id='par_1_21' title="bbox 293 2085 1933 2160">
     <span class='ocr_line' id='line_1_21' title="bbox 293 2085 1933 2160; baseline 0.002 -16"><span class='ocrx_word' id='word_1_150' title='bbox 293 2140 297 2144; x_wconf 90' lang='lat'><strong>.</strong></span> <span class='ocrx_word' id='word_1_151' title='bbox 340 2085 840 2158; x_wconf 77' lang='lat' dir='ltr'><strong>perfectissimum.</strong></span> <span class='ocrx_word' id='word_1_152' title='bbox 881 2088 976 2143; x_wconf 88' lang='lat' dir='ltr'><strong>sed</strong></span> <span class='ocrx_word' id='word_1_153' title='bbox 1014 2098 1073 2143; x_wconf 86' lang='lat' dir='ltr'><strong>et</strong></span> <span class='ocrx_word' id='word_1_154' title='bbox 1122 2088 1407 2160; x_wconf 85' lang='lat' dir='ltr'><strong>plusquam</strong></span> <span class='ocrx_word' id='word_1_155' title='bbox 1453 2089 1752 2160; x_wconf 81' lang='lat' dir='ltr'><strong>perfectum</strong></span> <span class='ocrx_word' id='word_1_156' title='bbox 1778 2131 1797 2156; x_wconf 87' lang='lat'><strong>,</strong></span> <span class='ocrx_word' id='word_1_157' title='bbox 1842 2107 1933 2148; x_wconf 86' lang='lat' dir='ltr'><strong>se-</strong></span> 
     </span>
    </p>
   </div>
   <div class='ocr_carea' id='block_1_22' title="bbox 258 2177 1936 2255">
    <p class='ocr_par' dir='ltr' id='par_1_22' title="bbox 258 2177 1936 2255">
     <span class='ocr_line' id='line_1_22' title="bbox 258 2177 1936 2255; baseline 0.003 -21"><span class='ocrx_word' id='word_1_158' title='bbox 258 2194 265 2199; x_wconf 79' lang='lat'><strong><em>&#39;</em></strong></span> <span class='ocrx_word' id='word_1_159' title='bbox 341 2178 579 2234; x_wconf 85' lang='lat' dir='ltr'><strong>cundum</strong></span> <span class='ocrx_word' id='word_1_160' title='bbox 619 2177 864 2234; x_wconf 88' lang='lat' dir='ltr'><strong>enmium</strong></span> <span class='ocrx_word' id='word_1_161' title='bbox 905 2179 1311 2247; x_wconf 74' lang='lat' dir='ltr'><strong>excellentiam,</strong></span> <span class='ocrx_word' id='word_1_162' title='bbox 1342 2190 1395 2237; x_wconf 90' lang='lat' dir='ltr'><strong>et</strong></span> <span class='ocrx_word' id='word_1_163' title='bbox 1451 2197 1669 2239; x_wconf 84' lang='lat' dir='ltr'><strong>omnem</strong></span> <span class='ocrx_word' id='word_1_164' title='bbox 1719 2185 1936 2255; x_wconf 86' lang='lat' dir='ltr'><strong>quidem</strong></span> 
     </span>
    </p>
   </div>
   <div class='ocr_carea' id='block_1_23' title="bbox 346 2267 1936 2339">
    <p class='ocr_par' dir='ltr' id='par_1_23' title="bbox 346 2267 1936 2339">
     <span class='ocr_line' id='line_1_23' title="bbox 346 2267 1936 2339; baseline 0.003 -13"><span class='ocrx_word' id='word_1_165' title='bbox 346 2267 771 2333; x_wconf 77' lang='lat' dir='ltr'><strong>multitudinem,</strong></span> <span class='ocrx_word' id='word_1_166' title='bbox 807 2271 1153 2339; x_wconf 81' lang='lat' dir='ltr'><strong>terminans,</strong></span> <span class='ocrx_word' id='word_1_167' title='bbox 1222 2271 1372 2329; x_wconf 89' lang='lat' dir='ltr'><strong>omni</strong></span> <span class='ocrx_word' id='word_1_168' title='bbox 1433 2289 1568 2331; x_wconf 83' lang='lat' dir='ltr'><strong>vero</strong></span> <span class='ocrx_word' id='word_1_169' title='bbox 1632 2276 1936 2332; x_wconf 89' lang='lat' dir='ltr'><strong>smnmitati</strong></span> 
     </span>
    </p>
   </div>
   <div class='ocr_carea' id='block_1_24' title="bbox 346 2361 1940 2439">
    <p class='ocr_par' dir='ltr' id='par_1_24' title="bbox 346 2361 1940 2439">
     <span class='ocr_line' id='line_1_24' title="bbox 346 2361 1940 2439; baseline 0.006 -24"><span class='ocrx_word' id='word_1_170' title='bbox 346 2374 840 2431; x_wconf 78' lang='lat' dir='ltr'><strong>superexpansum,</strong></span> <span class='ocrx_word' id='word_1_171' title='bbox 867 2373 920 2418; x_wconf 90' lang='lat' dir='ltr'><strong>et</strong></span> <span class='ocrx_word' id='word_1_172' title='bbox 964 2378 993 2417; x_wconf 87' lang='lat' dir='ltr'><strong>a</strong></span> <span class='ocrx_word' id='word_1_173' title='bbox 1048 2361 1207 2435; x_wconf 78' lang='lat' dir='ltr'><strong>nullo</strong></span> <span class='ocrx_word' id='word_1_174' title='bbox 1244 2361 1482 2421; x_wconf 73' lang='lat' dir='ltr'><strong>locatum</strong></span> <span class='ocrx_word' id='word_1_175' title='bbox 1538 2373 1635 2421; x_wconf 89' lang='lat' dir='ltr'><strong>aut</strong></span> <span class='ocrx_word' id='word_1_176' title='bbox 1690 2381 1940 2439; x_wconf 82' lang='lat' dir='ltr'><strong>compre-</strong></span> 
     </span>
    </p>
   </div>
   <div class='ocr_carea' id='block_1_25' title="bbox 348 2446 1940 2529">
    <p class='ocr_par' dir='ltr' id='par_1_25' title="bbox 348 2446 1940 2529">
     <span class='ocr_line' id='line_1_25' title="bbox 348 2446 1940 2529; baseline 0.004 -21"><span class='ocrx_word' id='word_1_177' title='bbox 348 2446 622 2518; x_wconf 84' lang='lat' dir='ltr'><strong>hensum,</strong></span> <span class='ocrx_word' id='word_1_178' title='bbox 674 2453 769 2507; x_wconf 84' lang='lat' dir='ltr'><strong>sed</strong></span> <span class='ocrx_word' id='word_1_179' title='bbox 821 2462 1101 2509; x_wconf 77' lang='lat' dir='ltr'><strong>extentum</strong></span> <span class='ocrx_word' id='word_1_180' title='bbox 1140 2453 1196 2510; x_wconf 90' lang='lat' dir='ltr'><strong>in</strong></span> <span class='ocrx_word' id='word_1_181' title='bbox 1234 2453 1421 2511; x_wconf 87' lang='lat' dir='ltr'><strong>omnia</strong></span> <span class='ocrx_word' id='word_1_182' title='bbox 1463 2455 1627 2511; x_wconf 89' lang='lat' dir='ltr'><strong>simul</strong></span> <span class='ocrx_word' id='word_1_183' title='bbox 1672 2465 1729 2512; x_wconf 86' lang='lat' dir='ltr'><strong>ct</strong></span> <span class='ocrx_word' id='word_1_184' title='bbox 1776 2473 1940 2529; x_wconf 80' lang='lat' dir='ltr'><strong>super</strong></span> 
     </span>
    </p>
   </div>
   <div class='ocr_carea' id='block_1_26' title="bbox 320 2545 1946 2623">
    <p class='ocr_par' dir='ltr' id='par_1_26' title="bbox 320 2545 1946 2623">
     <span class='ocr_line' id='line_1_26' title="bbox 320 2545 1946 2623; baseline 0.006 -26"><span class='ocrx_word' id='word_1_185' title='bbox 320 2545 528 2602; x_wconf 50' lang='lat' dir='ltr'><strong>.omnia</strong></span> <span class='ocrx_word' id='word_1_186' title='bbox 584 2560 693 2603; x_wconf 88' lang='lat' dir='ltr'><strong>non</strong></span> <span class='ocrx_word' id='word_1_187' title='bbox 728 2545 1106 2603; x_wconf 87' lang='lat' dir='ltr'><strong>deﬁcientibus</strong></span> <span class='ocrx_word' id='word_1_188' title='bbox 1135 2549 1441 2620; x_wconf 76' lang='lat' dir='ltr'><strong>augmentis</strong></span> <span class='ocrx_word' id='word_1_189' title='bbox 1473 2558 1530 2606; x_wconf 90' lang='lat' dir='ltr'><strong>et</strong></span> <span class='ocrx_word' id='word_1_190' title='bbox 1557 2549 1784 2606; x_wconf 88' lang='lat' dir='ltr'><strong>inﬁnitis</strong></span> <span class='ocrx_word' id='word_1_191' title='bbox 1812 2548 1946 2623; x_wconf 75' lang='lat' dir='ltr'><strong>ope-</strong></span> 
     </span>
    </p>
   </div>
   <div class='ocr_carea' id='block_1_27' title="bbox 350 2639 1940 2710">
    <p class='ocr_par' dir='ltr' id='par_1_27' title="bbox 350 2639 1940 2710">
     <span class='ocr_line' id='line_1_27' title="bbox 350 2639 1940 2710; baseline 0.003 -14"><span class='ocrx_word' id='word_1_192' title='bbox 350 2640 673 2697; x_wconf 80' lang='lat' dir='ltr'><strong>rationibus.</strong></span> <span class='ocrx_word' id='word_1_193' title='bbox 719 2639 1028 2707; x_wconf 79' lang='lat' dir='ltr'><strong>Perfectum</strong></span> <span class='ocrx_word' id='word_1_194' title='bbox 1066 2641 1265 2697; x_wconf 87' lang='lat' dir='ltr'><strong>iterum</strong></span> <span class='ocrx_word' id='word_1_195' title='bbox 1309 2641 1531 2710; x_wconf 81' lang='lat' dir='ltr'><strong>dicitur,</strong></span> <span class='ocrx_word' id='word_1_196' title='bbox 1562 2652 1617 2699; x_wconf 89' lang='lat' dir='ltr'><strong>et</strong></span> <span class='ocrx_word' id='word_1_197' title='bbox 1655 2642 1802 2699; x_wconf 86' lang='lat' dir='ltr'><strong>velut</strong></span> <span class='ocrx_word' id='word_1_198' title='bbox 1831 2660 1940 2701; x_wconf 85' lang='lat' dir='ltr'><strong>non</strong></span> 
     </span>
    </p>
   </div>
   <div class='ocr_carea' id='block_1_28' title="bbox 347 2732 1939 2805">
    <p class='ocr_par' dir='ltr' id='par_1_28' title="bbox 347 2732 1939 2805">
     <span class='ocr_line' id='line_1_28' title="bbox 347 2732 1939 2805; baseline 0 -17"><span class='ocrx_word' id='word_1_199' title='bbox 347 2742 593 2799; x_wconf 85' lang='lat' dir='ltr'><strong>auctum,</strong></span> <span class='ocrx_word' id='word_1_200' title='bbox 651 2740 708 2787; x_wconf 91' lang='lat' dir='ltr'><strong>et</strong></span> <span class='ocrx_word' id='word_1_201' title='bbox 736 2744 956 2804; x_wconf 85' lang='lat' dir='ltr'><strong>semper</strong></span> <span class='ocrx_word' id='word_1_202' title='bbox 988 2732 1310 2805; x_wconf 73' lang='lat' dir='ltr'><strong>perfectura,</strong></span> <span class='ocrx_word' id='word_1_203' title='bbox 1339 2742 1397 2788; x_wconf 88' lang='lat' dir='ltr'><strong>et</strong></span> <span class='ocrx_word' id='word_1_204' title='bbox 1429 2744 1490 2790; x_wconf 89' lang='lat' dir='ltr'><strong>ut</strong></span> <span class='ocrx_word' id='word_1_205' title='bbox 1533 2733 1939 2800; x_wconf 86' lang='lat' dir='ltr'><strong>imiiminutum,</strong></span> 
     </span>
    </p>
   </div>
   <div class='ocr_carea' id='block_1_29' title="bbox 350 2825 1941 2899">
    <p class='ocr_par' dir='ltr' id='par_1_29' title="bbox 350 2825 1941 2899">
     <span class='ocr_line' id='line_1_29' title="bbox 350 2825 1941 2899; baseline 0.002 -18"><span class='ocrx_word' id='word_1_206' title='bbox 350 2834 410 2881; x_wconf 84' lang='lat' dir='ltr'><strong>ut</strong></span> <span class='ocrx_word' id='word_1_207' title='bbox 456 2826 638 2882; x_wconf 87' lang='lat' dir='ltr'><strong>nnmia</strong></span> <span class='ocrx_word' id='word_1_208' title='bbox 680 2825 734 2881; x_wconf 92' lang='lat' dir='ltr'><strong>in</strong></span> <span class='ocrx_word' id='word_1_209' title='bbox 769 2825 952 2896; x_wconf 82' lang='lat' dir='ltr'><strong>seipse</strong></span> <span class='ocrx_word' id='word_1_210' title='bbox 981 2840 1251 2897; x_wconf 86' lang='lat' dir='ltr'><strong>superans</strong></span> <span class='ocrx_word' id='word_1_211' title='bbox 1295 2835 1351 2883; x_wconf 89' lang='lat' dir='ltr'><strong>et</strong></span> <span class='ocrx_word' id='word_1_212' title='bbox 1390 2841 1786 2899; x_wconf 87' lang='lat' dir='ltr'><strong>supermaaans</strong></span> <span class='ocrx_word' id='word_1_213' title='bbox 1848 2841 1941 2884; x_wconf 78' lang='lat' dir='ltr'><strong>se-</strong></span> 
     </span>
    </p>
   </div>
   <div class='ocr_carea' id='block_1_30' title="bbox 275 2914 1944 3001">
    <p class='ocr_par' dir='ltr' id='par_1_30' title="bbox 275 2914 1944 3001">
     <span class='ocr_line' id='line_1_30' title="bbox 275 2914 1944 3001; baseline 0.002 -30"><span class='ocrx_word' id='word_1_214' title='bbox 275 2996 279 3001; x_wconf 13' lang='grc'><em>,</em></span> <span class='ocrx_word' id='word_1_215' title='bbox 351 2916 587 2972; x_wconf 85' lang='lat' dir='ltr'><strong>cundum</strong></span> <span class='ocrx_word' id='word_1_216' title='bbox 622 2932 786 2971; x_wconf 89' lang='lat' dir='ltr'><strong>uuam</strong></span> <span class='ocrx_word' id='word_1_217' title='bbox 824 2925 881 2971; x_wconf 90' lang='lat' dir='ltr'><strong>et</strong></span> <span class='ocrx_word' id='word_1_218' title='bbox 907 2914 1284 2987; x_wconf 73' lang='lat' dir='ltr'><strong>incessabiletn</strong></span> <span class='ocrx_word' id='word_1_219' title='bbox 1322 2927 1379 2973; x_wconf 88' lang='lat' dir='ltr'><strong>et</strong></span> <span class='ocrx_word' id='word_1_220' title='bbox 1416 2919 1647 2973; x_wconf 83' lang='lat' dir='ltr'><strong>eandem</strong></span> <span class='ocrx_word' id='word_1_221' title='bbox 1687 2916 1712 2952; x_wconf 76' lang='grc'>⁸</span> <span class='ocrx_word' id='word_1_222' title='bbox 1762 2932 1859 2989; x_wconf 85' lang='lat' dir='ltr'><strong>per</strong></span> <span class='ocrx_word' id='word_1_223' title='bbox 1884 2932 1944 2974; x_wconf 84' lang='lat' dir='ltr'><strong>se</strong></span> 
     </span>
    </p>
   </div>
   <div class='ocr_carea' id='block_1_31' title="bbox 326 3004 1941 3079">
    <p class='ocr_par' dir='ltr' id='par_1_31' title="bbox 326 3004 1941 3079">
     <span class='ocr_line' id='line_1_31' title="bbox 326 3004 1941 3079; baseline 0.001 -16"><span class='ocrx_word' id='word_1_224' title='bbox 326 3004 730 3078; x_wconf 76' lang='lat' dir='ltr'><strong>‘superplenain</strong></span> <span class='ocrx_word' id='word_1_225' title='bbox 791 3014 849 3063; x_wconf 89' lang='lat' dir='ltr'><strong>et</strong></span> <span class='ocrx_word' id='word_1_226' title='bbox 896 3020 1007 3062; x_wconf 85' lang='lat' dir='ltr'><strong>non</strong></span> <span class='ocrx_word' id='word_1_227' title='bbox 1056 3006 1385 3063; x_wconf 77' lang='lat' dir='ltr'><strong>minoratan</strong></span> <span class='ocrx_word' id='word_1_228' title='bbox 1456 3005 1786 3079; x_wconf 79' lang='lat' dir='ltr'><strong>largitatem,</strong></span> <span class='ocrx_word' id='word_1_229' title='bbox 1816 3023 1941 3079; x_wconf 80' lang='lat' dir='ltr'><strong>.pcr</strong></span> 
     </span>
    </p>
   </div>
   <div class='ocr_carea' id='block_1_32' title="bbox 351 3090 2016 3174">
    <p class='ocr_par' dir='ltr' id='par_1_32' title="bbox 351 3090 2016 3174">
     <span class='ocr_line' id='line_1_32' title="bbox 351 3090 2016 3174; baseline -0.001 -20"><span class='ocrx_word' id='word_1_230' title='bbox 351 3114 519 3171; x_wconf 84' lang='lat' dir='ltr'><strong>quam</strong></span> <span class='ocrx_word' id='word_1_231' title='bbox 554 3099 796 3171; x_wconf 76' lang='lat' dir='ltr'><strong>perlecta</strong></span> <span class='ocrx_word' id='word_1_232' title='bbox 847 3098 1031 3157; x_wconf 80' lang='lat' dir='ltr'><strong>omnia</strong></span> <span class='ocrx_word' id='word_1_233' title='bbox 1082 3100 1300 3171; x_wconf 80' lang='lat' dir='ltr'><strong>perlicit</strong></span> <span class='ocrx_word' id='word_1_234' title='bbox 1328 3139 1346 3167; x_wconf 94' lang='lat'><strong>,</strong></span> <span class='ocrx_word' id='word_1_235' title='bbox 1395 3110 1450 3157; x_wconf 89' lang='lat' dir='ltr'><strong>et</strong></span> <span class='ocrx_word' id='word_1_236' title='bbox 1500 3102 1717 3173; x_wconf 89' lang='lat' dir='ltr'><strong>propria</strong></span> <span class='ocrx_word' id='word_1_237' title='bbox 1772 3102 1943 3174; x_wconf 82' lang='lat' dir='ltr'><strong>replet</strong></span> <span class='ocrx_word' id='word_1_238' title='bbox 1971 3090 2016 3153; x_wconf 82' lang='lat' dir='ltr'><strong>C</strong></span> 
     </span>
    </p>
   </div>
   <div class='ocr_carea' id='block_1_33' title="bbox 352 3187 1944 3262">
    <p class='ocr_par' dir='ltr' id='par_1_33' title="bbox 352 3187 1944 3262">
     <span class='ocr_line' id='line_1_33' title="bbox 352 3187 1944 3262; baseline 0.001 -15"><span class='ocrx_word' id='word_1_239' title='bbox 352 3189 710 3262; x_wconf 80' lang='lat' dir='ltr'><strong>perfectione.</strong></span> <span class='ocrx_word' id='word_1_240' title='bbox 754 3187 935 3245; x_wconf 84' lang='lat' dir='ltr'><strong>Unum</strong></span> <span class='ocrx_word' id='word_1_241' title='bbox 977 3205 1131 3252; x_wconf 77' lang='lat' dir='ltr'><strong>vero.</strong></span> <span class='ocrx_word' id='word_1_242' title='bbox 1174 3190 1303 3261; x_wconf 90' lang='lat' dir='ltr'><strong>quia</strong></span> <span class='ocrx_word' id='word_1_243' title='bbox 1342 3190 1525 3247; x_wconf 82' lang='lat' dir='ltr'><strong>omnia</strong></span> <span class='ocrx_word' id='word_1_244' title='bbox 1566 3190 1944 3248; x_wconf 79' lang='lat' dir='ltr'><strong>universalitcr</strong></span> 
     </span>
    </p>
   </div>
   <div class='ocr_carea' id='block_1_34' title="bbox 354 3280 1945 3351">
    <p class='ocr_par' dir='ltr' id='par_1_34' title="bbox 354 3280 1945 3351">
     <span class='ocr_line' id='line_1_34' title="bbox 354 3280 1945 3351; baseline 0.003 -18"><span class='ocrx_word' id='word_1_245' title='bbox 354 3288 578 3351; x_wconf 80' lang='lat' dir='ltr'><strong>estper</strong></span> <span class='ocrx_word' id='word_1_246' title='bbox 613 3280 777 3335; x_wconf 90' lang='lat' dir='ltr'><strong>unius</strong></span> <span class='ocrx_word' id='word_1_247' title='bbox 822 3280 1050 3335; x_wconf 86' lang='lat' dir='ltr'><strong>unitatis</strong></span> <span class='ocrx_word' id='word_1_248' title='bbox 1110 3280 1492 3338; x_wconf 63' lang='lat' dir='ltr'><strong>excellentiam</strong></span> <span class='ocrx_word' id='word_1_249' title='bbox 1518 3323 1535 3348; x_wconf 91' lang='lat'><strong>,</strong></span> <span class='ocrx_word' id='word_1_250' title='bbox 1599 3292 1656 3338; x_wconf 90' lang='lat' dir='ltr'><strong>et</strong></span> <span class='ocrx_word' id='word_1_251' title='bbox 1700 3282 1945 3339; x_wconf 72' lang='lat' dir='ltr'><strong>eundum</strong></span> 
     </span>
    </p>
   </div>
   <div class='ocr_carea' id='block_1_35' title="bbox 353 3368 1944 3435">
    <p class='ocr_par' dir='ltr' id='par_1_35' title="bbox 353 3368 1944 3435">
     <span class='ocr_line' id='line_1_35' title="bbox 353 3368 1944 3435; baseline 0.001 -8"><span class='ocrx_word' id='word_1_252' title='bbox 353 3379 441 3428; x_wconf 84' lang='lat' dir='ltr'><strong>est</strong></span> <span class='ocrx_word' id='word_1_253' title='bbox 468 3381 524 3427; x_wconf 82' lang='lat' dir='ltr'><strong>et</strong></span> <span class='ocrx_word' id='word_1_254' title='bbox 552 3370 715 3427; x_wconf 84' lang='lat' dir='ltr'><strong>unius</strong></span> <span class='ocrx_word' id='word_1_255' title='bbox 742 3370 1185 3435; x_wconf 81' lang='lat' dir='ltr'><strong>irrcversibiliter</strong></span> <span class='ocrx_word' id='word_1_256' title='bbox 1224 3373 1462 3430; x_wconf 82' lang='lat' dir='ltr'><strong>causalis</strong></span> <span class='ocrx_word' id='word_1_257' title='bbox 1492 3392 1525 3429; x_wconf 73' lang='grc' dir='ltr'><strong>ς·</strong></span> <span class='ocrx_word' id='word_1_258' title='bbox 1547 3374 1754 3429; x_wconf 85' lang='lat' dir='ltr'><strong>nullum</strong></span> <span class='ocrx_word' id='word_1_259' title='bbox 1782 3368 1944 3430; x_wconf 85' lang='lat' dir='ltr'><strong>enim</strong></span> 
     </span>
    </p>
   </div>
   <div class='ocr_carea' id='block_1_36' title="bbox 341 3464 1950 3547">
    <p class='ocr_par' dir='ltr' id='par_1_36' title="bbox 341 3464 1950 3547">
     <span class='ocr_line' id='line_1_36' title="bbox 341 3464 1950 3547; baseline 0.002 -27"><span class='ocrx_word' id='word_1_260' title='bbox 341 3464 706 3547; x_wconf 33' lang='lat' dir='ltr'><strong>.existentimn</strong></span> <span class='ocrx_word' id='word_1_261' title='bbox 753 3475 837 3521; x_wconf 87' lang='lat' dir='ltr'><strong>est</strong></span> <span class='ocrx_word' id='word_1_262' title='bbox 895 3481 1003 3521; x_wconf 91' lang='lat' dir='ltr'><strong>non</strong></span> <span class='ocrx_word' id='word_1_263' title='bbox 1038 3465 1376 3537; x_wconf 87' lang='lat' dir='ltr'><strong>participans</strong></span> <span class='ocrx_word' id='word_1_264' title='bbox 1438 3465 1622 3533; x_wconf 90' lang='lat' dir='ltr'><strong>unius,</strong></span> <span class='ocrx_word' id='word_1_265' title='bbox 1663 3468 1759 3524; x_wconf 89' lang='lat' dir='ltr'><strong>sed</strong></span> <span class='ocrx_word' id='word_1_266' title='bbox 1806 3469 1950 3524; x_wconf 87' lang='lat' dir='ltr'><strong>sicut</strong></span> 
     </span>
    </p>
   </div>
   <div class='ocr_carea' id='block_1_37' title="bbox 355 3556 1946 3631">
    <p class='ocr_par' dir='ltr' id='par_1_37' title="bbox 355 3556 1946 3631">
     <span class='ocr_line' id='line_1_37' title="bbox 355 3556 1946 3631; baseline 0.003 -18"><span class='ocrx_word' id='word_1_267' title='bbox 355 3556 516 3613; x_wconf 87' lang='lat' dir='ltr'><strong>sinml</strong></span> <span class='ocrx_word' id='word_1_268' title='bbox 542 3557 719 3613; x_wconf 88' lang='lat' dir='ltr'><strong>onmis</strong></span> <span class='ocrx_word' id='word_1_269' title='bbox 752 3572 1009 3615; x_wconf 87' lang='lat' dir='ltr'><strong>numerus</strong></span> <span class='ocrx_word' id='word_1_270' title='bbox 1035 3558 1265 3615; x_wconf 80' lang='lat' dir='ltr'><strong>nionade</strong></span> <span class='ocrx_word' id='word_1_271' title='bbox 1302 3560 1324 3591; x_wconf 76' lang='grc'><strong>⁸</strong></span> <span class='ocrx_word' id='word_1_272' title='bbox 1354 3559 1666 3631; x_wconf 77' lang='lat' dir='ltr'><strong>participat,</strong></span> <span class='ocrx_word' id='word_1_273' title='bbox 1695 3569 1750 3617; x_wconf 88' lang='lat' dir='ltr'><strong>et</strong></span> <span class='ocrx_word' id='word_1_274' title='bbox 1778 3575 1946 3617; x_wconf 91' lang='lat' dir='ltr'><strong>unum</strong></span> 
     </span>
    </p>
   </div>
   <div class='ocr_carea' id='block_1_38' title="bbox 357 3647 1948 3717">
    <p class='ocr_par' dir='ltr' id='par_1_38' title="bbox 357 3647 1948 3717">
     <span class='ocr_line' id='line_1_38' title="bbox 357 3647 1948 3717; baseline 0.004 -14"><span class='ocrx_word' id='word_1_275' title='bbox 357 3649 465 3704; x_wconf 90' lang='lat' dir='ltr'><strong>duo</strong></span> <span class='ocrx_word' id='word_1_276' title='bbox 501 3657 559 3702; x_wconf 87' lang='lat' dir='ltr'><strong>et</strong></span> <span class='ocrx_word' id='word_1_277' title='bbox 606 3647 794 3704; x_wconf 88' lang='lat' dir='ltr'><strong>decem</strong></span> <span class='ocrx_word' id='word_1_278' title='bbox 837 3650 1063 3713; x_wconf 85' lang='lat' dir='ltr'><strong>dicitur,</strong></span> <span class='ocrx_word' id='word_1_279' title='bbox 1090 3660 1148 3704; x_wconf 90' lang='lat' dir='ltr'><strong>et</strong></span> <span class='ocrx_word' id='word_1_280' title='bbox 1176 3650 1343 3707; x_wconf 86' lang='lat' dir='ltr'><strong>semis</strong></span> <span class='ocrx_word' id='word_1_281' title='bbox 1382 3666 1580 3717; x_wconf 88' lang='lat' dir='ltr'><strong>unum,</strong></span> <span class='ocrx_word' id='word_1_282' title='bbox 1623 3662 1682 3707; x_wconf 87' lang='lat' dir='ltr'><strong>et</strong></span> <span class='ocrx_word' id='word_1_283' title='bbox 1726 3652 1948 3709; x_wconf 84' lang='lat' dir='ltr'><strong>tertium</strong></span> 
     </span>
    </p>
   </div>
   <div class='ocr_carea' id='block_1_39' title="bbox 353 3733 1948 3817">
    <p class='ocr_par' dir='ltr' id='par_1_39' title="bbox 353 3733 1948 3817">
     <span class='ocr_line' id='line_1_39' title="bbox 353 3733 1948 3817; baseline 0.003 -22"><span class='ocrx_word' id='word_1_284' title='bbox 353 3746 412 3795; x_wconf 91' lang='lat' dir='ltr'><strong>et</strong></span> <span class='ocrx_word' id='word_1_285' title='bbox 467 3738 740 3795; x_wconf 82' lang='lat' dir='ltr'><strong>decinnim</strong></span> <span class='ocrx_word' id='word_1_286' title='bbox 782 3757 948 3795; x_wconf 90' lang='lat' dir='ltr'><strong>unum</strong></span> <span class='ocrx_word' id='word_1_287' title='bbox 999 3758 1013 3795; x_wconf 92' lang='lat'><strong>:</strong></span> <span class='ocrx_word' id='word_1_288' title='bbox 1059 3733 1142 3797; x_wconf 79' lang='lat' dir='ltr'><strong>sic</strong></span> <span class='ocrx_word' id='word_1_289' title='bbox 1184 3741 1366 3798; x_wconf 81' lang='lat' dir='ltr'><strong>Omnia</strong></span> <span class='ocrx_word' id='word_1_290' title='bbox 1414 3752 1473 3798; x_wconf 87' lang='lat' dir='ltr'><strong>et</strong></span> <span class='ocrx_word' id='word_1_291' title='bbox 1524 3744 1769 3817; x_wconf 89' lang='lat' dir='ltr'><strong>omnium</strong></span> <span class='ocrx_word' id='word_1_292' title='bbox 1819 3758 1948 3815; x_wconf 83' lang='lat' dir='ltr'><strong>pars</strong></span> 
     </span>
    </p>
   </div>
   <div class='ocr_carea' id='block_1_40' title="bbox 358 3831 1948 3902">
    <p class='ocr_par' dir='ltr' id='par_1_40' title="bbox 358 3831 1948 3902">
     <span class='ocr_line' id='line_1_40' title="bbox 358 3831 1948 3902; baseline 0.004 -18"><span class='ocrx_word' id='word_1_293' title='bbox 358 3846 524 3885; x_wconf 89' lang='lat' dir='ltr'><strong>unum</strong></span> <span class='ocrx_word' id='word_1_294' title='bbox 564 3831 894 3902; x_wconf 78' lang='lat' dir='ltr'><strong>participant</strong></span> <span class='ocrx_word' id='word_1_295' title='bbox 932 3831 975 3898; x_wconf 84' lang='grc'><strong>³,</strong></span> <span class='ocrx_word' id='word_1_296' title='bbox 1007 3840 1063 3888; x_wconf 91' lang='lat' dir='ltr'><strong>et</strong></span> <span class='ocrx_word' id='word_1_297' title='bbox 1104 3834 1336 3891; x_wconf 82' lang='lat' dir='ltr'><strong>esscndo</strong></span> <span class='ocrx_word' id='word_1_298' title='bbox 1382 3850 1548 3892; x_wconf 75' lang='lat' dir='ltr'><strong>tutum</strong></span> <span class='ocrx_word' id='word_1_299' title='bbox 1600 3833 1784 3891; x_wconf 89' lang='lat' dir='ltr'><strong>omnia</strong></span> <span class='ocrx_word' id='word_1_300' title='bbox 1820 3850 1948 3893; x_wconf 90' lang='lat' dir='ltr'><strong>sunt</strong></span> 
     </span>
    </p>
   </div>
   <div class='ocr_carea' id='block_1_41' title="bbox 357 3923 1948 3989">
    <p class='ocr_par' dir='ltr' id='par_1_41' title="bbox 357 3923 1948 3989">
     <span class='ocr_line' id='line_1_41' title="bbox 357 3923 1948 3989; baseline 0.003 -11"><span class='ocrx_word' id='word_1_301' title='bbox 357 3923 673 3979; x_wconf 79' lang='lat' dir='ltr'><strong>existentia.</strong></span> <span class='ocrx_word' id='word_1_302' title='bbox 722 3923 788 3978; x_wconf 86' lang='lat' dir='ltr'><strong>Et</strong></span> <span class='ocrx_word' id='word_1_303' title='bbox 816 3938 923 3978; x_wconf 92' lang='lat' dir='ltr'><strong>non</strong></span> <span class='ocrx_word' id='word_1_304' title='bbox 948 3932 1036 3980; x_wconf 89' lang='lat' dir='ltr'><strong>est</strong></span> <span class='ocrx_word' id='word_1_305' title='bbox 1070 3924 1312 3981; x_wconf 88' lang='lat' dir='ltr'><strong>omnium</strong></span> <span class='ocrx_word' id='word_1_306' title='bbox 1343 3939 1511 3980; x_wconf 86' lang='lat' dir='ltr'><strong>causa</strong></span> <span class='ocrx_word' id='word_1_307' title='bbox 1544 3938 1732 3989; x_wconf 87' lang='lat' dir='ltr'><strong>unum.</strong></span> <span class='ocrx_word' id='word_1_308' title='bbox 1764 3926 1948 3982; x_wconf 86' lang='lat' dir='ltr'><strong>multis</strong></span> 
     </span>
    </p>
   </div>
   <div class='ocr_carea' id='block_1_42' title="bbox 357 4014 1950 4081">
    <p class='ocr_par' dir='ltr' id='par_1_42' title="bbox 357 4014 1950 4081">
     <span class='ocr_line' id='line_1_42' title="bbox 357 4014 1950 4081; baseline 0.002 -13"><span class='ocrx_word' id='word_1_309' title='bbox 357 4028 527 4069; x_wconf 87' lang='lat' dir='ltr'><strong>unum</strong></span> <span class='ocrx_word' id='word_1_310' title='bbox 555 4031 570 4068; x_wconf 87' lang='lat'><strong>:</strong></span> <span class='ocrx_word' id='word_1_311' title='bbox 604 4014 701 4069; x_wconf 88' lang='lat' dir='ltr'><strong>sed</strong></span> <span class='ocrx_word' id='word_1_312' title='bbox 739 4023 866 4069; x_wconf 87' lang='lat' dir='ltr'><strong>ante</strong></span> <span class='ocrx_word' id='word_1_313' title='bbox 896 4030 1060 4071; x_wconf 74' lang='lat' dir='ltr'><strong>omiie</strong></span> <span class='ocrx_word' id='word_1_314' title='bbox 1090 4030 1255 4070; x_wconf 82' lang='lat' dir='ltr'><strong>lttllllll</strong></span> <span class='ocrx_word' id='word_1_315' title='bbox 1290 4014 1792 4071; x_wconf 39' lang='lat' dir='ltr'><strong>et‘mnltitmlinem</strong></span> <span class='ocrx_word' id='word_1_316' title='bbox 1822 4055 1839 4081; x_wconf 91' lang='lat'><strong>,</strong></span> <span class='ocrx_word' id='word_1_317' title='bbox 1892 4023 1950 4071; x_wconf 87' lang='lat' dir='ltr'><strong>et</strong></span> 
     </span>
    </p>
   </div>
   <div class='ocr_carea' id='block_1_43' title="bbox 358 4103 1947 4175">
    <p class='ocr_par' dir='ltr' id='par_1_43' title="bbox 358 4103 1947 4175">
     <span class='ocr_line' id='line_1_43' title="bbox 358 4103 1947 4175; baseline 0 -15"><span class='ocrx_word' id='word_1_318' title='bbox 358 4118 521 4160; x_wconf 89' lang='lat' dir='ltr'><strong>omne</strong></span> <span class='ocrx_word' id='word_1_319' title='bbox 542 4120 708 4175; x_wconf 85' lang='lat' dir='ltr'><strong>unum</strong></span> <span class='ocrx_word' id='word_1_320' title='bbox 736 4114 792 4161; x_wconf 88' lang='lat' dir='ltr'><strong>et</strong></span> <span class='ocrx_word' id='word_1_321' title='bbox 812 4104 1212 4162; x_wconf 75' lang='lat' dir='ltr'><strong>multitudinem</strong></span> <span class='ocrx_word' id='word_1_322' title='bbox 1239 4104 1262 4136; x_wconf 76' lang='grc'><strong>’⁵</strong></span> <span class='ocrx_word' id='word_1_323' title='bbox 1285 4105 1559 4162; x_wconf 78' lang='lat' dir='ltr'><strong>terminat.</strong></span> <span class='ocrx_word' id='word_1_324' title='bbox 1597 4103 1781 4175; x_wconf 79' lang='lat' dir='ltr'><strong>Neque</strong></span> <span class='ocrx_word' id='word_1_325' title='bbox 1801 4105 1947 4162; x_wconf 87' lang='lat' dir='ltr'><strong>enim</strong></span> 
     </span>
    </p>
   </div>
   <div class='ocr_carea' id='block_1_44' title="bbox 357 4195 1951 4269">
    <p class='ocr_par' dir='ltr' id='par_1_44' title="bbox 357 4195 1951 4269">
     <span class='ocr_line' id='line_1_44' title="bbox 357 4195 1951 4269; baseline 0.001 -17"><span class='ocrx_word' id='word_1_326' title='bbox 357 4204 443 4253; x_wconf 85' lang='lat' dir='ltr'><strong>est</strong></span> <span class='ocrx_word' id='word_1_327' title='bbox 496 4196 783 4252; x_wconf 89' lang='lat' dir='ltr'><strong>multitudo</strong></span> <span class='ocrx_word' id='word_1_328' title='bbox 827 4211 934 4255; x_wconf 89' lang='lat' dir='ltr'><strong>non</strong></span> <span class='ocrx_word' id='word_1_329' title='bbox 969 4195 1304 4269; x_wconf 83' lang='lat' dir='ltr'><strong>participans</strong></span> <span class='ocrx_word' id='word_1_330' title='bbox 1327 4197 1457 4269; x_wconf 88' lang='lat' dir='ltr'><strong>quid</strong></span> <span class='ocrx_word' id='word_1_331' title='bbox 1480 4196 1642 4254; x_wconf 89' lang='lat' dir='ltr'><strong>unius</strong></span> <span class='ocrx_word' id='word_1_332' title='bbox 1676 4196 1814 4254; x_wconf 81' lang='lat' dir='ltr'><strong>:sed</strong></span> <span class='ocrx_word' id='word_1_333' title='bbox 1848 4198 1951 4253; x_wconf 80' lang='lat' dir='ltr'><strong>hoc</strong></span> 
     </span>
    </p>
   </div>
   <div class='ocr_carea' id='block_1_45' title="bbox 361 4278 1949 4360">
    <p class='ocr_par' dir='ltr' id='par_1_45' title="bbox 361 4278 1949 4360">
     <span class='ocr_line' id='line_1_45' title="bbox 361 4278 1949 4360; baseline 0.001 -18"><span class='ocrx_word' id='word_1_334' title='bbox 361 4278 577 4360; x_wconf 79' lang='lat' dir='ltr'><strong>quidem</strong></span> <span class='ocrx_word' id='word_1_335' title='bbox 622 4288 794 4345; x_wconf 84' lang='lat' dir='ltr'><strong>multa</strong></span> <span class='ocrx_word' id='word_1_336' title='bbox 847 4290 1116 4360; x_wconf 87' lang='lat' dir='ltr'><strong>partibus,</strong></span> <span class='ocrx_word' id='word_1_337' title='bbox 1152 4305 1320 4345; x_wconf 90' lang='lat' dir='ltr'><strong>unum</strong></span> <span class='ocrx_word' id='word_1_338' title='bbox 1367 4298 1483 4346; x_wconf 89' lang='lat' dir='ltr'><strong>toto</strong></span> <span class='ocrx_word' id='word_1_339' title='bbox 1510 4307 1525 4344; x_wconf 91' lang='lat'><strong>:</strong></span> <span class='ocrx_word' id='word_1_340' title='bbox 1554 4297 1611 4345; x_wconf 90' lang='lat' dir='ltr'><strong>et</strong></span> <span class='ocrx_word' id='word_1_341' title='bbox 1643 4289 1748 4346; x_wconf 85' lang='lat' dir='ltr'><strong>hoc</strong></span> <span class='ocrx_word' id='word_1_342' title='bbox 1782 4288 1949 4346; x_wconf 89' lang='lat' dir='ltr'><strong>multa</strong></span> 
     </span>
    </p>
   </div>
   <div class='ocr_carea' id='block_1_46' title="bbox 360 4378 1951 4452">
    <p class='ocr_par' dir='ltr' id='par_1_46' title="bbox 360 4378 1951 4452">
     <span class='ocr_line' id='line_1_46' title="bbox 360 4378 1951 4452; baseline 0.001 -17"><span class='ocrx_word' id='word_1_343' title='bbox 360 4378 772 4445; x_wconf 85' lang='lat' dir='ltr'><strong>accidentibus,</strong></span> <span class='ocrx_word' id='word_1_344' title='bbox 819 4394 987 4435; x_wconf 90' lang='lat' dir='ltr'><strong>unum</strong></span> <span class='ocrx_word' id='word_1_345' title='bbox 1028 4379 1274 4452; x_wconf 83' lang='lat' dir='ltr'><strong>subjecto</strong></span> <span class='ocrx_word' id='word_1_346' title='bbox 1314 4392 1331 4435; x_wconf 86' lang='lat'><strong>:</strong></span> <span class='ocrx_word' id='word_1_347' title='bbox 1384 4390 1440 4436; x_wconf 85' lang='lat' dir='ltr'><strong>et</strong></span> <span class='ocrx_word' id='word_1_348' title='bbox 1484 4382 1590 4437; x_wconf 86' lang='lat' dir='ltr'><strong>hoc</strong></span> <span class='ocrx_word' id='word_1_349' title='bbox 1637 4380 1808 4437; x_wconf 86' lang='lat' dir='ltr'><strong>multa</strong></span> <span class='ocrx_word' id='word_1_350' title='bbox 1851 4397 1951 4437; x_wconf 86' lang='lat' dir='ltr'><strong>nu-</strong></span> 
     </span>
    </p>
   </div>
   <div class='ocr_carea' id='block_1_47' title="bbox 2024 612 3661 702">
    <p class='ocr_par' dir='ltr' id='par_1_47' title="bbox 2024 612 3661 702">
     <span class='ocr_line' id='line_1_47' title="bbox 2024 612 3661 702; baseline -0.001 -16"><span class='ocrx_word' id='word_1_351' title='bbox 2024 644 2201 701; x_wconf 85' lang='lat' dir='ltr'><strong>nequc</strong></span> <span class='ocrx_word' id='word_1_352' title='bbox 2236 644 2366 702; x_wconf 79' lang='lat' dir='ltr'><strong>pars</strong></span> <span class='ocrx_word' id='word_1_353' title='bbox 2398 629 2441 697; x_wconf 82' lang='lat'><strong>&#39;,</strong></span> <span class='ocrx_word' id='word_1_354' title='bbox 2480 642 2656 701; x_wconf 84' lang='lat' dir='ltr'><strong>neque</strong></span> <span class='ocrx_word' id='word_1_355' title='bbox 2681 628 2829 685; x_wconf 82' lang='lat' dir='ltr'><strong>aliud</strong></span> <span class='ocrx_word' id='word_1_356' title='bbox 2863 626 3067 700; x_wconf 85' lang='lat' dir='ltr'><strong>aliquid</strong></span> <span class='ocrx_word' id='word_1_357' title='bbox 3093 612 3440 684; x_wconf 74' lang='lat' dir='ltr'><strong>existentium</strong></span> <span class='ocrx_word' id='word_1_358' title='bbox 3466 625 3614 682; x_wconf 87' lang='lat' dir='ltr'><strong>erit:</strong></span> <span class='ocrx_word' id='word_1_359' title='bbox 3656 680 3661 685; x_wconf 82' lang='lat'><strong>.</strong></span> 
     </span>
    </p>
   </div>
   <div class='ocr_carea' id='block_1_48' title="bbox 2021 715 3689 797">
    <p class='ocr_par' dir='ltr' id='par_1_48' title="bbox 2021 715 3689 797">
     <span class='ocr_line' id='line_1_48' title="bbox 2021 715 3689 797; baseline -0.004 -19"><span class='ocrx_word' id='word_1_360' title='bbox 2021 718 2203 778; x_wconf 84' lang='lat' dir='ltr'><strong>omnia</strong></span> <span class='ocrx_word' id='word_1_361' title='bbox 2229 722 2375 779; x_wconf 87' lang='lat' dir='ltr'><strong>enim</strong></span> <span class='ocrx_word' id='word_1_362' title='bbox 2419 720 2472 777; x_wconf 89' lang='lat' dir='ltr'><strong>in</strong></span> <span class='ocrx_word' id='word_1_363' title='bbox 2505 721 2687 792; x_wconf 80' lang='lat' dir='ltr'><strong>seipso</strong></span> <span class='ocrx_word' id='word_1_364' title='bbox 2714 735 2883 775; x_wconf 85' lang='lat' dir='ltr'><strong>unum</strong></span> <span class='ocrx_word' id='word_1_365' title='bbox 2926 718 3274 776; x_wconf 81' lang='lat' dir='ltr'><strong>uniformiter</strong></span> <span class='ocrx_word' id='word_1_366' title='bbox 3314 715 3618 788; x_wconf 70' lang='lat' dir='ltr'><strong>procumbit</strong></span> <span class='ocrx_word' id='word_1_367' title='bbox 3685 791 3689 797; x_wconf 30' lang='lat'><em>.</em></span> 
     </span>
    </p>
   </div>
   <div class='ocr_carea' id='block_1_49' title="bbox 2020 808 3620 887">
    <p class='ocr_par' dir='ltr' id='par_1_49' title="bbox 2020 808 3620 887">
     <span class='ocr_line' id='line_1_49' title="bbox 2020 808 3620 887; baseline -0.002 -19"><span class='ocrx_word' id='word_1_368' title='bbox 2020 824 2077 878; x_wconf 80' lang='lat' dir='ltr'><strong>et</strong></span> <span class='ocrx_word' id='word_1_369' title='bbox 2124 813 2639 887; x_wconf 83' lang='lat' dir='ltr'><strong>circumprebendit.</strong></span> <span class='ocrx_word' id='word_1_370' title='bbox 2695 812 2816 885; x_wconf 85' lang='lat' dir='ltr'><strong>ipsa</strong></span> <span class='ocrx_word' id='word_1_371' title='bbox 2883 812 3050 884; x_wconf 79' lang='lat' dir='ltr'><strong>igitur</strong></span> <span class='ocrx_word' id='word_1_372' title='bbox 3115 808 3384 881; x_wconf 74' lang='lat' dir='ltr'><strong>theologia</strong></span> <span class='ocrx_word' id='word_1_373' title='bbox 3450 816 3620 865; x_wconf 82' lang='lat' dir='ltr'><strong>totam</strong></span> 
     </span>
    </p>
   </div>
   <div class='ocr_carea' id='block_1_50' title="bbox 2027 892 3655 971">
    <p class='ocr_par' dir='ltr' id='par_1_50' title="bbox 2027 892 3655 971">
     <span class='ocr_line' id='line_1_50' title="bbox 2027 892 3655 971; baseline -0.003 -10"><span class='ocrx_word' id='word_1_374' title='bbox 2027 906 2382 971; x_wconf 82' lang='lat' dir='ltr'><strong>tbearcbiam,</strong></span> <span class='ocrx_word' id='word_1_375' title='bbox 2406 917 2468 963; x_wconf 90' lang='lat' dir='ltr'><strong>ut</strong></span> <span class='ocrx_word' id='word_1_376' title='bbox 2502 906 2746 964; x_wconf 86' lang='lat' dir='ltr'><strong>omnium</strong></span> <span class='ocrx_word' id='word_1_377' title='bbox 2776 923 3015 969; x_wconf 86' lang='lat' dir='ltr'><strong>causam.</strong></span> <span class='ocrx_word' id='word_1_378' title='bbox 3066 904 3250 960; x_wconf 84' lang='lat' dir='ltr'><strong>laudat</strong></span> <span class='ocrx_word' id='word_1_379' title='bbox 3274 902 3435 958; x_wconf 89' lang='lat' dir='ltr'><strong>unius</strong></span> <span class='ocrx_word' id='word_1_380' title='bbox 3460 914 3621 957; x_wconf 79' lang='lat' dir='ltr'><strong>voca-</strong></span> <span class='ocrx_word' id='word_1_381' title='bbox 3652 892 3655 893; x_wconf 39' lang='grc'><strong><em>⁷</em></strong></span> 
     </span>
    </p>
   </div>
   <div class='ocr_carea' id='block_1_51' title="bbox 2023 986 3621 1071">
    <p class='ocr_par' dir='ltr' id='par_1_51' title="bbox 2023 986 3621 1071">
     <span class='ocr_line' id='line_1_51' title="bbox 2023 986 3621 1071; baseline -0.003 -16"><span class='ocrx_word' id='word_1_382' title='bbox 2023 994 2172 1064; x_wconf 84' lang='lat' dir='ltr'><strong>bule,</strong></span> <span class='ocrx_word' id='word_1_383' title='bbox 2226 1008 2278 1055; x_wconf 87' lang='lat' dir='ltr'><strong>et</strong></span> <span class='ocrx_word' id='word_1_384' title='bbox 2309 1014 2450 1056; x_wconf 73' lang='lat' dir='ltr'><strong>linus</strong></span> <span class='ocrx_word' id='word_1_385' title='bbox 2494 1000 2637 1056; x_wconf 86' lang='lat' dir='ltr'><strong>Deus</strong></span> <span class='ocrx_word' id='word_1_386' title='bbox 2664 986 2841 1071; x_wconf 84' lang='lat' dir='ltr'><strong>pater,</strong></span> <span class='ocrx_word' id='word_1_387' title='bbox 2873 1008 2932 1055; x_wconf 88' lang='lat' dir='ltr'><strong>et</strong></span> <span class='ocrx_word' id='word_1_388' title='bbox 2978 1012 3119 1055; x_wconf 85' lang='lat' dir='ltr'><strong>unus</strong></span> <span class='ocrx_word' id='word_1_389' title='bbox 3170 994 3429 1052; x_wconf 83' lang='lat' dir='ltr'><strong>Dominus</strong></span> <span class='ocrx_word' id='word_1_390' title='bbox 3458 991 3621 1050; x_wconf 82' lang='lat' dir='ltr'><strong>.lesus</strong></span> 
     </span>
    </p>
   </div>
   <div class='ocr_carea' id='block_1_52' title="bbox 2025 1082 3621 1161">
    <p class='ocr_par' dir='ltr' id='par_1_52' title="bbox 2025 1082 3621 1161">
     <span class='ocr_line' id='line_1_52' title="bbox 2025 1082 3621 1161; baseline -0.005 -17"><span class='ocrx_word' id='word_1_391' title='bbox 2025 1090 2476 1157; x_wconf 31' lang='lat' dir='ltr'><strong>Christuspunus</strong></span> <span class='ocrx_word' id='word_1_392' title='bbox 2514 1082 2707 1146; x_wconf 83' lang='lat' dir='ltr'><strong>autem</strong></span> <span class='ocrx_word' id='word_1_393' title='bbox 2759 1097 2815 1146; x_wconf 87' lang='lat' dir='ltr'><strong>et</strong></span> <span class='ocrx_word' id='word_1_394' title='bbox 2860 1089 2977 1161; x_wconf 72' lang='lat' dir='ltr'><strong>ipse</strong></span> <span class='ocrx_word' id='word_1_395' title='bbox 3022 1086 3270 1158; x_wconf 69' lang='lat' dir='ltr'><strong>Spiritus,</strong></span> <span class='ocrx_word' id='word_1_396' title='bbox 3303 1100 3399 1154; x_wconf 71' lang='grc' dir='ltr'><strong>ρετ</strong></span> <span class='ocrx_word' id='word_1_397' title='bbox 3428 1098 3621 1153; x_wconf 85' lang='lat' dir='ltr'><strong>snper-</strong></span> 
     </span>
    </p>
   </div>
   <div class='ocr_carea' id='block_1_53' title="bbox 2026 1174 3619 1249">
    <p class='ocr_par' dir='ltr' id='par_1_53' title="bbox 2026 1174 3619 1249">
     <span class='ocr_line' id='line_1_53' title="bbox 2026 1174 3619 1249; baseline -0.005 -14"><span class='ocrx_word' id='word_1_398' title='bbox 2026 1180 2379 1236; x_wconf 81' lang='lat' dir='ltr'><strong>cxcellcntem</strong></span> <span class='ocrx_word' id='word_1_399' title='bbox 2410 1179 2575 1238; x_wconf 85' lang='lat' dir='ltr'><strong>totius</strong></span> <span class='ocrx_word' id='word_1_400' title='bbox 2601 1180 2818 1237; x_wconf 79' lang='lat' dir='ltr'><strong>divinae</strong></span> <span class='ocrx_word' id='word_1_401' title='bbox 2843 1178 3066 1236; x_wconf 80' lang='lat' dir='ltr'><strong>unitatis</strong></span> <span class='ocrx_word' id='word_1_402' title='bbox 3109 1174 3619 1249; x_wconf 84' lang='lat' dir='ltr'><strong>impartibilitatem,</strong></span> 
     </span>
    </p>
   </div>
   <div class='ocr_carea' id='block_1_54' title="bbox 2028 1258 3623 1353">
    <p class='ocr_par' dir='ltr' id='par_1_54' title="bbox 2028 1258 3623 1353">
     <span class='ocr_line' id='line_1_54' title="bbox 2028 1258 3623 1353; baseline -0.006 -26"><span class='ocrx_word' id='word_1_403' title='bbox 2028 1272 2082 1327; x_wconf 89' lang='lat' dir='ltr'><strong>in</strong></span> <span class='ocrx_word' id='word_1_404' title='bbox 2114 1258 2218 1344; x_wconf 84' lang='lat' dir='ltr'><strong>qua</strong></span> <span class='ocrx_word' id='word_1_405' title='bbox 2258 1273 2442 1330; x_wconf 88' lang='lat' dir='ltr'><strong>omnia</strong></span> <span class='ocrx_word' id='word_1_406' title='bbox 2494 1261 2850 1353; x_wconf 66' lang='lat' dir='ltr'><strong>singulariter</strong></span> <span class='ocrx_word' id='word_1_407' title='bbox 2885 1278 3302 1332; x_wconf 74' lang='lat' dir='ltr'><strong>connectuntur,</strong></span> <span class='ocrx_word' id='word_1_408' title='bbox 3333 1275 3391 1320; x_wconf 86' lang='lat' dir='ltr'><strong>et</strong></span> <span class='ocrx_word' id='word_1_409' title='bbox 3428 1280 3623 1337; x_wconf 54' lang='lat' dir='ltr'><strong>super-</strong></span> 
     </span>
    </p>
   </div>
   <div class='ocr_carea' id='block_1_55' title="bbox 2029 1351 3629 1434">
    <p class='ocr_par' dir='ltr' id='par_1_55' title="bbox 2029 1351 3629 1434">
     <span class='ocr_line' id='line_1_55' title="bbox 2029 1351 3629 1434; baseline -0.008 -14"><span class='ocrx_word' id='word_1_410' title='bbox 2029 1365 2309 1429; x_wconf 91' lang='lat' dir='ltr'><strong>uniuntur,</strong></span> <span class='ocrx_word' id='word_1_411' title='bbox 2362 1372 2419 1420; x_wconf 88' lang='lat' dir='ltr'><strong>et</strong></span> <span class='ocrx_word' id='word_1_412' title='bbox 2470 1361 2627 1418; x_wconf 86' lang='lat' dir='ltr'><strong>adest</strong></span> <span class='ocrx_word' id='word_1_413' title='bbox 2676 1351 3220 1434; x_wconf 82' lang='lat' dir='ltr'><strong>superessentialiter.</strong></span> <span class='ocrx_word' id='word_1_414' title='bbox 3280 1351 3513 1413; x_wconf 83' lang='lat' dir='ltr'><strong>Proinde</strong></span> <span class='ocrx_word' id='word_1_415' title='bbox 3566 1359 3629 1409; x_wconf 84' lang='lat' dir='ltr'><strong>et</strong></span> 
     </span>
    </p>
   </div>
   <div class='ocr_carea' id='block_1_56' title="bbox 2029 1446 3684 1524">
    <p class='ocr_par' dir='ltr' id='par_1_56' title="bbox 2029 1446 3684 1524">
     <span class='ocr_line' id='line_1_56' title="bbox 2029 1446 3684 1524; baseline -0.01 -13"><span class='ocrx_word' id='word_1_416' title='bbox 2029 1455 2212 1511; x_wconf 89' lang='lat' dir='ltr'><strong>onmia</strong></span> <span class='ocrx_word' id='word_1_417' title='bbox 2264 1454 2318 1508; x_wconf 92' lang='lat' dir='ltr'><strong>in</strong></span> <span class='ocrx_word' id='word_1_418' title='bbox 2352 1453 2523 1524; x_wconf 84' lang='lat' dir='ltr'><strong>ipsam</strong></span> <span class='ocrx_word' id='word_1_419' title='bbox 2570 1449 2718 1522; x_wconf 80' lang='lat' dir='ltr'><strong>justo</strong></span> <span class='ocrx_word' id='word_1_420' title='bbox 2774 1451 3127 1508; x_wconf 86' lang='lat' dir='ltr'><strong>remittuntur</strong></span> <span class='ocrx_word' id='word_1_421' title='bbox 3176 1458 3235 1504; x_wconf 88' lang='lat' dir='ltr'><strong>et</strong></span> <span class='ocrx_word' id='word_1_422' title='bbox 3292 1446 3625 1510; x_wconf 72' lang='lat' dir='ltr'><strong>referuntur,</strong></span> <span class='ocrx_word' id='word_1_423' title='bbox 3681 1492 3684 1495; x_wconf 79' lang='lat'><strong>.</strong></span> 
     </span>
    </p>
   </div>
   <div class='ocr_carea' id='block_1_57' title="bbox 2032 1535 3630 1616">
    <p class='ocr_par' dir='ltr' id='par_1_57' title="bbox 2032 1535 3630 1616">
     <span class='ocr_line' id='line_1_57' title="bbox 2032 1535 3630 1616; baseline -0.004 -14"><span class='ocrx_word' id='word_1_424' title='bbox 2032 1547 2132 1603; x_wconf 89' lang='lat' dir='ltr'><strong>sub</strong></span> <span class='ocrx_word' id='word_1_425' title='bbox 2165 1560 2294 1616; x_wconf 85' lang='lat' dir='ltr'><strong>qua,</strong></span> <span class='ocrx_word' id='word_1_426' title='bbox 2340 1556 2395 1600; x_wconf 87' lang='lat' dir='ltr'><strong>et</strong></span> <span class='ocrx_word' id='word_1_427' title='bbox 2434 1560 2500 1599; x_wconf 81' lang='lat' dir='ltr'><strong>ex</strong></span> <span class='ocrx_word' id='word_1_428' title='bbox 2538 1558 2667 1615; x_wconf 87' lang='lat' dir='ltr'><strong>qua,</strong></span> <span class='ocrx_word' id='word_1_429' title='bbox 2696 1553 2753 1599; x_wconf 89' lang='lat' dir='ltr'><strong>et</strong></span> <span class='ocrx_word' id='word_1_430' title='bbox 2792 1556 2887 1613; x_wconf 84' lang='lat' dir='ltr'><strong>per</strong></span> <span class='ocrx_word' id='word_1_431' title='bbox 2925 1548 3113 1613; x_wconf 70' lang='lat' dir='ltr'><strong>iniam,</strong></span> <span class='ocrx_word' id='word_1_432' title='bbox 3141 1550 3198 1595; x_wconf 88' lang='lat' dir='ltr'><strong>et</strong></span> <span class='ocrx_word' id='word_1_433' title='bbox 3225 1539 3281 1596; x_wconf 92' lang='lat' dir='ltr'><strong>in</strong></span> <span class='ocrx_word' id='word_1_434' title='bbox 3311 1553 3443 1611; x_wconf 87' lang='lat' dir='ltr'><strong>qua,</strong></span> <span class='ocrx_word' id='word_1_435' title='bbox 3480 1546 3540 1595; x_wconf 87' lang='lat' dir='ltr'><strong>et</strong></span> <span class='ocrx_word' id='word_1_436' title='bbox 3570 1535 3630 1595; x_wconf 86' lang='lat' dir='ltr'><strong>iu</strong></span> 
     </span>
    </p>
   </div>
   <div class='ocr_carea' id='block_1_58' title="bbox 2033 1637 3632 1711">
    <p class='ocr_par' dir='ltr' id='par_1_58' title="bbox 2033 1637 3632 1711">
     <span class='ocr_line' id='line_1_58' title="bbox 2033 1637 3632 1711; baseline -0.003 -19"><span class='ocrx_word' id='word_1_437' title='bbox 2033 1655 2198 1711; x_wconf 87' lang='lat' dir='ltr'><strong>quam</strong></span> <span class='ocrx_word' id='word_1_438' title='bbox 2236 1637 2423 1695; x_wconf 78' lang='lat' dir='ltr'><strong>orttnia</strong></span> <span class='ocrx_word' id='word_1_439' title='bbox 2463 1647 2609 1702; x_wconf 89' lang='lat' dir='ltr'><strong>sunt,</strong></span> <span class='ocrx_word' id='word_1_440' title='bbox 2646 1646 2699 1693; x_wconf 86' lang='lat' dir='ltr'><strong>et</strong></span> <span class='ocrx_word' id='word_1_441' title='bbox 2753 1637 3160 1698; x_wconf 83' lang='lat' dir='ltr'><strong>coordinantur,</strong></span> <span class='ocrx_word' id='word_1_442' title='bbox 3207 1644 3262 1688; x_wconf 83' lang='lat' dir='ltr'><strong>et</strong></span> <span class='ocrx_word' id='word_1_443' title='bbox 3286 1639 3527 1697; x_wconf 83' lang='lat' dir='ltr'><strong>manent,</strong></span> <span class='ocrx_word' id='word_1_444' title='bbox 3572 1637 3632 1688; x_wconf 88' lang='lat' dir='ltr'><strong>et</strong></span> 
     </span>
    </p>
   </div>
   <div class='ocr_carea' id='block_1_59' title="bbox 2034 1729 3630 1802">
    <p class='ocr_par' dir='ltr' id='par_1_59' title="bbox 2034 1729 3630 1802">
     <span class='ocr_line' id='line_1_59' title="bbox 2034 1729 3630 1802; baseline -0.006 -12"><span class='ocrx_word' id='word_1_445' title='bbox 2034 1733 2402 1795; x_wconf 80' lang='lat' dir='ltr'><strong>continentur.</strong></span> <span class='ocrx_word' id='word_1_446' title='bbox 2438 1739 2492 1787; x_wconf 87' lang='lat' dir='ltr'><strong>et</strong></span> <span class='ocrx_word' id='word_1_447' title='bbox 2521 1729 2818 1802; x_wconf 84' lang='lat' dir='ltr'><strong>replentur,</strong></span> <span class='ocrx_word' id='word_1_448' title='bbox 2868 1738 2923 1782; x_wconf 91' lang='lat' dir='ltr'><strong>et</strong></span> <span class='ocrx_word' id='word_1_449' title='bbox 2962 1733 3389 1784; x_wconf 66' lang='grc' dir='ltr'><strong>ευιινενιιιυιυτε</strong></span> <span class='ocrx_word' id='word_1_450' title='bbox 3426 1733 3489 1783; x_wconf 81' lang='lat' dir='ltr'><strong>et</strong></span> <span class='ocrx_word' id='word_1_451' title='bbox 3518 1735 3630 1781; x_wconf 81' lang='lat' dir='ltr'><strong>non</strong></span> 
     </span>
    </p>
   </div>
   <div class='ocr_carea' id='block_1_60' title="bbox 2030 1806 3635 1895">
    <p class='ocr_par' dir='ltr' id='par_1_60' title="bbox 2030 1806 3635 1895">
     <span class='ocr_line' id='line_1_60' title="bbox 2030 1806 3635 1895; baseline -0.007 -12"><span class='ocrx_word' id='word_1_452' title='bbox 2030 1806 2281 1883; x_wconf 72' lang='lat' dir='ltr'><strong>invenies</strong></span> <span class='ocrx_word' id='word_1_453' title='bbox 2307 1824 2435 1895; x_wconf 83' lang='lat' dir='ltr'><strong>quid</strong></span> <span class='ocrx_word' id='word_1_454' title='bbox 2464 1821 2836 1891; x_wconf 74' lang='lat' dir='ltr'><strong>existentium,</strong></span> <span class='ocrx_word' id='word_1_455' title='bbox 2864 1818 3006 1890; x_wconf 85' lang='lat' dir='ltr'><strong>quod</strong></span> <span class='ocrx_word' id='word_1_456' title='bbox 3051 1833 3155 1873; x_wconf 90' lang='lat' dir='ltr'><strong>non</strong></span> <span class='ocrx_word' id='word_1_457' title='bbox 3197 1815 3250 1871; x_wconf 91' lang='lat' dir='ltr'><strong>in</strong></span> <span class='ocrx_word' id='word_1_458' title='bbox 3275 1832 3405 1881; x_wconf 86' lang='lat' dir='ltr'><strong>uno,</strong></span> <span class='ocrx_word' id='word_1_459' title='bbox 3435 1826 3635 1871; x_wconf 76' lang='lat' dir='ltr'><strong>secun-</strong></span> 
     </span>
    </p>
   </div>
   <div class='ocr_carea' id='block_1_61' title="bbox 2035 1903 3640 1994">
    <p class='ocr_par' dir='ltr' id='par_1_61' title="bbox 2035 1903 3640 1994">
     <span class='ocr_line' id='line_1_61' title="bbox 2035 1903 3640 1994; baseline -0.006 -22"><span class='ocrx_word' id='word_1_460' title='bbox 2035 1903 2161 1972; x_wconf 85' lang='lat' dir='ltr'><strong>dum</strong></span> <span class='ocrx_word' id='word_1_461' title='bbox 2208 1914 2351 1985; x_wconf 82' lang='lat' dir='ltr'><strong>quod</strong></span> <span class='ocrx_word' id='word_1_462' title='bbox 2398 1913 2577 1969; x_wconf 86' lang='lat' dir='ltr'><strong>omnis</strong></span> <span class='ocrx_word' id='word_1_463' title='bbox 2626 1911 2801 1967; x_wconf 87' lang='lat' dir='ltr'><strong>deitas</strong></span> <span class='ocrx_word' id='word_1_464' title='bbox 2830 1905 3358 1994; x_wconf 68' lang='lat' dir='ltr'><strong>superessentialiter</strong></span> <span class='ocrx_word' id='word_1_465' title='bbox 3384 1903 3640 1969; x_wconf 67' lang='lat' dir='ltr'><strong>nontinlo</strong></span> 
     </span>
    </p>
   </div>
   <div class='ocr_carea' id='block_1_62' title="bbox 2036 1996 3635 2075">
    <p class='ocr_par' dir='ltr' id='par_1_62' title="bbox 2036 1996 3635 2075">
     <span class='ocr_line' id='line_1_62' title="bbox 2036 1996 3635 2075; baseline -0.008 -12"><span class='ocrx_word' id='word_1_466' title='bbox 2036 2016 2239 2074; x_wconf 86' lang='lat' dir='ltr'><strong>tur,et</strong></span> <span class='ocrx_word' id='word_1_467' title='bbox 2270 2013 2357 2067; x_wconf 80' lang='lat' dir='ltr'><strong>est</strong></span> <span class='ocrx_word' id='word_1_468' title='bbox 2407 2006 2531 2070; x_wconf 88' lang='lat' dir='ltr'><strong>huc,</strong></span> <span class='ocrx_word' id='word_1_469' title='bbox 2578 2003 2722 2075; x_wconf 82' lang='lat' dir='ltr'><strong>quod</strong></span> <span class='ocrx_word' id='word_1_470' title='bbox 2769 2002 2987 2074; x_wconf 83' lang='lat' dir='ltr'><strong>quidem</strong></span> <span class='ocrx_word' id='word_1_471' title='bbox 3033 2008 3157 2064; x_wconf 86' lang='lat' dir='ltr'><strong>est,</strong></span> <span class='ocrx_word' id='word_1_472' title='bbox 3193 2008 3250 2054; x_wconf 91' lang='lat' dir='ltr'><strong>et</strong></span> <span class='ocrx_word' id='word_1_473' title='bbox 3294 1996 3530 2068; x_wconf 81' lang='lat' dir='ltr'><strong>perﬁcit,</strong></span> <span class='ocrx_word' id='word_1_474' title='bbox 3573 2002 3635 2051; x_wconf 76' lang='lat' dir='ltr'><strong>et</strong></span> 
     </span>
    </p>
   </div>
   <div class='ocr_carea' id='block_1_63' title="bbox 2036 2089 3763 2169">
    <p class='ocr_par' dir='ltr' id='par_1_63' title="bbox 2036 2089 3763 2169">
     <span class='ocr_line' id='line_1_63' title="bbox 2036 2089 3763 2169; baseline -0.009 -11"><span class='ocrx_word' id='word_1_475' title='bbox 2036 2100 2230 2158; x_wconf 82' lang='lat' dir='ltr'><strong>salvat.</strong></span> <span class='ocrx_word' id='word_1_476' title='bbox 2278 2099 2344 2155; x_wconf 84' lang='lat' dir='ltr'><strong>Et</strong></span> <span class='ocrx_word' id='word_1_477' title='bbox 2384 2104 2601 2168; x_wconf 87' lang='lat' dir='ltr'><strong>oportet</strong></span> <span class='ocrx_word' id='word_1_478' title='bbox 2651 2111 2750 2150; x_wconf 82' lang='lat' dir='ltr'><strong>nos</strong></span> <span class='ocrx_word' id='word_1_479' title='bbox 2797 2109 2867 2149; x_wconf 77' lang='lat' dir='ltr'><strong>ex</strong></span> <span class='ocrx_word' id='word_1_480' title='bbox 2910 2092 3096 2148; x_wconf 85' lang='lat' dir='ltr'><strong>multis</strong></span> <span class='ocrx_word' id='word_1_481' title='bbox 3134 2090 3189 2147; x_wconf 91' lang='lat' dir='ltr'><strong>in</strong></span> <span class='ocrx_word' id='word_1_482' title='bbox 3232 2105 3399 2145; x_wconf 89' lang='lat' dir='ltr'><strong>unum</strong></span> <span class='ocrx_word' id='word_1_483' title='bbox 3435 2089 3637 2144; x_wconf 83' lang='lat' dir='ltr'><strong>virtute</strong></span> <span class='ocrx_word' id='word_1_484' title='bbox 3680 2166 3683 2169; x_wconf 82' lang='lat'><em>_</em></span> <span class='ocrx_word' id='word_1_485' title='bbox 3760 2110 3763 2113; x_wconf 48' lang='grc' dir='ltr'>ι</span> 
     </span>
    </p>
   </div>
   <div class='ocr_carea' id='block_1_64' title="bbox 2038 2172 3636 2249">
    <p class='ocr_par' dir='ltr' id='par_1_64' title="bbox 2038 2172 3636 2249">
     <span class='ocr_line' id='line_1_64' title="bbox 2038 2172 3636 2249; baseline -0.009 0"><span class='ocrx_word' id='word_1_486' title='bbox 2038 2192 2255 2249; x_wconf 83' lang='lat' dir='ltr'><strong>divinae</strong></span> <span class='ocrx_word' id='word_1_487' title='bbox 2278 2188 2502 2245; x_wconf 84' lang='lat' dir='ltr'><strong>unitatis</strong></span> <span class='ocrx_word' id='word_1_488' title='bbox 2535 2200 2847 2246; x_wconf 82' lang='lat' dir='ltr'><strong>conversos.</strong></span> <span class='ocrx_word' id='word_1_489' title='bbox 2894 2172 3088 2240; x_wconf 80' lang='lat' dir='ltr'><strong>unitim</strong></span> <span class='ocrx_word' id='word_1_490' title='bbox 3119 2180 3341 2239; x_wconf 87' lang='lat' dir='ltr'><strong>laudare</strong></span> <span class='ocrx_word' id='word_1_491' title='bbox 3386 2191 3554 2237; x_wconf 87' lang='lat' dir='ltr'><strong>totam</strong></span> <span class='ocrx_word' id='word_1_492' title='bbox 3579 2186 3636 2235; x_wconf 89' lang='lat' dir='ltr'><strong>et</strong></span> 
     </span>
    </p>
   </div>
   <div class='ocr_carea' id='block_1_65' title="bbox 2040 2260 3638 2343">
    <p class='ocr_par' dir='ltr' id='par_1_65' title="bbox 2040 2260 3638 2343">
     <span class='ocr_line' id='line_1_65' title="bbox 2040 2260 3638 2343; baseline -0.011 -4"><span class='ocrx_word' id='word_1_493' title='bbox 2040 2298 2202 2339; x_wconf 88' lang='lat' dir='ltr'><strong>unam</strong></span> <span class='ocrx_word' id='word_1_494' title='bbox 2238 2270 2597 2342; x_wconf 81' lang='lat' dir='ltr'><strong>divinitatem,</strong></span> <span class='ocrx_word' id='word_1_495' title='bbox 2631 2260 2873 2333; x_wconf 83' lang='lat' dir='ltr'><strong>omnium</strong></span> <span class='ocrx_word' id='word_1_496' title='bbox 2903 2289 3147 2335; x_wconf 84' lang='lat' dir='ltr'><strong>causam.</strong></span> <span class='ocrx_word' id='word_1_497' title='bbox 3180 2286 3344 2327; x_wconf 87' lang='lat' dir='ltr'><strong>unmn</strong></span> <span class='ocrx_word' id='word_1_498' title='bbox 3375 2270 3519 2343; x_wconf 85' lang='lat' dir='ltr'><strong>quod</strong></span> <span class='ocrx_word' id='word_1_499' title='bbox 3549 2276 3638 2326; x_wconf 83' lang='lat' dir='ltr'><strong>est</strong></span> 
     </span>
    </p>
   </div>
   <div class='ocr_carea' id='block_1_66' title="bbox 2039 2353 3639 2436">
    <p class='ocr_par' dir='ltr' id='par_1_66' title="bbox 2039 2353 3639 2436">
     <span class='ocr_line' id='line_1_66' title="bbox 2039 2353 3639 2436; baseline -0.009 -6"><span class='ocrx_word' id='word_1_500' title='bbox 2039 2353 2169 2430; x_wconf 70' lang='lat' dir='ltr'><strong>ante</strong></span> <span class='ocrx_word' id='word_1_501' title='bbox 2196 2385 2358 2427; x_wconf 85' lang='lat' dir='ltr'><strong>omne</strong></span> <span class='ocrx_word' id='word_1_502' title='bbox 2386 2384 2574 2436; x_wconf 86' lang='lat' dir='ltr'><strong>unum,</strong></span> <span class='ocrx_word' id='word_1_503' title='bbox 2602 2377 2657 2423; x_wconf 86' lang='lat' dir='ltr'><strong>et</strong></span> <span class='ocrx_word' id='word_1_504' title='bbox 2687 2366 3103 2427; x_wconf 79' lang='lat' dir='ltr'><strong>multitudinem,</strong></span> <span class='ocrx_word' id='word_1_505' title='bbox 3122 2371 3191 2421; x_wconf 83' lang='lat' dir='ltr'><strong>et</strong></span> <span class='ocrx_word' id='word_1_506' title='bbox 3229 2360 3439 2435; x_wconf 85' lang='lat' dir='ltr'><strong>partem</strong></span> <span class='ocrx_word' id='word_1_507' title='bbox 3467 2368 3523 2416; x_wconf 85' lang='lat' dir='ltr'><strong>et</strong></span> <span class='ocrx_word' id='word_1_508' title='bbox 3551 2369 3639 2415; x_wconf 52' lang='lat' dir='ltr'><strong>to.</strong></span> 
     </span>
    </p>
   </div>
   <div class='ocr_carea' id='block_1_67' title="bbox 2042 2450 3635 2523">
    <p class='ocr_par' dir='ltr' id='par_1_67' title="bbox 2042 2450 3635 2523">
     <span class='ocr_line' id='line_1_67' title="bbox 2042 2450 3635 2523; baseline -0.009 -2"><span class='ocrx_word' id='word_1_509' title='bbox 2042 2473 2154 2521; x_wconf 85' lang='lat' dir='ltr'><strong>tum</strong></span> <span class='ocrx_word' id='word_1_510' title='bbox 2200 2471 2259 2519; x_wconf 90' lang='lat' dir='ltr'><strong>et</strong></span> <span class='ocrx_word' id='word_1_511' title='bbox 2282 2458 2652 2518; x_wconf 84' lang='lat' dir='ltr'><strong>deﬁnitionem</strong></span> <span class='ocrx_word' id='word_1_512' title='bbox 2680 2457 2724 2523; x_wconf 75' lang='lat'><strong>&#39;,</strong></span> <span class='ocrx_word' id='word_1_513' title='bbox 2752 2466 2807 2512; x_wconf 89' lang='lat' dir='ltr'><strong>et</strong></span> <span class='ocrx_word' id='word_1_514' title='bbox 2843 2450 3137 2518; x_wconf 85' lang='lat' dir='ltr'><strong>inﬁnitum,</strong></span> <span class='ocrx_word' id='word_1_515' title='bbox 3167 2461 3222 2509; x_wconf 85' lang='lat' dir='ltr'><strong>et</strong></span> <span class='ocrx_word' id='word_1_516' title='bbox 3244 2454 3635 2515; x_wconf 84' lang='lat' dir='ltr'><strong>summitatem,</strong></span> 
     </span>
    </p>
   </div>
   <div class='ocr_carea' id='block_1_68' title="bbox 2041 2535 3636 2623">
    <p class='ocr_par' dir='ltr' id='par_1_68' title="bbox 2041 2535 3636 2623">
     <span class='ocr_line' id='line_1_68' title="bbox 2041 2535 3636 2623; baseline -0.01 -7"><span class='ocrx_word' id='word_1_517' title='bbox 2041 2567 2097 2616; x_wconf 89' lang='lat' dir='ltr'><strong>et</strong></span> <span class='ocrx_word' id='word_1_518' title='bbox 2128 2535 2417 2614; x_wconf 82' lang='lat' dir='ltr'><strong>termintnn</strong></span> <span class='ocrx_word' id='word_1_519' title='bbox 2448 2552 2494 2617; x_wconf 80' lang='grc'><strong>⁷.</strong></span> <span class='ocrx_word' id='word_1_520' title='bbox 2535 2560 2591 2609; x_wconf 88' lang='lat' dir='ltr'><strong>et</strong></span> <span class='ocrx_word' id='word_1_521' title='bbox 2630 2548 3075 2623; x_wconf 81' lang='lat' dir='ltr'><strong>magnitudinem,</strong></span> <span class='ocrx_word' id='word_1_522' title='bbox 3105 2545 3289 2602; x_wconf 88' lang='lat' dir='ltr'><strong>omnia</strong></span> <span class='ocrx_word' id='word_1_523' title='bbox 3319 2544 3636 2608; x_wconf 79' lang='lat' dir='ltr'><strong>existentia.</strong></span> 
     </span>
    </p>
   </div>
   <div class='ocr_carea' id='block_1_69' title="bbox 2041 2636 3640 2720">
    <p class='ocr_par' dir='ltr' id='par_1_69' title="bbox 2041 2636 3640 2720">
     <span class='ocr_line' id='line_1_69' title="bbox 2041 2636 3640 2720; baseline -0.012 -13"><span class='ocrx_word' id='word_1_524' title='bbox 2041 2659 2095 2707; x_wconf 82' lang='lat' dir='ltr'><strong>et</strong></span> <span class='ocrx_word' id='word_1_525' title='bbox 2124 2649 2297 2720; x_wconf 87' lang='lat' dir='ltr'><strong>ipsum</strong></span> <span class='ocrx_word' id='word_1_526' title='bbox 2322 2661 2444 2704; x_wconf 85' lang='lat' dir='ltr'><strong>esse</strong></span> <span class='ocrx_word' id='word_1_527' title='bbox 2469 2642 2791 2706; x_wconf 78' lang='lat' dir='ltr'><strong>terminans,</strong></span> <span class='ocrx_word' id='word_1_528' title='bbox 2815 2648 2871 2695; x_wconf 89' lang='lat' dir='ltr'><strong>et</strong></span> <span class='ocrx_word' id='word_1_529' title='bbox 2889 2638 3156 2701; x_wconf 87' lang='lat' dir='ltr'><strong>omnium,</strong></span> <span class='ocrx_word' id='word_1_530' title='bbox 3178 2646 3236 2693; x_wconf 85' lang='lat' dir='ltr'><strong>et</strong></span> <span class='ocrx_word' id='word_1_531' title='bbox 3260 2636 3640 2701; x_wconf 84' lang='lat' dir='ltr'><strong>universorum</strong></span> 
     </span>
    </p>
   </div>
   <div class='ocr_carea' id='block_1_70' title="bbox 2042 2728 3640 2804">
    <p class='ocr_par' dir='ltr' id='par_1_70' title="bbox 2042 2728 3640 2804">
     <span class='ocr_line' id='line_1_70' title="bbox 2042 2728 3640 2804; baseline -0.01 -7"><span class='ocrx_word' id='word_1_532' title='bbox 2042 2740 2308 2804; x_wconf 87' lang='lat' dir='ltr'><strong>omnium,</strong></span> <span class='ocrx_word' id='word_1_533' title='bbox 2357 2746 2412 2794; x_wconf 82' lang='lat' dir='ltr'><strong>et</strong></span> <span class='ocrx_word' id='word_1_534' title='bbox 2454 2734 2615 2793; x_wconf 81' lang='lat' dir='ltr'><strong>simul</strong></span> <span class='ocrx_word' id='word_1_535' title='bbox 2643 2740 2701 2791; x_wconf 89' lang='lat' dir='ltr'><strong>et</strong></span> <span class='ocrx_word' id='word_1_536' title='bbox 2725 2738 2854 2788; x_wconf 84' lang='lat' dir='ltr'><strong>ante</strong></span> <span class='ocrx_word' id='word_1_537' title='bbox 2885 2730 3090 2797; x_wconf 87' lang='lat' dir='ltr'><strong>omnia,</strong></span> <span class='ocrx_word' id='word_1_538' title='bbox 3138 2738 3195 2786; x_wconf 87' lang='lat' dir='ltr'><strong>et</strong></span> <span class='ocrx_word' id='word_1_539' title='bbox 3242 2738 3409 2800; x_wconf 82' lang='lat' dir='ltr'><strong>super</strong></span> <span class='ocrx_word' id='word_1_540' title='bbox 3431 2728 3640 2793; x_wconf 88' lang='lat' dir='ltr'><strong>omnia,</strong></span> 
     </span>
    </p>
   </div>
   <div class='ocr_carea' id='block_1_71' title="bbox 2044 2810 3642 2905">
    <p class='ocr_par' dir='ltr' id='par_1_71' title="bbox 2044 2810 3642 2905">
     <span class='ocr_line' id='line_1_71' title="bbox 2044 2810 3642 2905; baseline -0.009 -16"><span class='ocrx_word' id='word_1_541' title='bbox 2044 2842 2100 2891; x_wconf 88' lang='lat' dir='ltr'><strong>et</strong></span> <span class='ocrx_word' id='word_1_542' title='bbox 2136 2831 2486 2905; x_wconf 77' lang='lat' dir='ltr'><strong>singulariter</strong></span> <span class='ocrx_word' id='word_1_543' title='bbox 2531 2843 2721 2891; x_wconf 86' lang='lat' dir='ltr'><strong>causa,</strong></span> <span class='ocrx_word' id='word_1_544' title='bbox 2756 2832 2812 2880; x_wconf 88' lang='lat' dir='ltr'><strong>et</strong></span> <span class='ocrx_word' id='word_1_545' title='bbox 2853 2838 3018 2897; x_wconf 81' lang='lat' dir='ltr'><strong>super</strong></span> <span class='ocrx_word' id='word_1_546' title='bbox 3052 2823 3227 2895; x_wconf 81' lang='lat' dir='ltr'><strong>ipsum</strong></span> <span class='ocrx_word' id='word_1_547' title='bbox 3278 2810 3443 2877; x_wconf 77' lang='lat' dir='ltr'><strong>unum</strong></span> <span class='ocrx_word' id='word_1_548' title='bbox 3478 2816 3552 2882; x_wconf 73' lang='grc' dir='ltr'><strong>εν.</strong></span> <span class='ocrx_word' id='word_1_549' title='bbox 3584 2829 3642 2875; x_wconf 89' lang='lat' dir='ltr'><strong>et</strong></span> 
     </span>
    </p>
   </div>
   <div class='ocr_carea' id='block_1_72' title="bbox 2045 2912 3644 2999">
    <p class='ocr_par' dir='ltr' id='par_1_72' title="bbox 2045 2912 3644 2999">
     <span class='ocr_line' id='line_1_72' title="bbox 2045 2912 3644 2999; baseline -0.013 -15"><span class='ocrx_word' id='word_1_550' title='bbox 2045 2928 2222 2999; x_wconf 70' lang='lat' dir='ltr'><strong>ipunn</strong></span> <span class='ocrx_word' id='word_1_551' title='bbox 2262 2942 2429 2981; x_wconf 72' lang='lat' dir='ltr'><strong>mauu</strong></span> <span class='ocrx_word' id='word_1_552' title='bbox 2472 2922 2794 2995; x_wconf 83' lang='lat' dir='ltr'><strong>terminans,</strong></span> <span class='ocrx_word' id='word_1_553' title='bbox 2828 2917 3086 2992; x_wconf 82' lang='lat' dir='ltr'><strong>quoniam</strong></span> <span class='ocrx_word' id='word_1_554' title='bbox 3113 2914 3169 2972; x_wconf 81' lang='grc' dir='ltr'><strong>ὃν</strong></span> <span class='ocrx_word' id='word_1_555' title='bbox 3213 2930 3378 2968; x_wconf 88' lang='lat' dir='ltr'><strong>unum</strong></span> <span class='ocrx_word' id='word_1_556' title='bbox 3402 2912 3644 2968; x_wconf 76' lang='lat' dir='ltr'><strong>existen-</strong></span> 
     </span>
    </p>
   </div>
   <div class='ocr_carea' id='block_1_73' title="bbox 2046 3001 3643 3073">
    <p class='ocr_par' dir='ltr' id='par_1_73' title="bbox 2046 3001 3643 3073">
     <span class='ocr_line' id='line_1_73' title="bbox 2046 3001 3643 3073; baseline -0.009 -2"><span class='ocrx_word' id='word_1_557' title='bbox 2046 3017 2191 3073; x_wconf 79' lang='lat' dir='ltr'><strong>tibus</strong></span> <span class='ocrx_word' id='word_1_558' title='bbox 2221 3011 2618 3072; x_wconf 85' lang='lat' dir='ltr'><strong>iuuutnerabile</strong></span> <span class='ocrx_word' id='word_1_559' title='bbox 2646 3019 2776 3065; x_wconf 85' lang='lat' dir='ltr'><strong>est:</strong></span> <span class='ocrx_word' id='word_1_560' title='bbox 2815 3023 3074 3064; x_wconf 86' lang='lat' dir='ltr'><strong>numerus</strong></span> <span class='ocrx_word' id='word_1_561' title='bbox 3116 3014 3297 3061; x_wconf 80' lang='lat' dir='ltr'><strong>autent</strong></span> <span class='ocrx_word' id='word_1_562' title='bbox 3342 3001 3643 3060; x_wconf 83' lang='lat' dir='ltr'><strong>essentiam</strong></span> 
     </span>
    </p>
   </div>
   <div class='ocr_carea' id='block_1_74' title="bbox 2047 3090 3640 3180">
    <p class='ocr_par' dir='ltr' id='par_1_74' title="bbox 2047 3090 3640 3180">
     <span class='ocr_line' id='line_1_74' title="bbox 2047 3090 3640 3180; baseline -0.011 -17"><span class='ocrx_word' id='word_1_563' title='bbox 2047 3106 2354 3180; x_wconf 84' lang='lat' dir='ltr'><strong>participat.</strong></span> <span class='ocrx_word' id='word_1_564' title='bbox 2379 3099 2843 3177; x_wconf 84' lang='lat' dir='ltr'><strong>Superessential.-.</strong></span> <span class='ocrx_word' id='word_1_565' title='bbox 2865 3108 3045 3154; x_wconf 86' lang='lat' dir='ltr'><strong>autem</strong></span> <span class='ocrx_word' id='word_1_566' title='bbox 3071 3112 3261 3160; x_wconf 86' lang='lat' dir='ltr'><strong>unum,</strong></span> <span class='ocrx_word' id='word_1_567' title='bbox 3288 3104 3338 3151; x_wconf 88' lang='lat' dir='ltr'><strong>et</strong></span> <span class='ocrx_word' id='word_1_568' title='bbox 3366 3090 3422 3152; x_wconf 69' lang='lat' dir='ltr'><strong>tia</strong></span> <span class='ocrx_word' id='word_1_569' title='bbox 3449 3109 3640 3158; x_wconf 89' lang='lat' dir='ltr'><strong>unum,</strong></span> 
     </span>
    </p>
   </div>
   <div class='ocr_carea' id='block_1_75' title="bbox 2047 3186 3643 3260">
    <p class='ocr_par' dir='ltr' id='par_1_75' title="bbox 2047 3186 3643 3260">
     <span class='ocr_line' id='line_1_75' title="bbox 2047 3186 3643 3260; baseline -0.011 -4"><span class='ocrx_word' id='word_1_570' title='bbox 2047 3209 2103 3256; x_wconf 88' lang='lat' dir='ltr'><strong>et</strong></span> <span class='ocrx_word' id='word_1_571' title='bbox 2129 3187 2346 3256; x_wconf 82' lang='lat' dir='ltr'><strong>omnem</strong></span> <span class='ocrx_word' id='word_1_572' title='bbox 2378 3212 2663 3252; x_wconf 84' lang='lat' dir='ltr'><strong>numermn</strong></span> <span class='ocrx_word' id='word_1_573' title='bbox 2708 3192 2988 3254; x_wconf 87' lang='lat' dir='ltr'><strong>terminat,</strong></span> <span class='ocrx_word' id='word_1_574' title='bbox 3031 3199 3085 3247; x_wconf 84' lang='lat' dir='ltr'><strong>et</strong></span> <span class='ocrx_word' id='word_1_575' title='bbox 3117 3190 3290 3260; x_wconf 77' lang='lat' dir='ltr'><strong>ipsum</strong></span> <span class='ocrx_word' id='word_1_576' title='bbox 3318 3196 3397 3243; x_wconf 87' lang='lat' dir='ltr'><strong>est</strong></span> <span class='ocrx_word' id='word_1_577' title='bbox 3436 3186 3507 3243; x_wconf 87' lang='lat' dir='ltr'><strong>ab</strong></span> <span class='ocrx_word' id='word_1_578' title='bbox 3534 3200 3643 3240; x_wconf 91' lang='lat' dir='ltr'><strong>uno</strong></span> 
     </span>
    </p>
   </div>
   <div class='ocr_carea' id='block_1_76' title="bbox 2045 3274 3644 3353">
    <p class='ocr_par' dir='ltr' id='par_1_76' title="bbox 2045 3274 3644 3353">
     <span class='ocr_line' id='line_1_76' title="bbox 2045 3274 3644 3353; baseline -0.009 -9"><span class='ocrx_word' id='word_1_579' title='bbox 2045 3288 2255 3344; x_wconf 83' lang='lat' dir='ltr'><strong>numeri</strong></span> <span class='ocrx_word' id='word_1_580' title='bbox 2280 3287 2460 3342; x_wconf 88' lang='lat' dir='ltr'><strong>omnis</strong></span> <span class='ocrx_word' id='word_1_581' title='bbox 2487 3283 2773 3339; x_wconf 66' lang='lat' dir='ltr'><strong>resistentis</strong></span> <span class='ocrx_word' id='word_1_582' title='bbox 2810 3279 3138 3353; x_wconf 84' lang='lat' dir='ltr'><strong>principium</strong></span> <span class='ocrx_word' id='word_1_583' title='bbox 3182 3288 3239 3333; x_wconf 85' lang='lat' dir='ltr'><strong>et</strong></span> <span class='ocrx_word' id='word_1_584' title='bbox 3273 3292 3437 3332; x_wconf 83' lang='lat' dir='ltr'><strong>causa</strong></span> <span class='ocrx_word' id='word_1_585' title='bbox 3461 3284 3517 3331; x_wconf 85' lang='lat' dir='ltr'><strong>et</strong></span> <span class='ocrx_word' id='word_1_586' title='bbox 3546 3274 3644 3331; x_wconf 73' lang='lat' dir='ltr'><strong>an.</strong></span> 
     </span>
    </p>
   </div>
   <div class='ocr_carea' id='block_1_77' title="bbox 2047 3365 3645 3437">
    <p class='ocr_par' dir='ltr' id='par_1_77' title="bbox 2047 3365 3645 3437">
     <span class='ocr_line' id='line_1_77' title="bbox 2047 3365 3645 3437; baseline -0.01 0"><span class='ocrx_word' id='word_1_587' title='bbox 2047 3395 2235 3437; x_wconf 84' lang='lat' dir='ltr'><strong>merus</strong></span> <span class='ocrx_word' id='word_1_588' title='bbox 2269 3388 2325 3436; x_wconf 92' lang='lat' dir='ltr'><strong>et</strong></span> <span class='ocrx_word' id='word_1_589' title='bbox 2349 3378 2501 3433; x_wconf 81' lang='lat' dir='ltr'><strong>ordo.</strong></span> <span class='ocrx_word' id='word_1_590' title='bbox 2537 3374 2744 3430; x_wconf 77' lang='lat' dir='ltr'><strong>Idcirco</strong></span> <span class='ocrx_word' id='word_1_591' title='bbox 2773 3383 2829 3427; x_wconf 88' lang='lat' dir='ltr'><strong>et</strong></span> <span class='ocrx_word' id='word_1_592' title='bbox 2863 3371 3043 3427; x_wconf 78' lang='lat' dir='ltr'><strong>unitas</strong></span> <span class='ocrx_word' id='word_1_593' title='bbox 3082 3369 3335 3425; x_wconf 87' lang='lat' dir='ltr'><strong>laudatur</strong></span> <span class='ocrx_word' id='word_1_594' title='bbox 3374 3375 3430 3423; x_wconf 78' lang='lat' dir='ltr'><strong>et</strong></span> <span class='ocrx_word' id='word_1_595' title='bbox 3457 3365 3645 3423; x_wconf 81' lang='lat' dir='ltr'><strong>Trini-</strong></span> 
     </span>
    </p>
   </div>
   <div class='ocr_carea' id='block_1_78' title="bbox 2049 3448 3639 3539">
    <p class='ocr_par' dir='ltr' id='par_1_78' title="bbox 2049 3448 3639 3539">
     <span class='ocr_line' id='line_1_78' title="bbox 2049 3448 3639 3539; baseline -0.011 -11"><span class='ocrx_word' id='word_1_596' title='bbox 2049 3479 2137 3528; x_wconf 81' lang='lat' dir='ltr'><strong>tas</strong></span> <span class='ocrx_word' id='word_1_597' title='bbox 2173 3482 2340 3539; x_wconf 81' lang='lat' dir='ltr'><strong>super</strong></span> <span class='ocrx_word' id='word_1_598' title='bbox 2396 3448 2579 3521; x_wconf 68' lang='lat' dir='ltr'><strong>(iutilia</strong></span> <span class='ocrx_word' id='word_1_599' title='bbox 2636 3452 2812 3519; x_wconf 77' lang='lat' dir='ltr'><strong>duitas</strong></span> <span class='ocrx_word' id='word_1_600' title='bbox 2846 3479 2864 3516; x_wconf 77' lang='grc' dir='ltr'><strong><em>τ</em></strong></span> <span class='ocrx_word' id='word_1_601' title='bbox 2917 3477 3027 3516; x_wconf 80' lang='lat' dir='ltr'><strong>non</strong></span> <span class='ocrx_word' id='word_1_602' title='bbox 3079 3470 3167 3515; x_wconf 87' lang='lat' dir='ltr'><strong>cst</strong></span> <span class='ocrx_word' id='word_1_603' title='bbox 3223 3473 3398 3529; x_wconf 81' lang='lat' dir='ltr'><strong>neque</strong></span> <span class='ocrx_word' id='word_1_604' title='bbox 3439 3452 3639 3518; x_wconf 80' lang='lat' dir='ltr'><strong>unitas.</strong></span> 
     </span>
    </p>
   </div>
   <div class='ocr_carea' id='block_1_79' title="bbox 2049 3549 3644 3634">
    <p class='ocr_par' dir='ltr' id='par_1_79' title="bbox 2049 3549 3644 3634">
     <span class='ocr_line' id='line_1_79' title="bbox 2049 3549 3644 3634; baseline -0.009 -15"><span class='ocrx_word' id='word_1_605' title='bbox 2049 3577 2227 3634; x_wconf 85' lang='lat' dir='ltr'><strong>neque</strong></span> <span class='ocrx_word' id='word_1_606' title='bbox 2249 3560 2512 3623; x_wconf 75' lang='lat' dir='ltr'><strong>Trinitas,</strong></span> <span class='ocrx_word' id='word_1_607' title='bbox 2542 3565 2637 3613; x_wconf 85' lang='lat' dir='ltr'><strong>aut</strong></span> <span class='ocrx_word' id='word_1_608' title='bbox 2685 3574 2716 3610; x_wconf 88' lang='lat' dir='ltr'><strong>a</strong></span> <span class='ocrx_word' id='word_1_609' title='bbox 2764 3555 2949 3619; x_wconf 72' lang='lat' dir='ltr'><strong>nobis,</strong></span> <span class='ocrx_word' id='word_1_610' title='bbox 2989 3562 3086 3609; x_wconf 85' lang='lat' dir='ltr'><strong>aut</strong></span> <span class='ocrx_word' id='word_1_611' title='bbox 3132 3551 3239 3607; x_wconf 88' lang='lat' dir='ltr'><strong>alio</strong></span> <span class='ocrx_word' id='word_1_612' title='bbox 3264 3552 3499 3622; x_wconf 78' lang='lat' dir='ltr'><strong>quodam</strong></span> <span class='ocrx_word' id='word_1_613' title='bbox 3525 3549 3644 3606; x_wconf 82' lang='lat' dir='ltr'><strong>exi-</strong></span> 
     </span>
    </p>
   </div>
   <div class='ocr_carea' id='block_1_80' title="bbox 2049 3641 3641 3724">
    <p class='ocr_par' dir='ltr' id='par_1_80' title="bbox 2049 3641 3641 3724">
     <span class='ocr_line' id='line_1_80' title="bbox 2049 3641 3641 3724; baseline -0.009 -12"><span class='ocrx_word' id='word_1_614' title='bbox 2049 3653 2307 3713; x_wconf 88' lang='lat' dir='ltr'><strong>stentinm</strong></span> <span class='ocrx_word' id='word_1_615' title='bbox 2348 3651 2582 3724; x_wconf 62' lang='lat' dir='ltr'><strong>cognita,</strong></span> <span class='ocrx_word' id='word_1_616' title='bbox 2630 3648 2725 3705; x_wconf 85' lang='lat' dir='ltr'><strong>sed</strong></span> <span class='ocrx_word' id='word_1_617' title='bbox 2770 3648 2873 3704; x_wconf 84' lang='lat' dir='ltr'><strong>etsi</strong></span> <span class='ocrx_word' id='word_1_618' title='bbox 2912 3646 3372 3718; x_wconf 83' lang='lat' dir='ltr'><strong>supermlunatum</strong></span> <span class='ocrx_word' id='word_1_619' title='bbox 3407 3643 3526 3713; x_wconf 78' lang='lat' dir='ltr'><strong>ejus</strong></span> <span class='ocrx_word' id='word_1_620' title='bbox 3556 3641 3641 3697; x_wconf 82' lang='lat' dir='ltr'><strong>di-</strong></span> 
     </span>
    </p>
   </div>
   <div class='ocr_carea' id='block_1_81' title="bbox 2048 3735 3644 3819">
    <p class='ocr_par' dir='ltr' id='par_1_81' title="bbox 2048 3735 3644 3819">
     <span class='ocr_line' id='line_1_81' title="bbox 2048 3735 3644 3819; baseline -0.009 -14"><span class='ocrx_word' id='word_1_621' title='bbox 2048 3750 2341 3819; x_wconf 75' lang='lat' dir='ltr'><strong>vinumque</strong></span> <span class='ocrx_word' id='word_1_622' title='bbox 2385 3744 2770 3801; x_wconf 78' lang='lat' dir='ltr'><strong>fecunditatem</strong></span> <span class='ocrx_word' id='word_1_623' title='bbox 2814 3756 2942 3797; x_wconf 89' lang='lat' dir='ltr'><strong>vere</strong></span> <span class='ocrx_word' id='word_1_624' title='bbox 2994 3739 3276 3796; x_wconf 88' lang='lat' dir='ltr'><strong>laudemus</strong></span> <span class='ocrx_word' id='word_1_625' title='bbox 3329 3735 3558 3792; x_wconf 82' lang='lat' dir='ltr'><strong>triadira</strong></span> <span class='ocrx_word' id='word_1_626' title='bbox 3588 3742 3644 3791; x_wconf 88' lang='lat' dir='ltr'><strong>et</strong></span> 
     </span>
    </p>
   </div>
   <div class='ocr_carea' id='block_1_82' title="bbox 2049 3824 3643 3901">
    <p class='ocr_par' dir='ltr' id='par_1_82' title="bbox 2049 3824 3643 3901">
     <span class='ocr_line' id='line_1_82' title="bbox 2049 3824 3643 3901; baseline -0.01 -6"><span class='ocrx_word' id='word_1_627' title='bbox 2049 3836 2332 3895; x_wconf 81' lang='lat' dir='ltr'><strong>tnonadica</strong></span> <span class='ocrx_word' id='word_1_628' title='bbox 2362 3835 2552 3891; x_wconf 80' lang='lat' dir='ltr'><strong>divina</strong></span> <span class='ocrx_word' id='word_1_629' title='bbox 2579 3832 2964 3895; x_wconf 81' lang='lat' dir='ltr'><strong>nominatione,</strong></span> <span class='ocrx_word' id='word_1_630' title='bbox 3006 3828 3294 3901; x_wconf 79' lang='lat' dir='ltr'><strong>plusquam</strong></span> <span class='ocrx_word' id='word_1_631' title='bbox 3339 3824 3643 3881; x_wconf 82' lang='lat' dir='ltr'><strong>nominabi-</strong></span> 
     </span>
    </p>
   </div>
   <div class='ocr_carea' id='block_1_83' title="bbox 2050 3914 3759 3993">
    <p class='ocr_par' dir='ltr' id='par_1_83' title="bbox 2050 3914 3759 3993">
     <span class='ocr_line' id='line_1_83' title="bbox 2050 3914 3759 3993; baseline -0.013 -4"><span class='ocrx_word' id='word_1_632' title='bbox 2050 3933 2156 3989; x_wconf 88' lang='lat' dir='ltr'><strong>lem</strong></span> <span class='ocrx_word' id='word_1_633' title='bbox 2184 3930 2525 3986; x_wconf 88' lang='lat' dir='ltr'><strong>nominamus</strong></span> <span class='ocrx_word' id='word_1_634' title='bbox 2550 3926 2603 3981; x_wconf 90' lang='lat' dir='ltr'><strong>in</strong></span> <span class='ocrx_word' id='word_1_635' title='bbox 2628 3923 2879 3981; x_wconf 87' lang='lat' dir='ltr'><strong>essentiis</strong></span> <span class='ocrx_word' id='word_1_636' title='bbox 2903 3917 3434 3993; x_wconf 74' lang='lat' dir='ltr'><strong>superessentialem.</strong></span> <span class='ocrx_word' id='word_1_637' title='bbox 3461 3914 3648 3987; x_wconf 73' lang='lat' dir='ltr'><strong>Neque</strong></span> <span class='ocrx_word' id='word_1_638' title='bbox 3750 3965 3759 3973; x_wconf 88' lang='lat'><em>_</em></span> 
     </span>
    </p>
   </div>
   <div class='ocr_carea' id='block_1_84' title="bbox 2050 4002 3648 4084">
    <p class='ocr_par' dir='ltr' id='par_1_84' title="bbox 2050 4002 3648 4084">
     <span class='ocr_line' id='line_1_84' title="bbox 2050 4002 3648 4084; baseline -0.012 -4"><span class='ocrx_word' id='word_1_639' title='bbox 2050 4037 2158 4079; x_wconf 82' lang='lat' dir='ltr'><strong>una</strong></span> <span class='ocrx_word' id='word_1_640' title='bbox 2213 4035 2426 4084; x_wconf 85' lang='lat' dir='ltr'><strong>monas,</strong></span> <span class='ocrx_word' id='word_1_641' title='bbox 2465 4025 2559 4073; x_wconf 85' lang='lat' dir='ltr'><strong>aut</strong></span> <span class='ocrx_word' id='word_1_642' title='bbox 2585 4002 2848 4078; x_wconf 77' lang='lat' dir='ltr'><strong>Trinitas,</strong></span> <span class='ocrx_word' id='word_1_643' title='bbox 2894 4027 3073 4084; x_wconf 62' lang='lat' dir='ltr'><strong>urente</strong></span> <span class='ocrx_word' id='word_1_644' title='bbox 3137 4023 3417 4071; x_wconf 84' lang='lat' dir='ltr'><strong>numerus,</strong></span> <span class='ocrx_word' id='word_1_645' title='bbox 3469 4021 3648 4077; x_wconf 71' lang='lat' dir='ltr'><strong>neque</strong></span> 
     </span>
    </p>
   </div>
   <div class='ocr_carea' id='block_1_85' title="bbox 2054 4098 3645 4181">
    <p class='ocr_par' dir='ltr' id='par_1_85' title="bbox 2054 4098 3645 4181">
     <span class='ocr_line' id='line_1_85' title="bbox 2054 4098 3645 4181; baseline -0.011 -10"><span class='ocrx_word' id='word_1_646' title='bbox 2054 4116 2259 4181; x_wconf 81' lang='lat' dir='ltr'><strong>unitas,</strong></span> <span class='ocrx_word' id='word_1_647' title='bbox 2282 4122 2383 4176; x_wconf 79' lang='lat' dir='ltr'><strong>aut</strong></span> <span class='ocrx_word' id='word_1_648' title='bbox 2411 4110 2731 4170; x_wconf 80' lang='lat' dir='ltr'><strong>fecunditas.</strong></span> <span class='ocrx_word' id='word_1_649' title='bbox 2762 4122 2939 4177; x_wconf 82' lang='lat' dir='ltr'><strong>neque</strong></span> <span class='ocrx_word' id='word_1_650' title='bbox 2958 4104 3109 4162; x_wconf 78' lang='lat' dir='ltr'><strong>aliud</strong></span> <span class='ocrx_word' id='word_1_651' title='bbox 3136 4101 3265 4173; x_wconf 84' lang='lat' dir='ltr'><strong>quid</strong></span> <span class='ocrx_word' id='word_1_652' title='bbox 3296 4098 3645 4156; x_wconf 69' lang='lat' dir='ltr'><strong>existentiunt</strong></span> 
     </span>
    </p>
   </div>
   <div class='ocr_carea' id='block_1_86' title="bbox 2049 4194 3646 4273">
    <p class='ocr_par' dir='ltr' id='par_1_86' title="bbox 2049 4194 3646 4273">
     <span class='ocr_line' id='line_1_86' title="bbox 2049 4194 3646 4273; baseline -0.016 -4"><span class='ocrx_word' id='word_1_653' title='bbox 2049 4208 2406 4269; x_wconf 80' lang='lat' dir='ltr'><strong>auteuidam-</strong></span> <span class='ocrx_word' id='word_1_654' title='bbox 2427 4204 2780 4261; x_wconf 74' lang='lat' dir='ltr'><strong>existentium</strong></span> <span class='ocrx_word' id='word_1_655' title='bbox 2809 4200 3085 4273; x_wconf 79' lang='lat' dir='ltr'><strong>cognitum</strong></span> <span class='ocrx_word' id='word_1_656' title='bbox 3112 4194 3296 4253; x_wconf 88' lang='lat' dir='ltr'><strong>educit</strong></span> <span class='ocrx_word' id='word_1_657' title='bbox 3337 4207 3498 4265; x_wconf 86' lang='lat' dir='ltr'><strong>super</strong></span> <span class='ocrx_word' id='word_1_658' title='bbox 3524 4206 3646 4246; x_wconf 88' lang='lat' dir='ltr'><strong>om-</strong></span> 
     </span>
    </p>
   </div>
   <div class='ocr_carea' id='block_1_87' title="bbox 2051 4280 3649 4360">
    <p class='ocr_par' dir='ltr' id='par_1_87' title="bbox 2051 4280 3649 4360">
     <span class='ocr_line' id='line_1_87' title="bbox 2051 4280 3649 4360; baseline -0.017 -1"><span class='ocrx_word' id='word_1_659' title='bbox 2051 4303 2142 4360; x_wconf 88' lang='lat' dir='ltr'><strong>nia</strong></span> <span class='ocrx_word' id='word_1_660' title='bbox 2167 4309 2223 4358; x_wconf 88' lang='lat' dir='ltr'><strong>et</strong></span> <span class='ocrx_word' id='word_1_661' title='bbox 2252 4280 2479 4355; x_wconf 80' lang='lat' dir='ltr'><strong>verbum</strong></span> <span class='ocrx_word' id='word_1_662' title='bbox 2508 4303 2563 4353; x_wconf 89' lang='lat' dir='ltr'><strong>et</strong></span> <span class='ocrx_word' id='word_1_663' title='bbox 2590 4292 2922 4349; x_wconf 88' lang='lat' dir='ltr'><strong>intellectum</strong></span> <span class='ocrx_word' id='word_1_664' title='bbox 2954 4289 3008 4343; x_wconf 89' lang='lat' dir='ltr'><strong>in</strong></span> <span class='ocrx_word' id='word_1_665' title='bbox 3032 4283 3423 4344; x_wconf 67' lang='lat' dir='ltr'><strong>obscuritates:</strong></span> <span class='ocrx_word' id='word_1_666' title='bbox 3479 4294 3649 4350; x_wconf 81' lang='lat' dir='ltr'><strong>super</strong></span> 
     </span>
    </p>
   </div>
   <div class='ocr_carea' id='block_1_88' title="bbox 2053 4368 3653 4449">
    <p class='ocr_par' dir='ltr' id='par_1_88' title="bbox 2053 4368 3653 4449">
     <span class='ocr_line' id='line_1_88' title="bbox 2053 4368 3653 4449; baseline -0.017 0"><span class='ocrx_word' id='word_1_667' title='bbox 2053 4407 2218 4449; x_wconf 88' lang='lat' dir='ltr'><strong>omne</strong></span> <span class='ocrx_word' id='word_1_668' title='bbox 2254 4400 2312 4445; x_wconf 89' lang='lat' dir='ltr'><strong>et</strong></span> <span class='ocrx_word' id='word_1_669' title='bbox 2353 4385 2576 4444; x_wconf 83' lang='lat' dir='ltr'><strong>verbum</strong></span> <span class='ocrx_word' id='word_1_670' title='bbox 2619 4392 2676 4438; x_wconf 87' lang='lat' dir='ltr'><strong>et</strong></span> <span class='ocrx_word' id='word_1_671' title='bbox 2738 4379 3067 4436; x_wconf 85' lang='lat' dir='ltr'><strong>intellectum</strong></span> <span class='ocrx_word' id='word_1_672' title='bbox 3122 4368 3653 4447; x_wconf 80' lang='lat' dir='ltr'><strong>superessentialitcr</strong></span> 
     </span>
    </p>
   </div>
   <div class='ocr_carea' id='block_1_89' title="bbox 361 4456 3653 4558">
    <p class='ocr_par' dir='ltr' id='par_1_89' title="bbox 361 4456 3653 4558">
     <span class='ocr_line' id='line_1_89' title="bbox 361 4456 3653 4558; baseline -0.005 -25"><span class='ocrx_word' id='word_1_673' title='bbox 361 4492 516 4534; x_wconf 90' lang='lat' dir='ltr'><strong>mero</strong></span> <span class='ocrx_word' id='word_1_674' title='bbox 563 4486 658 4533; x_wconf 89' lang='lat' dir='ltr'><strong>aut</strong></span> <span class='ocrx_word' id='word_1_675' title='bbox 693 4478 1008 4544; x_wconf 84' lang='lat' dir='ltr'><strong>virtutibus,</strong></span> <span class='ocrx_word' id='word_1_676' title='bbox 1053 4493 1219 4534; x_wconf 88' lang='lat' dir='ltr'><strong>unum</strong></span> <span class='ocrx_word' id='word_1_677' title='bbox 1259 4478 1442 4551; x_wconf 86' lang='lat' dir='ltr'><strong>specie</strong></span> <span class='ocrx_word' id='word_1_678' title='bbox 1476 4496 1490 4533; x_wconf 89' lang='lat'><strong>:</strong></span> <span class='ocrx_word' id='word_1_679' title='bbox 1532 4488 1590 4534; x_wconf 89' lang='lat' dir='ltr'><strong>et</strong></span> <span class='ocrx_word' id='word_1_680' title='bbox 1630 4479 1732 4537; x_wconf 78' lang='lat' dir='ltr'><strong>hoc</strong></span> <span class='ocrx_word' id='word_1_681' title='bbox 1781 4478 1949 4534; x_wconf 85' lang='lat' dir='ltr'><strong>multa</strong></span> <span class='ocrx_word' id='word_1_682' title='bbox 1978 4456 2520 4558; x_wconf 68' lang='lat' dir='ltr'><strong>l’snperessentialis</strong></span> <span class='ocrx_word' id='word_1_683' title='bbox 2560 4466 3047 4551; x_wconf 79' lang='lat' dir='ltr'><strong>superdivinitatis,</strong></span> <span class='ocrx_word' id='word_1_684' title='bbox 3076 4484 3252 4542; x_wconf 86' lang='lat' dir='ltr'><strong>neque</strong></span> <span class='ocrx_word' id='word_1_685' title='bbox 3285 4482 3479 4558; x_wconf 69' lang='lat' dir='ltr'><strong>nomen</strong></span> <span class='ocrx_word' id='word_1_686' title='bbox 3532 4464 3653 4533; x_wconf 79' lang='lat' dir='ltr'><strong>ejus</strong></span> 
     </span>
    </p>
   </div>
   <div class='ocr_carea' id='block_1_90' title="bbox 361 4564 1949 4642">
    <p class='ocr_par' dir='ltr' id='par_1_90' title="bbox 361 4564 1949 4642">
     <span class='ocr_line' id='line_1_90' title="bbox 361 4564 1949 4642; baseline -0.001 -16"><span class='ocrx_word' id='word_1_687' title='bbox 361 4568 672 4640; x_wconf 78' lang='lat' dir='ltr'><strong>speciebus,</strong></span> <span class='ocrx_word' id='word_1_688' title='bbox 708 4583 876 4623; x_wconf 88' lang='lat' dir='ltr'><strong>unum</strong></span> <span class='ocrx_word' id='word_1_689' title='bbox 916 4584 1162 4642; x_wconf 86' lang='lat' dir='ltr'><strong>genere:</strong></span> <span class='ocrx_word' id='word_1_690' title='bbox 1192 4576 1249 4622; x_wconf 85' lang='lat' dir='ltr'><strong>et</strong></span> <span class='ocrx_word' id='word_1_691' title='bbox 1294 4564 1397 4624; x_wconf 75' lang='lat' dir='ltr'><strong>hoc</strong></span> <span class='ocrx_word' id='word_1_692' title='bbox 1442 4569 1613 4625; x_wconf 87' lang='lat' dir='ltr'><strong>multa</strong></span> <span class='ocrx_word' id='word_1_693' title='bbox 1643 4569 1949 4640; x_wconf 82' lang='lat' dir='ltr'><strong>processio-</strong></span> 
     </span>
    </p>
   </div>
   <div class='ocr_carea' id='block_1_91' title="bbox 361 4660 1951 4733">
    <p class='ocr_par' dir='ltr' id='par_1_91' title="bbox 361 4660 1951 4733">
     <span class='ocr_line' id='line_1_91' title="bbox 361 4660 1951 4733; baseline 0 -15"><span class='ocrx_word' id='word_1_694' title='bbox 361 4662 546 4727; x_wconf 79' lang='lat' dir='ltr'><strong>nibus,</strong></span> <span class='ocrx_word' id='word_1_695' title='bbox 562 4676 727 4717; x_wconf 88' lang='lat' dir='ltr'><strong>unum</strong></span> <span class='ocrx_word' id='word_1_696' title='bbox 751 4660 1021 4732; x_wconf 79' lang='lat' dir='ltr'><strong>principio</strong></span> <span class='ocrx_word' id='word_1_697' title='bbox 1042 4678 1056 4716; x_wconf 88' lang='lat'><strong>:</strong></span> <span class='ocrx_word' id='word_1_698' title='bbox 1079 4669 1137 4715; x_wconf 88' lang='lat' dir='ltr'><strong>et</strong></span> <span class='ocrx_word' id='word_1_699' title='bbox 1157 4660 1292 4715; x_wconf 79' lang='lat' dir='ltr'><strong>nihil</strong></span> <span class='ocrx_word' id='word_1_700' title='bbox 1308 4670 1394 4716; x_wconf 84' lang='lat' dir='ltr'><strong>est</strong></span> <span class='ocrx_word' id='word_1_701' title='bbox 1415 4661 1790 4727; x_wconf 79' lang='lat' dir='ltr'><strong>existentium,</strong></span> <span class='ocrx_word' id='word_1_702' title='bbox 1805 4660 1951 4733; x_wconf 82' lang='lat' dir='ltr'><strong>quod</strong></span> 
     </span>
    </p>
   </div>
   <div class='ocr_carea' id='block_1_92' title="bbox 366 4742 1951 4830">
    <p class='ocr_par' dir='ltr' id='par_1_92' title="bbox 366 4742 1951 4830">
     <span class='ocr_line' id='line_1_92' title="bbox 366 4742 1951 4830; baseline -0.003 -14"><span class='ocrx_word' id='word_1_703' title='bbox 366 4775 476 4816; x_wconf 84' lang='lat' dir='ltr'><strong>nun</strong></span> <span class='ocrx_word' id='word_1_704' title='bbox 507 4759 793 4830; x_wconf 82' lang='lat' dir='ltr'><strong>participet</strong></span> <span class='ocrx_word' id='word_1_705' title='bbox 823 4757 910 4815; x_wconf 92' lang='lat' dir='ltr'><strong>vel</strong></span> <span class='ocrx_word' id='word_1_706' title='bbox 940 4756 1070 4828; x_wconf 87' lang='lat' dir='ltr'><strong>quid</strong></span> <span class='ocrx_word' id='word_1_707' title='bbox 1100 4742 1282 4822; x_wconf 85' lang='lat' dir='ltr'><strong>unius,</strong></span> <span class='ocrx_word' id='word_1_708' title='bbox 1314 4757 1571 4814; x_wconf 86' lang='lat' dir='ltr'><strong>deorsum</strong></span> <span class='ocrx_word' id='word_1_709' title='bbox 1601 4756 1813 4821; x_wconf 84' lang='lat' dir='ltr'><strong>omnia,</strong></span> <span class='ocrx_word' id='word_1_710' title='bbox 1838 4756 1951 4812; x_wconf 85' lang='lat' dir='ltr'><strong>siu-</strong></span> 
     </span>
    </p>
   </div>
   <div class='ocr_carea' id='block_1_93' title="bbox 350 4833 1956 4922">
    <p class='ocr_par' dir='ltr' id='par_1_93' title="bbox 350 4833 1956 4922">
     <span class='ocr_line' id='line_1_93' title="bbox 350 4833 1956 4922; baseline -0.002 -17"><span class='ocrx_word' id='word_1_711' title='bbox 350 4848 627 4922; x_wconf 77' lang='lat' dir='ltr'><strong>gulariter</strong></span> <span class='ocrx_word' id='word_1_712' title='bbox 651 4850 854 4915; x_wconf 87' lang='lat' dir='ltr'><strong>omnia,</strong></span> <span class='ocrx_word' id='word_1_713' title='bbox 901 4857 959 4905; x_wconf 89' lang='lat' dir='ltr'><strong>et</strong></span> <span class='ocrx_word' id='word_1_714' title='bbox 987 4833 1095 4906; x_wconf 76' lang='lat' dir='ltr'><strong>tota</strong></span> <span class='ocrx_word' id='word_1_715' title='bbox 1142 4848 1347 4913; x_wconf 77' lang='lat' dir='ltr'><strong>omnia,</strong></span> <span class='ocrx_word' id='word_1_716' title='bbox 1375 4858 1430 4904; x_wconf 83' lang='lat' dir='ltr'><strong>et</strong></span> <span class='ocrx_word' id='word_1_717' title='bbox 1454 4848 1700 4921; x_wconf 85' lang='lat' dir='ltr'><strong>opposita</strong></span> <span class='ocrx_word' id='word_1_718' title='bbox 1737 4847 1956 4904; x_wconf 81' lang='lat' dir='ltr'><strong>univer-</strong></span> 
     </span>
    </p>
   </div>
   <div class='ocr_carea' id='block_1_94' title="bbox 360 4936 1953 5013">
    <p class='ocr_par' dir='ltr' id='par_1_94' title="bbox 360 4936 1953 5013">
     <span class='ocr_line' id='line_1_94' title="bbox 360 4936 1953 5013; baseline -0.003 -14"><span class='ocrx_word' id='word_1_719' title='bbox 360 4942 550 4999; x_wconf 79' lang='lat' dir='ltr'><strong>saliter</strong></span> <span class='ocrx_word' id='word_1_720' title='bbox 594 4940 1121 5013; x_wconf 76' lang='lat' dir='ltr'><strong>comprehendentis.</strong></span> <span class='ocrx_word' id='word_1_721' title='bbox 1160 4940 1229 4995; x_wconf 84' lang='lat' dir='ltr'><strong>Et</strong></span> <span class='ocrx_word' id='word_1_722' title='bbox 1267 4940 1386 4995; x_wconf 87' lang='lat' dir='ltr'><strong>sine</strong></span> <span class='ocrx_word' id='word_1_723' title='bbox 1427 4940 1647 5010; x_wconf 85' lang='lat' dir='ltr'><strong>quidem</strong></span> <span class='ocrx_word' id='word_1_724' title='bbox 1689 4956 1799 4996; x_wconf 89' lang='lat' dir='ltr'><strong>uno</strong></span> <span class='ocrx_word' id='word_1_725' title='bbox 1828 4936 1953 4997; x_wconf 59' lang='lat' dir='ltr'><strong>‘non</strong></span> 
     </span>
    </p>
   </div>
   <div class='ocr_carea' id='block_1_95' title="bbox 364 5032 1952 5097">
    <p class='ocr_par' dir='ltr' id='par_1_95' title="bbox 364 5032 1952 5097">
     <span class='ocr_line' id='line_1_95' title="bbox 364 5032 1952 5097; baseline -0.002 -5"><span class='ocrx_word' id='word_1_726' title='bbox 364 5033 473 5092; x_wconf 77' lang='lat' dir='ltr'><strong>erit</strong></span> <span class='ocrx_word' id='word_1_727' title='bbox 501 5032 807 5097; x_wconf 84' lang='lat' dir='ltr'><strong>multitudo,</strong></span> <span class='ocrx_word' id='word_1_728' title='bbox 840 5034 958 5089; x_wconf 85' lang='lat' dir='ltr'><strong>sine</strong></span> <span class='ocrx_word' id='word_1_729' title='bbox 1001 5042 1183 5088; x_wconf 88' lang='lat' dir='ltr'><strong>autem</strong></span> <span class='ocrx_word' id='word_1_730' title='bbox 1232 5032 1578 5089; x_wconf 65' lang='lat' dir='ltr'><strong>multitudine</strong></span> <span class='ocrx_word' id='word_1_731' title='bbox 1614 5034 1721 5089; x_wconf 84' lang='lat' dir='ltr'><strong>erit</strong></span> <span class='ocrx_word' id='word_1_732' title='bbox 1747 5049 1952 5089; x_wconf 70' lang='lat' dir='ltr'><strong>nuntii:</strong></span> 
     </span>
    </p>
   </div>
   <div class='ocr_carea' id='block_1_96' title="bbox 365 5126 1957 5197">
    <p class='ocr_par' dir='ltr' id='par_1_96' title="bbox 365 5126 1957 5197">
     <span class='ocr_line' id='line_1_96' title="bbox 365 5126 1957 5197; baseline -0.001 -14"><span class='ocrx_word' id='word_1_733' title='bbox 365 5126 507 5184; x_wconf 84' lang='lat' dir='ltr'><strong>sicut</strong></span> <span class='ocrx_word' id='word_1_734' title='bbox 530 5136 584 5182; x_wconf 90' lang='lat' dir='ltr'><strong>et</strong></span> <span class='ocrx_word' id='word_1_735' title='bbox 605 5140 794 5183; x_wconf 82' lang='lat' dir='ltr'><strong>manas</strong></span> <span class='ocrx_word' id='word_1_736' title='bbox 813 5134 940 5182; x_wconf 85' lang='lat' dir='ltr'><strong>ante</strong></span> <span class='ocrx_word' id='word_1_737' title='bbox 961 5139 1178 5181; x_wconf 87' lang='lat' dir='ltr'><strong>omnem</strong></span> <span class='ocrx_word' id='word_1_738' title='bbox 1205 5141 1492 5182; x_wconf 90' lang='lat' dir='ltr'><strong>numerum</strong></span> <span class='ocrx_word' id='word_1_739' title='bbox 1522 5126 1957 5197; x_wconf 86' lang='lat' dir='ltr'><strong>multiplicatum,</strong></span> 
     </span>
    </p>
   </div>
   <div class='ocr_carea' id='block_1_97' title="bbox 364 5206 1958 5291">
    <p class='ocr_par' dir='ltr' id='par_1_97' title="bbox 364 5206 1958 5291">
     <span class='ocr_line' id='line_1_97' title="bbox 364 5206 1958 5291; baseline -0.001 -15"><span class='ocrx_word' id='word_1_740' title='bbox 364 5206 423 5276; x_wconf 78' lang='lat' dir='ltr'><strong>et</strong></span> <span class='ocrx_word' id='word_1_741' title='bbox 462 5218 511 5291; x_wconf 84' lang='lat' dir='ltr'><strong>si</strong></span> <span class='ocrx_word' id='word_1_742' title='bbox 559 5212 811 5274; x_wconf 81' lang='lat' dir='ltr'><strong>omnibus</strong></span> <span class='ocrx_word' id='word_1_743' title='bbox 860 5218 1041 5273; x_wconf 77' lang='lat' dir='ltr'><strong>munia</strong></span> <span class='ocrx_word' id='word_1_744' title='bbox 1094 5218 1244 5274; x_wconf 87' lang='lat' dir='ltr'><strong>unita</strong></span> <span class='ocrx_word' id='word_1_745' title='bbox 1289 5219 1412 5289; x_wconf 77' lang='lat' dir='ltr'><strong>quis</strong></span> <span class='ocrx_word' id='word_1_746' title='bbox 1464 5219 1723 5290; x_wconf 83' lang='lat' dir='ltr'><strong>posuerit.</strong></span> <span class='ocrx_word' id='word_1_747' title='bbox 1775 5220 1958 5276; x_wconf 86' lang='lat' dir='ltr'><strong>oumia</strong></span> 
     </span>
    </p>
   </div>
   <div class='ocr_carea' id='block_1_98' title="bbox 368 5308 1989 5382">
    <p class='ocr_par' dir='ltr' id='par_1_98' title="bbox 368 5308 1989 5382">
     <span class='ocr_line' id='line_1_98' title="bbox 368 5308 1989 5382; baseline -0.002 -14"><span class='ocrx_word' id='word_1_748' title='bbox 368 5318 528 5368; x_wconf 77' lang='lat' dir='ltr'><strong>erunt</strong></span> <span class='ocrx_word' id='word_1_749' title='bbox 563 5318 674 5366; x_wconf 87' lang='lat' dir='ltr'><strong>toto</strong></span> <span class='ocrx_word' id='word_1_750' title='bbox 706 5323 893 5363; x_wconf 81' lang='lat' dir='ltr'><strong>unum.</strong></span> <span class='ocrx_word' id='word_1_751' title='bbox 918 5308 1025 5364; x_wconf 83' lang='lat' dir='ltr'><strong>Sed</strong></span> <span class='ocrx_word' id='word_1_752' title='bbox 1052 5310 1236 5382; x_wconf 85' lang='lat' dir='ltr'><strong>itaque</strong></span> <span class='ocrx_word' id='word_1_753' title='bbox 1272 5320 1325 5364; x_wconf 85' lang='lat' dir='ltr'><strong>et</strong></span> <span class='ocrx_word' id='word_1_754' title='bbox 1372 5309 1473 5365; x_wconf 85' lang='lat' dir='ltr'><strong>bne</strong></span> <span class='ocrx_word' id='word_1_755' title='bbox 1502 5312 1989 5381; x_wconf 74' lang='lat' dir='ltr'><strong>cogunscendunt,,</strong></span> 
     </span>
    </p>
   </div>
   <div class='ocr_carea' id='block_1_99' title="bbox 2053 4556 3654 4646">
    <p class='ocr_par' dir='ltr' id='par_1_99' title="bbox 2053 4556 3654 4646">
     <span class='ocr_line' id='line_1_99' title="bbox 2053 4556 3654 4646; baseline -0.017 -11"><span class='ocrx_word' id='word_1_756' title='bbox 2053 4556 2161 4642; x_wconf 82' lang='lat' dir='ltr'><strong>est,</strong></span> <span class='ocrx_word' id='word_1_757' title='bbox 2194 4587 2372 4646; x_wconf 87' lang='lat' dir='ltr'><strong>neque</strong></span> <span class='ocrx_word' id='word_1_758' title='bbox 2395 4569 2646 4634; x_wconf 80' lang='lat' dir='ltr'><strong>verbum,</strong></span> <span class='ocrx_word' id='word_1_759' title='bbox 2675 4566 2771 4623; x_wconf 84' lang='lat' dir='ltr'><strong>sed</strong></span> <span class='ocrx_word' id='word_1_760' title='bbox 2794 4567 2847 4621; x_wconf 88' lang='lat' dir='ltr'><strong>in</strong></span> <span class='ocrx_word' id='word_1_761' title='bbox 2877 4562 3037 4620; x_wconf 89' lang='lat' dir='ltr'><strong>inviis</strong></span> <span class='ocrx_word' id='word_1_762' title='bbox 3057 4560 3348 4617; x_wconf 82' lang='lat' dir='ltr'><strong>exaltatur.</strong></span> <span class='ocrx_word' id='word_1_763' title='bbox 3376 4556 3444 4613; x_wconf 82' lang='lat' dir='ltr'><strong>Et</strong></span> <span class='ocrx_word' id='word_1_764' title='bbox 3478 4566 3654 4646; x_wconf 77' lang='lat' dir='ltr'><strong>neque</strong></span> 
     </span>
    </p>
   </div>
   <div class='ocr_carea' id='block_1_100' title="bbox 2052 4643 3651 4740">
    <p class='ocr_par' dir='ltr' id='par_1_100' title="bbox 2052 4643 3651 4740">
     <span class='ocr_line' id='line_1_100' title="bbox 2052 4643 3651 4740; baseline -0.014 -15"><span class='ocrx_word' id='word_1_765' title='bbox 2052 4643 2422 4740; x_wconf 70' lang='lat' dir='ltr'><strong>ipsumoquod</strong></span> <span class='ocrx_word' id='word_1_766' title='bbox 2471 4669 2557 4718; x_wconf 88' lang='lat' dir='ltr'><strong>est</strong></span> <span class='ocrx_word' id='word_1_767' title='bbox 2600 4656 2883 4722; x_wconf 84' lang='lat' dir='ltr'><strong>bonitatis,</strong></span> <span class='ocrx_word' id='word_1_768' title='bbox 2929 4664 3188 4727; x_wconf 85' lang='lat' dir='ltr'><strong>tanquam</strong></span> <span class='ocrx_word' id='word_1_769' title='bbox 3235 4652 3544 4713; x_wconf 84' lang='lat' dir='ltr'><strong>adunantes</strong></span> 
     </span>
    </p>
   </div>
   <div class='ocr_carea' id='block_1_101' title="bbox 2053 4737 3652 4833">
    <p class='ocr_par' dir='ltr' id='par_1_101' title="bbox 2053 4737 3652 4833">
     <span class='ocr_line' id='line_1_101' title="bbox 2053 4737 3652 4833; baseline -0.015 -18"><span class='ocrx_word' id='word_1_770' title='bbox 2053 4737 2402 4833; x_wconf 69' lang='lat' dir='ltr'><strong>proferimus,</strong></span> <span class='ocrx_word' id='word_1_771' title='bbox 2438 4753 2533 4809; x_wconf 83' lang='lat' dir='ltr'><strong>sed</strong></span> <span class='ocrx_word' id='word_1_772' title='bbox 2555 4748 2826 4806; x_wconf 87' lang='lat' dir='ltr'><strong>desiderio</strong></span> <span class='ocrx_word' id='word_1_773' title='bbox 2853 4743 3183 4816; x_wconf 79' lang='lat' dir='ltr'><strong>intelligendi</strong></span> <span class='ocrx_word' id='word_1_774' title='bbox 3209 4742 3416 4833; x_wconf 80' lang='lat' dir='ltr'><strong>quidet</strong></span> <span class='ocrx_word' id='word_1_775' title='bbox 3437 4737 3652 4833; x_wconf 74' lang='lat' dir='ltr'><strong>dicendi</strong></span> 
     </span>
    </p>
   </div>
   <div class='ocr_carea' id='block_1_102' title="bbox 2056 4826 3653 4909">
    <p class='ocr_par' dir='ltr' id='par_1_102' title="bbox 2056 4826 3653 4909">
     <span class='ocr_line' id='line_1_102' title="bbox 2056 4826 3653 4909; baseline -0.017 0"><span class='ocrx_word' id='word_1_776' title='bbox 2056 4826 2401 4909; x_wconf 70' lang='lat' dir='ltr'><strong>deiuen&#39;abili</strong></span> <span class='ocrx_word' id='word_1_777' title='bbox 2442 4851 2635 4899; x_wconf 86' lang='lat' dir='ltr'><strong>natura</strong></span> <span class='ocrx_word' id='word_1_778' title='bbox 2662 4840 2748 4895; x_wconf 91' lang='lat' dir='ltr'><strong>illa</strong></span> <span class='ocrx_word' id='word_1_779' title='bbox 2787 4838 3064 4895; x_wconf 88' lang='lat' dir='ltr'><strong>nominum</strong></span> <span class='ocrx_word' id='word_1_780' title='bbox 3119 4829 3573 4906; x_wconf 86' lang='lat' dir='ltr'><strong>pretiosissimum</strong></span> <span class='ocrx_word' id='word_1_781' title='bbox 3601 4826 3653 4882; x_wconf 86' lang='lat' dir='ltr'><strong>ei</strong></span> 
     </span>
    </p>
   </div>
   <div class='ocr_carea' id='block_1_103' title="bbox 2010 4918 3656 5017">
    <p class='ocr_par' dir='ltr' id='par_1_103' title="bbox 2010 4918 3656 5017">
     <span class='ocr_line' id='line_1_103' title="bbox 2010 4918 3656 5017; baseline -0.018 -16"><span class='ocrx_word' id='word_1_782' title='bbox 2010 4942 2011 4945; x_wconf 54' lang='grc'><em>“</em></span> <span class='ocrx_word' id='word_1_783' title='bbox 2045 4939 2238 5017; x_wconf 81' lang='lat' dir='ltr'><strong>primo</strong></span> <span class='ocrx_word' id='word_1_784' title='bbox 2272 4939 2640 4995; x_wconf 84' lang='lat' dir='ltr'><strong>devovemus:</strong></span> <span class='ocrx_word' id='word_1_785' title='bbox 2667 4942 2722 4988; x_wconf 87' lang='lat' dir='ltr'><strong>et</strong></span> <span class='ocrx_word' id='word_1_786' title='bbox 2748 4927 3170 4987; x_wconf 84' lang='lat' dir='ltr'><strong>consonabimus</strong></span> <span class='ocrx_word' id='word_1_787' title='bbox 3210 4925 3393 4982; x_wconf 76' lang='lat' dir='ltr'><strong>forsan</strong></span> <span class='ocrx_word' id='word_1_788' title='bbox 3445 4920 3546 4977; x_wconf 86' lang='lat' dir='ltr'><strong>ctsi</strong></span> <span class='ocrx_word' id='word_1_789' title='bbox 3599 4918 3656 4974; x_wconf 90' lang='lat' dir='ltr'><strong>in</strong></span> 
     </span>
    </p>
   </div>
   <div class='ocr_carea' id='block_1_104' title="bbox 2064 5016 3655 5102">
    <p class='ocr_par' dir='ltr' id='par_1_104' title="bbox 2064 5016 3655 5102">
     <span class='ocr_line' id='line_1_104' title="bbox 2064 5016 3655 5102; baseline -0.018 -9"><span class='ocrx_word' id='word_1_790' title='bbox 2064 5038 2167 5093; x_wconf 83' lang='lat' dir='ltr'><strong>hoc</strong></span> <span class='ocrx_word' id='word_1_791' title='bbox 2199 5030 2488 5102; x_wconf 78' lang='lat' dir='ltr'><strong>theologis.</strong></span> <span class='ocrx_word' id='word_1_792' title='bbox 2528 5040 2713 5083; x_wconf 88' lang='lat' dir='ltr'><strong>rerum</strong></span> <span class='ocrx_word' id='word_1_793' title='bbox 2754 5034 2936 5078; x_wconf 84' lang='lat' dir='ltr'><strong>autem</strong></span> <span class='ocrx_word' id='word_1_794' title='bbox 2988 5019 3237 5085; x_wconf 65' lang='lat' dir='ltr'><strong>veritate~</strong></span> <span class='ocrx_word' id='word_1_795' title='bbox 3263 5016 3655 5084; x_wconf 81' lang='lat' dir='ltr'><strong>relinquemur.</strong></span> 
     </span>
    </p>
   </div>
   <div class='ocr_carea' id='block_1_105' title="bbox 2062 5105 3654 5196">
    <p class='ocr_par' dir='ltr' id='par_1_105' title="bbox 2062 5105 3654 5196">
     <span class='ocr_line' id='line_1_105' title="bbox 2062 5105 3654 5196; baseline -0.018 -9"><span class='ocrx_word' id='word_1_796' title='bbox 2062 5128 2274 5186; x_wconf 78' lang='lat' dir='ltr'><strong>Idcirco</strong></span> <span class='ocrx_word' id='word_1_797' title='bbox 2298 5134 2356 5181; x_wconf 91' lang='lat' dir='ltr'><strong>et</strong></span> <span class='ocrx_word' id='word_1_798' title='bbox 2380 5122 2481 5196; x_wconf 85' lang='lat' dir='ltr'><strong>ipsi</strong></span> <span class='ocrx_word' id='word_1_799' title='bbox 2510 5135 2608 5192; x_wconf 84' lang='lat' dir='ltr'><strong>per</strong></span> <span class='ocrx_word' id='word_1_800' title='bbox 2652 5116 2999 5189; x_wconf 86' lang='lat' dir='ltr'><strong>depulsiones</strong></span> <span class='ocrx_word' id='word_1_801' title='bbox 3044 5111 3248 5168; x_wconf 85' lang='lat' dir='ltr'><strong>invium</strong></span> <span class='ocrx_word' id='word_1_802' title='bbox 3294 5105 3654 5181; x_wconf 72' lang='lat' dir='ltr'><strong>practionuri-</strong></span> 
     </span>
    </p>
   </div>
   <div class='ocr_carea' id='block_1_106' title="bbox 2063 5198 3655 5279">
    <p class='ocr_par' dir='ltr' id='par_1_106' title="bbox 2063 5198 3655 5279">
     <span class='ocr_line' id='line_1_106' title="bbox 2063 5198 3655 5279; baseline -0.019 0"><span class='ocrx_word' id='word_1_803' title='bbox 2063 5222 2381 5279; x_wconf 83' lang='lat' dir='ltr'><strong>ﬁcaverunt,</strong></span> <span class='ocrx_word' id='word_1_804' title='bbox 2413 5213 2493 5270; x_wconf 89' lang='lat' dir='ltr'><strong>sic</strong></span> <span class='ocrx_word' id='word_1_805' title='bbox 2517 5211 2814 5268; x_wconf 79' lang='lat' dir='ltr'><strong>excedente</strong></span> <span class='ocrx_word' id='word_1_806' title='bbox 2842 5206 3023 5262; x_wconf 88' lang='lat' dir='ltr'><strong>anima</strong></span> <span class='ocrx_word' id='word_1_807' title='bbox 3074 5201 3188 5259; x_wconf 86' lang='lat' dir='ltr'><strong>suis</strong></span> <span class='ocrx_word' id='word_1_808' title='bbox 3213 5198 3655 5273; x_wconf 76' lang='lat' dir='ltr'><strong>cognationibus,</strong></span> 
     </span>
    </p>
   </div>
   <div class='ocr_carea' id='block_1_107' title="bbox 2064 5292 3654 5387">
    <p class='ocr_par' dir='ltr' id='par_1_107' title="bbox 2064 5292 3654 5387">
     <span class='ocr_line' id='line_1_107' title="bbox 2064 5292 3654 5387; baseline -0.02 -15"><span class='ocrx_word' id='word_1_809' title='bbox 2064 5326 2121 5371; x_wconf 90' lang='lat' dir='ltr'><strong>et</strong></span> <span class='ocrx_word' id='word_1_810' title='bbox 2167 5329 2264 5387; x_wconf 89' lang='lat' dir='ltr'><strong>per</strong></span> <span class='ocrx_word' id='word_1_811' title='bbox 2307 5292 2498 5366; x_wconf 83' lang='lat' dir='ltr'><strong>omnes</strong></span> <span class='ocrx_word' id='word_1_812' title='bbox 2549 5304 2762 5362; x_wconf 85' lang='lat' dir='ltr'><strong>divinas</strong></span> <span class='ocrx_word' id='word_1_813' title='bbox 2825 5297 3210 5370; x_wconf 82' lang='lat' dir='ltr'><strong>intelligentias</strong></span> <span class='ocrx_word' id='word_1_814' title='bbox 3252 5292 3654 5367; x_wconf 74' lang='lat' dir='ltr'><strong>proliciscctttc,</strong></span> 
     </span>
    </p>
   </div>
   <div class='ocr_carea' id='block_1_108' title="bbox 1653 5448 2363 5551">
    <p class='ocr_par' dir='ltr' id='par_1_108' title="bbox 1653 5448 2363 5551">
     <span class='ocr_line' id='line_1_108' title="bbox 1653 5448 2363 5551; baseline -0.006 -6"><span class='ocrx_word' id='word_1_815' title='bbox 1653 5489 1912 5548; x_wconf 77' lang='lat' dir='ltr'><strong>VARIAE</strong></span> <span class='ocrx_word' id='word_1_816' title='bbox 1948 5448 2363 5551; x_wconf 63' lang='lat' dir='ltr'><strong>nummatis.</strong></span> 
     </span>
    </p>
   </div>
   <div class='ocr_carea' id='block_1_109' title="bbox 443 5621 1738 5684">
    <p class='ocr_par' dir='ltr' id='par_1_109' title="bbox 443 5621 1738 5684">
     <span class='ocr_line' id='line_1_109' title="bbox 443 5621 1738 5684; baseline -0.001 -8"><span class='ocrx_word' id='word_1_817' title='bbox 443 5625 459 5653; x_wconf 82' lang='lat'>&#39;</span> <span class='ocrx_word' id='word_1_818' title='bbox 499 5632 545 5676; x_wconf 81' lang='lat' dir='ltr'><strong>et</strong></span> <span class='ocrx_word' id='word_1_819' title='bbox 596 5621 814 5676; x_wconf 65' lang='lat' dir='ltr'><strong>eundem</strong></span> <span class='ocrx_word' id='word_1_820' title='bbox 870 5638 979 5676; x_wconf 74' lang='lat' dir='ltr'><strong>otii.</strong></span> <span class='ocrx_word' id='word_1_821' title='bbox 1032 5623 1191 5679; x_wconf 76' lang='lat' dir='ltr'><strong>codd.</strong></span> <span class='ocrx_word' id='word_1_822' title='bbox 1280 5630 1301 5659; x_wconf 80' lang='grc'>¹</span> <span class='ocrx_word' id='word_1_823' title='bbox 1357 5623 1399 5678; x_wconf 83' lang='grc' dir='ltr'>Ε</span> <span class='ocrx_word' id='word_1_824' title='bbox 1449 5623 1738 5684; x_wconf 69' lang='grc' dir='ltr'><strong>νιιοηιιόα.⁴</strong></span> 
     </span>
    </p>
   </div>
   <div class='ocr_carea' id='block_1_110' title="bbox 1799 5621 2290 5689">
    <p class='ocr_par' dir='ltr' id='par_1_110' title="bbox 1799 5621 2290 5689">
     <span class='ocr_line' id='line_1_110' title="bbox 1799 5621 2290 5689; baseline -0.016 -11"><span class='ocrx_word' id='word_1_825' title='bbox 1799 5622 1821 5654; x_wconf 83' lang='grc'>³</span> <span class='ocrx_word' id='word_1_826' title='bbox 1853 5622 1937 5677; x_wconf 86' lang='lat' dir='ltr'><strong>Bll</strong></span> <span class='ocrx_word' id='word_1_827' title='bbox 1990 5621 2290 5689; x_wconf 70' lang='lat' dir='ltr'><strong>partietpat.</strong></span> 
     </span>
    </p>
   </div>
   <div class='ocr_carea' id='block_1_111' title="bbox 2395 5601 3656 5668">
    <p class='ocr_par' dir='ltr' id='par_1_111' title="bbox 2395 5601 3656 5668">
     <span class='ocr_line' id='line_1_111' title="bbox 2395 5601 3656 5668; baseline -0.016 1"><span class='ocrx_word' id='word_1_828' title='bbox 2395 5621 2419 5653; x_wconf 66' lang='grc' dir='ltr'>δ</span> <span class='ocrx_word' id='word_1_829' title='bbox 2467 5623 2515 5668; x_wconf 78' lang='lat' dir='ltr'><strong>ct</strong></span> <span class='ocrx_word' id='word_1_830' title='bbox 2576 5628 2727 5666; x_wconf 80' lang='lat' dir='ltr'><strong>omne</strong></span> <span class='ocrx_word' id='word_1_831' title='bbox 2779 5623 2941 5663; x_wconf 79' lang='lat' dir='ltr'><strong>unum</strong></span> <span class='ocrx_word' id='word_1_832' title='bbox 2985 5634 3056 5646; x_wconf 85' lang='lat'><strong><em>——</em></strong></span> <span class='ocrx_word' id='word_1_833' title='bbox 3096 5601 3485 5657; x_wconf 75' lang='lat' dir='ltr'><strong>multitudinem</strong></span> <span class='ocrx_word' id='word_1_834' title='bbox 3541 5611 3656 5649; x_wconf 77' lang='lat' dir='ltr'><strong>nus.</strong></span> 
     </span>
    </p>
   </div>
   <div class='ocr_carea' id='block_1_112' title="bbox 368 5676 3245 5766">
    <p class='ocr_par' dir='ltr' id='par_1_112' title="bbox 368 5676 3245 5766">
     <span class='ocr_line' id='line_1_112' title="bbox 368 5676 3245 5766; baseline -0.001 -18"><span class='ocrx_word' id='word_1_835' title='bbox 368 5692 531 5748; x_wconf 75' lang='lat' dir='ltr'><strong>codd.</strong></span> <span class='ocrx_word' id='word_1_836' title='bbox 609 5693 631 5726; x_wconf 84' lang='grc'><strong><em>⁸</em></strong></span> <span class='ocrx_word' id='word_1_837' title='bbox 658 5708 820 5763; x_wconf 74' lang='lat' dir='ltr'><strong>neque</strong></span> <span class='ocrx_word' id='word_1_838' title='bbox 848 5709 970 5763; x_wconf 68' lang='lat' dir='ltr'><strong>pars</strong></span> <span class='ocrx_word' id='word_1_839' title='bbox 998 5676 1290 5754; x_wconf 36' lang='lat' dir='ltr'><strong>usurcodd.</strong></span> <span class='ocrx_word' id='word_1_840' title='bbox 1362 5676 1399 5729; x_wconf 62' lang='grc' dir='ltr'><strong>ἶ</strong></span> <span class='ocrx_word' id='word_1_841' title='bbox 1424 5707 1469 5751; x_wconf 73' lang='lat' dir='ltr'><strong>et</strong></span> <span class='ocrx_word' id='word_1_842' title='bbox 1497 5676 1661 5750; x_wconf 71' lang='lat' dir='ltr'><strong>totum</strong></span> <span class='ocrx_word' id='word_1_843' title='bbox 1686 5680 1738 5761; x_wconf 30' lang='lat' dir='ltr'><strong>et;</strong></span> <span class='ocrx_word' id='word_1_844' title='bbox 1756 5676 2114 5766; x_wconf 63' lang='lat' dir='ltr'><strong>deﬁnitionem</strong></span> <span class='ocrx_word' id='word_1_845' title='bbox 2138 5676 2249 5748; x_wconf 75' lang='lat' dir='ltr'><strong>uin.</strong></span> <span class='ocrx_word' id='word_1_846' title='bbox 2276 5687 2435 5746; x_wconf 73' lang='lat' dir='ltr'><strong>codd.</strong></span> <span class='ocrx_word' id='word_1_847' title='bbox 2513 5684 2533 5717; x_wconf 89' lang='lat'><strong>&#39;</strong></span> <span class='ocrx_word' id='word_1_848' title='bbox 2563 5694 2609 5738; x_wconf 68' lang='grc' dir='ltr'><strong>εί</strong></span> <span class='ocrx_word' id='word_1_849' title='bbox 2640 5684 2918 5736; x_wconf 65' lang='lat' dir='ltr'><strong>(&quot;Inth</strong></span> <span class='ocrx_word' id='word_1_850' title='bbox 2950 5692 3058 5731; x_wconf 76' lang='grc' dir='ltr'>οιιιο</span> <span class='ocrx_word' id='word_1_851' title='bbox 3086 5676 3245 5732; x_wconf 62' lang='grc' dir='ltr'><strong>((⁸άά-</strong></span> 
     </span>
    </p>
   </div>
   <div class='ocr_carea' id='block_1_113' title="bbox 2810 5915 2853 5935">
    <p class='ocr_par' dir='ltr' id='par_1_113' title="bbox 2810 5915 2853 5935">
     <span class='ocr_line' id='line_1_113' title="bbox 2810 5915 2853 5935; baseline 0 -12"><span class='ocrx_word' id='word_1_852' title='bbox 2810 5915 2853 5935; x_wconf 46' lang='grc' dir='ltr'><strong>,μ</strong></span> 
     </span>
    </p>
   </div>
  </div>
