4198 6236
349 392 482 445 ΗΠ

1213 383 1459 442 νεηδιο
1494 383 1776 440 ΟΡΕΒΗΜ
1815 384 1872 438 S.
1913 378 2230 440 DIUNYSII.
2265 387 2332 424 '—
2364 383 2760 443 EPIS'I‘OLAE.

3471 424 3616 481 1118

1713 550 2262 632 INCIPIUNT

949 754 1477 856 EPISTOLAE
1553 753 2032 852 DIVERSAE
2109 753 2453 912 SANC'I‘I
2523 744 3005 861 D-IONYSI‘I"

341 1081 583 1157 Epistula
627 1033 794 1151 sancti
840 1073 1464 1202 Diongu;‘:‘1:ppagitas
1499 1066 1637 1142 Gaio
1673 1070 1929 1125 monacho

392 1265 397 1288 :
415 1243 695 1300 Tenebrae
727 1238 944 1312 quidem
974 1237 1237 1293 obscurae
1266 1233 1401 1290 llunt
1425 1231 1649 1296 lumine,
1679 1237 1735 1286 et
1757 1227 1930 1299 magis

328 1333 512 1390 'mnlto
551 1333 771 1388 lumine.
823 1327 1184 1403 Ignorantiam
1222 1325 1499 1383 occultant
1538 1322 1829 1386 scientiae,
1874 1331 1931 1376 et

340 1424 515 1496 magis
545 1422 748 1480 multae
788 1421 1066 1478 scientiae.
1109 1417 1256 1474 Haec
1292 1415 1791 1488 superetninenter,
1830 1411 1928 1469 sed

340 1532 450 1575 non
495 1510 790 1573 secundum
831 1511 1196 1585 privationem
1218 1509 1522 1578 accipiens,
1563 1507 1800 1578 approba
1830 1519 1924 1560 su-

339 1620 589 1680 pervere,
615 1608 742 1677 quia
774 1603 904 1662 latet
929 1603 1192 1686 habentes
1213 1599 1275 1657 ὃν
1291 1601 1499 1667 lumen,
1523 1607 1578 1654 et
1609 1613 1734 1654 vere
1755 1597 1928 1688 scien-

342 1698 417 1754 tia
469 1695 764 1754 secundum
815 1694 987 1766 Deum
1037 1692 1341 1766 ignorantia
1371 1732 1387 1756 ,
1443 1699 1519 1747 et~
1554 1688 1927 1761 superpositae

332 1789 510 1859 ipsius
528 1786 792 1844 tenebrae
821 1765 1071 1867 velantur
1090 1784 1160 1840 ab
1184 1783 1332 1838 omni
1370 1780 1593 1844 lumine,
1619 1791 1675 1836 et
1702 1779 1927 1864 abscon—

330 1881 476 1938 .dunt
530 1893 744 1935 omnem
788 1875 1101 1934 scientiam.
1141 1872 1300 1930 Etsi
1348 1872 1471 1944 quis
1514 1868 1705 1947 videns
1753 1868 1922 1924 Deum

330 1969 602 2026 intellexit
639 1969 785 2039 quod
827 1967 979 2032 vidit,
1022 1979 1129 2021 non
1171 1965 1347 2035 ipsum
1393 1961 1789 2032 contemplatus
1816 1966 1922 2026 est,

335 2048 443 2120 ξω·
462 2064 595 2133 quid
626 2074 812 2118 eorum
849 2061 919 2118 ab
953 2062 1070 2133 ipso
1101 2046 1450 2116 existenlium
1479 2067 1536 2113 et
1561 2057 1918 2128 cognitorum.

337 2153 458 2224 Ipse
486 2162 661 2208 autem
700 2168 866 2223 super
899 2151 1139 2219 animum
1175 2143 1237 2207 et
1269 2140 1556 2212 eSsentiem
1587 2146 1922 2219 supercollo-

339 2252 515 2305 catus,
541 2241 917 2298 universaliter
941 2256 1047 2297 non
1073 2241 1458 2311 cognoscendo.
1471 2254 1648 2311 neque
1666 2239 1918 2303 videndo,

1953 957 1999 1016 Α
2033 955 2130 1010 bus
2175 965 2260 1011 est
2305 957 2610 1016 hominibus
2661 967 3017 1039 essentialitcr
3063 957 3411 1034 coordinatus
3456 977 3608 1038 Non?

2034 1048 2178 1101 enim
2210 1057 2267 1102 ut
2309 1051 2548 1107 causalis
2583 1054 2888 1123 hominum,
2921 1060 3008 1116 hic
3047 1064 3248 1120 dicitur
3286 1067 3477 1152 homo,
3513 1075 3606 1130 sed

2034 1146 2093 1194 ut
2131 1139 2235 1195 hoc
2274 1143 2569 1200 secundum
2605 1160 2693 1202 ess
2726 1149 2892 1204 ntiam
2932 1160 3098 1209 totam
3138 1170 3265 1212 vere
3314 1139 3474 1219 homo
3513 1165 3603 1222 at.

2032 1227 2142 1286 Nos
2179 1241 2360 1287 autem
2383 1231 2566 1290 Jesutn
2602 1251 2704 1294 non
2744 1238 3054 1300 humanitus
3077 1257 3453 1321 .Iegregamus.
3502 1254 3605 1311 Νο-

2031 1335 2137 1390 que
2163 1322 2328 1396 _enim
2373 1324 2536 1380 homo
2582 1336 2808 1394 tantum,
2846 1347 3015 1402 neque
3046 1343 3508 1404 superesseutialis
3533 1347 3606 1402 sit

2029 1405 2190 1468 homo
2223 1422 2430 1470 tantum
2459 1457 2474 1482 ,
2505 1418 2784 1476 sed~homo
2812 1430 2965 1488 vere,
2993 1415 3604 1501 diﬂereltter‘ltnmanns,

2028 1520 2190 1576 super
2220 1507 2484 1577 homines,
2514 1507 2569 1567 et
2596 1515 2889 1570 secundum
2918 1517 3182 1583 homines,
3208 1534 3272 1576 ex
3301 1524 3605 1584 hominibus

2025 1611 2090 1682 es
2123 1600 2358 1654 essentia
2390 1606 2859 1672 superessentialis
2891 1611 3234 1668 essentiatus.
3282 1613 3378 1668 Est
3426 1624 3605 1673 autem

2026 1687 2163 1744 nihil
2195 1691 2374 1749 minus
2399 1697 2969 1763 superessentialitatis
2992 1701 3428 1772 superplenitudo
3458 1720 3621 1762 sem-'

2025 1793 2126 1850 per
2165 1784 2657 1852 superessentialis.
2704 1781 2889 1858 Itaque
2925 1788 3016 1852 tali
3059 1794 3422 1862 magnitudine
3459 1805 3513 1851 et
3549 1797 3604 1852 in
3673 1832 3676 1836 -

2023 1870 2319 1926 essentiam
2345 1887 2472 1930 vere
2499 1876 2750 1940 veniens,
2783 1886 2836 1932 et
2879 1892 3042 1950 super
3077 1882 3368 1957 essentiam
3411 1878 3598 1942 essen-

2023 1960 2190 2027 tiatus
2235 1973 2346 2030 est,
2391 1973 2448 2045 et
2487 1980 2651 2037 super
2697 1963 2966 2034 hominem
3010 1982 3267 2043 operatur
3291 1989 3431 2044 quae
3475 1985 3602 2030 sunt

2023 2051 2258 2108 hominis
2282 2065 2334 2110 ι.
2365 2053 2430 2110 Et
2457 2057 2698 2114 declarat
2727 2060 2878 2131 virgo
2907 2065 3384 2132 strpernaturaliter
3407 2075 3598 2135 partu-

2020 2143 2188 2209 riens,
2218 2152 2271 2200 et
2298 2159 2438 2216 aqua
2471 2149 2758 2213 instabilis,
2795 2152 3154 2210 malerialium
3178 2164 3235 2235 et
3261 2155 3611 2226 terrenorum

2013 2233 2214 2303 pedum
2237 2236 2511 2292 sustinens
2535 2240 2879 2309 gravitatem,
2901 2252 2956 2298 et
2979 2256 3084 2305 npn
3112 2233 3480 2316 imaginatam,
3502 2248 3602 2304 sed

324 2345 393 2390 .et
425 2343 510 2390 est
539 2330 1090 2406 superessentialiter,
1139 2307 1192 2390 et
1241 2348 1400 2403 super
1437 2307 1677 2388 animum
1717 2345 1917 2398 cogno-

2023 2327 2418 2395 snpernaturali
2444 2307 2644 2387 virtute
2656 2332 2739 2388 'ad
2764 2332 3048 2391 insolubile
3067 2307 3437 2394 constitutam.
3461 2307 3600 2404 Quid

340 2427 533 2483 scitur.
569 2427 637 2482 Et
665 2428 779 2498 ipsa
806 2427 1103 2483 secundum
1130 2425 1273 2497 quod
1306 2425 1499 2482 melius
1524 2423 1918 2495 perfectissima

306 2516 645 2598 'lgnorantis
672 2515 897 2574 scientia
924 2525 1010 2573 est
1047 2514 1164 2583 ejus
1193 2528 1360 2586 super
1377 2515 1562 2572 omnia
1594 2514 1828 2587 cognita.

1095 2624 1162 2680 Il.

1028 2738 1232 2811 Eidem.

409 2848 690 2916 Quomodo
712 2849 950 2910 omnium
981 2850 1264 2906 summitas
1302 2860 1358 2906 et
1397 2863 1559 2921 super
1584 2850 1917 2905 divinitatem

339 2953 423 2998 est
453 2953 508 3003 et
549 2957 711 3012 super
736 2943 1069 2998 bonitatem?
1117 2940 1173 2997 Si
1223 2941 1476 2998 deitatem
1526 2952 1582 2997 et
1624 2941 1918 3001 bonitatem

294 3031 606 3103 ,intelligas
648 3034 817 3104 ipsam
857 3046 970 3088 rem
1001 3030 1228 3088 beneﬁci
1263 3041 1318 3086 et
1359 3031 1532 3088 (leillci
1578 3034 1839 3098 muneris,
1863 3039 1922 3087 et

341 3135 447 3176 non
478 3121 791 3177 imitabilem
826 3121 1074 3191 superdei
1110 3129 1165 3174 et
1201 3121 1548 3190 superoptimi
1570 3160 1586 3186 ,
1623 3122 1919 3179 secundum

340 3229 500 3284 quam
565 3215 879 3269 tleilicamur
919 3221 975 3269 et
1035 3212 1409 3269 honilicamur.
1462 3213 1674 3268 Etenim
1721 3214 1768 3269 si
1817 3213 1920 3270 hoc

340 3305 660 3374 principium
692 3302 752 3359 llt
784 3304 1089 3370 deiﬁcandi,
1119 3315 1175 3360 et
1207 3306 1409 3374 optime
1452 3307 1630 3376 agitur
1656 3304 1920 3362 deiﬁcatis

339 3405 393 3448 et
422 3380 830 3465 optime'l'actis,
855 3397 1032 3452 omnis
1061 3395 1308 3466 principii
1337 3395 1829 3467 superprincipalis,
1865 3405 1919 3452 et

339 3485 418 3536 sic
447 3483 619 3538 dictae
647 3483 861 3539 deitatis
882 3493 939 3539 et
977 3483 1253 3546 bonitatis,
1279 3493 1337 3538 ut
1367 3485 1660 3540 divinitatis
1685 3489 1739 3538 et
1765 3485 1919 3540 boni-

343 3573 470 3626 tatis
495 3570 578 3626 est
611 3576 916 3639 summitas,
946 3584 1204 3645 quantum
1237 3575 1571 3631 inimitabilis
1600 3585 1655 3632 et
1689 3577 1915 3633 immen-

340 3663 614 3728 surabilis,
649 3675 866 3735 superat
897 3665 1225 3722 imitationes
1265 3675 1320 3722 et
1361 3667 1830 3738 participationes,
1856 3677 1914 3725 et

342 3753 612 3810 imitantes
651 3765 704 3810 et
734 3756 1138 3826 participantes.

1012 3957 1216 4014 Eidem.
1271 4021 1273 4023 ,

413 4046 491 4101 Ex
526 4047 736 4101 occulto
765 4056 868 4111 est,
889 4049 1036 4116 quod
1065 4058 1254 4102 contra
1283 4063 1450 4119 spem,
1480 4061 1534 4106 et
1561 4067 1627 4107 ex
1654 4046 1722 4107 eo
1749 4067 1916 4124 usque

338 4137 631 4193 obscurum
679 4138 732 4190 in
771 4137 1111 4192 manifestum
1143 4139 1444 4194 deductum.
1494 4141 1591 4197 Ast
1624 4129 1916 4198 secundum

345 4225 616 4281 Christum
645 4227 976 4280 humanitate
1003 4240 1057 4281 et
1087 4229 1188 4283 hoc
1222 4231 1455 4284 arbitror
1485 4233 1806 4303 theologiam
1831 4235 1920 4289 de-

343 4319 589 4380 clarare,
637 4331 708 4370 ex
759 4318 968 4372 occulto
1021 4321 1524 4387 superessentiaiem
1582 4324 1632 4377 in
1681 4335 1918 4378 nostram

345 4403 832 4462 manifestatiouem
870 4393 1551 4466 humanitus.essentiatum
1588 4415 1916 4484 provenisse.

345 4495 600 4551 Occultus
628 4508 810 4550 autem
835 4507 919 4551 est
951 4507 1004 4550 et
1041 4507 1159 4567 post
1195 4500 1705 4565 tnanil‘estationem,
1732 4515 1826 4577 aut
1865 4513 1924 4558 ut

347 4587 449 4641 hoc
479 4587 714 4642 divinius
740 4587 953 4652 dicam,
998 4599 1051 4642 et
1098 4590 1152 4643 in
1201 4589 1654 4657 manifestatione.
1711 4594 1775 4648 Et
1823 4595 1927 4650 hoc

345 4678 489 4733 enim
524 4675 650 4732 Iesu
693 4679 1016 4744 occultatur,
1043 4688 1097 4734 et
1126 4679 1274 4734 nullo
1295 4682 1461 4736 verbo
1481 4723 1495 4748 ,
1544 4699 1718 4755 neque
1763 4687 1924 4743 intel-

347 4767 489 4822 lectu
528 4767 820 4821 secundum
866 4769 1039 4836 ipsum
1083 4770 1436 4842 investigatur
1470 4777 1808 4844 mysterium,
1833 4771 1928 4835 sed

347 4867 400 4910 et
428 4855 628 4911 dictum
669 4854 936 4911 iuell‘abile
979 4867 1192 4924 manet,
1223 4870 1277 4913 et
1314 4862 1642 4916 intellectum
1689 4866 1926 4937 incogni-

350 4954 441 4998 tun

1087 5014 1172 5070 IV.

1028 5125 1233 5180 Eidem.

418 5235 731 5302 Quomodo,
763 5233 944 5304 inquis
964 5277 978 5300 ,
1009 5235 1163 5292 Iesus
1189 5241 1428 5317 omnium
1464 5247 1718 5309 ἱπέκεινα,
1749 5252 1924 5304 omni-

2019 2415 2219 2486 siquis
2257 2427 2441 2474 cetera
2482 2407 2714 2490 plurima
2759 2424 3043 2481 existentia
3093 2429 3466 2498 pertranseat;
3504 2443 3603 2499 per

2019 2521 2160 2578 quae
2189 2509 2446 2566 divinitus
2475 2511 2661 2568 videns
2704 2528 2867 2586 super
2909 2511 3146 2573 animum
3193 2527 3511 2591 cognoscet,
3541 2531 3598 2575 et

2020 2598 2078 2654 in
2126 2601 2456 2659 humanitate
2495 2601 2622 2660 Jesu
2663 2604 2990 2665 intentiones
3020 2609 3270 2670 virtutem
3305 2615 3600 2681 superemi-
3647 2605 3651 2609 ’

2019 2691 2198 2746 uentis
2223 2691 2555 2763 depulsionis
2594 2695 2892 2753 habentes?
2937 2699 3146 2756 Etenim
3183 2709 3248 2755 ut
3289 2702 3601 2772 colligentes

2019 2779 2264 2838 dicamus
2288 2822 2304 2850 ,
2345 2800 2522 2856 neque
2564 2787 2726 2843 homo
2753 2799 2904 2855 erat,
2954 2806 3061 2845 non
3109 2799 3168 2846 ut
3208 2807 3313 2846 non
3361 2793 3597 2858 homine,

2019 2873 2116 2928 sed
2151 2880 2209 2928 ut
2242 2887 2311 2930 ex
2354 2875 2677 2933 hominibus
2705 2878 2983 2937 hominum
3045 2883 3285 2946 ἐώεινα,
3337 2892 3392 2936 et
3439 2883 3602 2954 super
3689 2889 3694 2894 ’

2020 2961 2291 3019 hominem
2320 2979 2450 3021 vere
2477 2968 2640 3024 homo
2667 2967 2863 3026 lactus.
2899 2971 2967 3026 Et
2992 2981 3233 3028 ceterum
3267 2989 3371 3029 non
3407 2972 3601 3031 secuit.

2019 3052 2147 3108 dum
2178 3055 2344 3111 Deum
2375 3057 2556 3114 divina
2584 3071 2838 3131 operatus
2863 3072 2981 3130 est,
3012 3069 3190 3134 neque
3234 3065 3465 3121 humans
3513 3083 3599 3124 se-

2019 3145 2254 3219 cundum
2289 3145 2581 3211 hominem,
2609 3151 2704 3206 sed
2733 3151 3023 3208 humanato
3061 3151 3172 3208 Deo
3206 3169 3400 3209 novam
3424 3169 3600 3225 quan-

2018 3232 2146 3289 dam
2191 3212 2574 3293 deihumanam
2623 3241 2992 3310 operationem
3045 3241 3202 3298 nobis
3248 3212 3605 3300 conversatus

2019 3335 2124 3382 08L

2783 3421 2850 3478 ν.

2530 3509 2810 3566 Dorothco'
2829 3512 3090 3569 ministro.

1940 3640 1987 3703 ρ
2086 3635 2276 3692 Divina
2301 3637 2477 3708 caligo
2502 3647 2589 3694 est
2615 3639 2988 3695 inaccessibile
3015 3638 3227 3704 lumen,
3270 3642 3321 3695 in
3354 3657 3461 3712 quo
3495 3643 3595 3699 ha'-

2012 3723 2186 3779 bitare
2215 3724 2357 3781 Deus
2382 3727 2612 3793 dicitur,
2653 3737 2712 3783 et
2755 3729 3012 3784 invisibili
3052 3731 3348 3795 existente,
3383 3741 3603 3804 propter

2014 3817 2502 3884 sopereminentem
2534 3820 2556 3851 '
2600 3819 2922 3885 claritatem,
2946 3830 3000 3874 et
3029 3821 3383 3877 iuaccessihili
3411 3825 3598 3877 eodem

2013 3918 2113 3973 per
2180 3905 2720 3974 superexeellentiam
2791 3909 3264 3976 superesseutialis
3330 3911 3593 3966 luminum

2014 3992 2355 4078 manationis.
2406 3993 2464 4047 In
2496 3994 2598 4050 hoc
2629 3995 2690 4049 lit
2731 3996 2910 4050 omnis
2947 3996 3114 4052 Deum
3142 4001 3284 4055 scire
3328 4012 3385 4056 et
3421 4002 3599 4057 videre
3646 3987 3647 3990 ¹

2015 4081 2236 4154 dignus,
2279 4099 2344 4140 eo
2399 4084 2505 4140 n'on
2547 4085 2778 4142 videndo
2823 4103 2997 4154 neque
3039 4094 3434 4161 Cognoscendo,
3474 4108 3599 4149 vere

2016 4171 2072 4226 in
2100 4189 2207 4244 quo
2239 4190 2402 4245 super
2431 4176 2695 4252 yisionem
2745 4189 2801 4233 et
2843 4180 3203 4250 cognitionem
3237 4183 3412 4238 lactus
3437 4226 3450 4247 .
3492 4186 3593 4240 hoc

2018 4261 2193 4330 ipsum
2221 4275 2585 4332 cegnoscens,
2621 4266 2748 4335 quia
2797 4282 2958 4337 super
2983 4273 3162 4325 omnia
3196 4283 3280 4328 est
3324 4275 3599 4328 sensibilis

2021 4361 2074 4408 et
2130 4353 2521 4424 intelligibilia,
2571 4365 2626 4411 et
2671 4359 2984 4428 prophetice
3033 4362 3220 4416 videns
3255 4378 3284 4393 ··
3339 4365 3602 4421 Mirabilis

2022 4443 2165 4512 facta
2199 4455 2274 4497 est
2308 4446 2522 4499 scientia
2575 4457 2668 4499 tua
2716 4465 2780 4501 ea:
2817 4439 3242 4519 τηείσοηίονιαια
3276 4464 3370 4518 (ει,
3426 4466 3471 4508 et
3501 4473 3605 4511 non

2023 4544 2200 4602 potero
2234 4536 2303 4587 ad
2332 4551 2446 4588 eam
2479 4535 2527 4588 δ.
2565 4535 2657 4592 Sic
2681 4553 2810 4606 ergo
2833 4540 3042 4595 divinus
3067 4541 3262 4596 Paulus
3288 4551 3606 4614 cognovisse

2025 4619 2194 4676 Deum
2217 4621 2432 4686 dicitur,
2450 4639 2781 4694 cognoscens
2802 4641 2924 4680 eum
2951 4643 3114 4697 super
3137 4645 3350 4686 omnem
3373 4634 3604 4689 existen-

2028 4718 2137 4765 tem
2165 4711 2496 4767 intellectum
2523 4723 2577 4767 et
2601 4715 2879 4768 scientiam
2899 4717 2938 4771 ³.
2959 4719 2984 4756 ³
3023 4717 3247 4788 Propter
3272 4709 3415 4788 quod
3445 4731 3500 4776 et
3528 4722 3608 4775 in-

2028 4799 2372 4869 vestigabiles
2400 4816 2521 4857 esse
2544 4804 2662 4857 vias
2692 4805 2808 4872 ejus
2835 4807 2944 4870 ait,
2963 4795 3030 4860 ἐι
3062 4808 3432 4864 inscrutahilis
3466 4811 3608 4880 judi-

2031 4889 2113 4946 cia
2143 4891 2278 4961 ejus,
2301 4903 2355 4972 et
2382 4893 2775 4950 inenarrabiles
2797 4898 3110 4952 donationes
3134 4911 3248 4966 ejus
3264 4914 3284 4942 ε
3305 4943 3319 4966 ,
3342 4913 3394 4957 et
3422 4917 3606 4971 pacem

1955 4962 2009 5021 D
2034 4982 2152 5050 ejus
2179 4969 2521 5053 superantem
2567 5000 2780 5040 omnem
2831 4988 3202 5054 intellectum“,
3229 4993 3308 5045 sio
3335 4993 3610 5047 inveniens

2035 5089 2198 5142 super
2239 5076 2445 5138 omnia,
2493 5091 2548 5131 et
2599 5076 2701 5132 hoc
2752 5092 2912 5147 super
2965 5080 3382 5148 intelligentiam
3416 5096 3588 5153 coguo

2034 5176 2220 5226 scens,
2253 5155 2378 5231 quia
2409 5181 2652 5223 omnnnn
2693 5177 2775 5220 εει
2805 5170 3033 5223 ἐπέκεινα
3055 5208 3067 5230 ,
3104 5170 3342 5223 omnium
3381 5171 3609 5227 causalis

2032 5273 2148 5311 ens.

1633 5355 1886 5417 VARIAE
1926 5366 2323 5422 LECTIONES.

351 5506 503 5562 codd.

420 5438 448 5526 ί,
472 5435 746 5526 !ncipiunt
774 5465 844 5476 —
872 5435 1112 5506 Dionysii
1149 5454 1256 5492 om.
1301 5439 1372 5507 E,
1417 5442 1576 5526 indici
1628 5448 1976 5517 cpistolurum
2015 5456 2331 5526 praemittit
2377 5455 2438 5510 Β.
2516 5465 2537 5496 ί
2577 5458 2620 5512 Ε
2653 5460 2976 5514 eminentem.
3035 5486 3047 5494 ·

3108 5471 3155 5516 et
3191 5461 3474 5518 scientiam
3491 5477 3603 5519 om.

1910 5577 2159 5649 NOTAE.

425 5677 447 5706 ³
487 5667 642 5722 Joan.
674 5669 728 5724 l:
772 5670 898 5723 an.
940 5672 998 5726 Il.

430 5735 456 5775 δ’
493 5736 633 5791 l’sal.
677 5737 1002 5807 CXXXVIII,
1038 5746 1089 5799 6.

2108 5699 2128 5726 ε
2172 5686 2327 5741 Rom.
2363 5688 2453 5751 XI,
2483 5689 2572 5744 ⁸53.

2111 5756 2135 5795 ιι
2174 5755 2402 5829 Philipp.
2433 5758 2526 5844 IV,
2546 5761 2596 5818 7.
