4198 6264
533 276 536 279 λ
637 293 768 353 tm

1122 489 1393 560 Sosipotro
1431 492 1709 546 sacerdoti.

693 579 812 638 Noli
835 579 940 637 hoc
965 578 1257 637 aestimare
1284 579 1589 643 victoriam,
1622 593 1778 638 sacer
1809 580 2106 653 Sosipater.
2148 581 2202 640 lu

626 671 933 742 religionem
958 678 1049 724 aut
1074 668 1301 741 gloriam
1327 667 1579 737 injui-iam
1608 671 1785 727 facere
1810 668 1918 726 noli
1943 671 2201 743 optimam

624 760 962 823 manifestum
1041 759 1226 828 Neque
1269 760 1416 814 enim
1466 765 1680 829 oportet
1728 758 2026 828 judicatam
2078 773 2199 817 eant

621 855 933 921 redemtus.
965 848 1080 917 jam
1107 849 1370 920 Sosipatri
1401 849 1559 904 liena.
1589 846 1852 904 Possiblie
1878 849 2024 904 enim
2053 857 2108 905 et
2146 857 2200 904 te

616 950 662 991 et
691 941 824 990 alius
851 940 1050 994 multos
1076 937 1228 994 falsis
1265 946 1322 994 et
1360 935 1660 1013 manifestis
1710 952 1876 992 unum
1911 925 1970 996 ὂν
2004 945 2060 994 et
2101 949 2196 994 oe-

535 1047 540 1051 λ
615 1035 814 1085 cultum
870 1046 1054 1086 verum
1113 1029 1299 1087 latere.
1361 1029 1551 1101 Neque
1597 1029 1747 1085 enim
1799 1026 1845 1085 si
1900 1026 2030 1099 quid
2086 1043 2194 1086 non

610 1125 858 1186 rubetam.
889 1123 1004 1194 jam
1031 1123 1238 1189 album,
1297 1121 1342 1177 si
1378 1122 1502 1191 quis
1527 1134 1635 1177 non
1669 1133 1876 1191 equus.
1904 1133 1970 1177 ex
2005 1109 2196 1176 neces-

605 1224 767 1267 sitate
794 1213 979 1268 homo.
1023 1214 1116 1266 Sic
1142 1223 1320 1267 autem
1354 1211 1544 1277 iacies.
1573 1210 1704 1267 mibi
1733 1210 1984 1276 credens.
2017 1209 2197 1267 dimit-

605 1313 689 1355 tes
715 1303 934 1372 quidem
960 1302 1066 1358 hoc
1092 1291 1384 1358 secundum
1424 1300 1561 1356 alios
1597 1299 1803 1363 dicere.
1837 1315 1937 1372 pro
1963 1300 2192 1357 veritate

601 1403 783 1447 autem
809 1407 938 1448 vene
968 1393 1136 1455 dices.
1166 1391 1249 1451 sic
1275 1391 1422 1447 omni
1459 1390 1622 1448 modo
1644 1405 1767 1448 esse
1795 1390 2191 1462 irreprebensl-

600 1486 728 1542 bili:
767 1503 909 1557 quae
939 1488 1084 1544 dicta
1120 1496 1267 1568 sunt.
1524 1556 1525 1560 η
1988 1530 1990 1532 -
2067 1506 2075 1511 ’

1343 1577 1455 1637 VII.

961 1671 1258 1740 Polymnii)
1287 1671 1494 1725 sumine
1529 1670 1815 1726 sacerdoti.

1971 287 2255 353 ιολΝΝιε
2295 235 2492 354 θεοιι

2232 407 2278 466 Α
2311 392 2692 464 transcendere
2741 403 3136 465 ordinationem
3194 413 3249 467 et
3308 407 3643 474 motionem.
3697 409 3744 468 et
3796 423 3908 470 aen

3765 295 3912 359 ιιεο

2306 490 2482 564 limum
2514 492 2726 553 ostendi
2757 493 2928 568 ipsum
2966 503 3022 556 et
3065 489 3203 559 bene
3243 497 3596 580 eminentem.
3621 511 3678 576 et
3714 515 3908 560 ause-

2304 580 2412 640 lem
2457 581 2739 644 heimluot
2776 583 2833 644 in
2871 583 2985 645 hoe
3017 595 3356 658 moventem.
3397 587 3688 650 facientem
3716 593 3906 650 omnia

2305 676 2356 724 ot
2415 668 2894 732 transibrmantem
2952 675 3250 734 secundum
3303 691 3522 737 onerum
3575 679 3806 737 verbum
3848 679 3935 738 δέ·

2302 756 2581 828 Quomodo
2616 757 2784 830 Igitur
2821 774 2928 820 non
2975 761 3108 830 eoIIt
3146 762 3483 840 Incognltnm
3525 767 3717 836 nobis.
3745 776 3804 826 et
3832 783 3905 827 ex

2300 848 2406 907 hoe
2457 856 2687 908 et-vere
2729 849 3052 910 existentem
3077 891 3095 920 .
3138 861 3212 931 et
3269 869 3402 914 vero
3446 853 3632 914 .Deum
3693 858 3906 916 ducens

2297 951 2421 996 enm
2475 938 2846 999 causaliuitne
2899 950 2955 1001 et
3002 941 3430 1017 superinen‘obili
3494 945 3727 1019 virtute.
3773 964 3902 1006 cum

2293 1026 2377 1085 eoi
2411 1029 2483 1086 ob
2525 1027 2649 1101 Ipso
2690 1037 2749 1088 et
2794 1029 2920 1089 luna
2967 1031 3262 1111 secundum
3301 1034 3562 1093 virtutem
3598 1045 3657 1094 et
3689 1045 3901 1095 statum

2295 1119 2926 1192 tupernaturalieslmum
2985 1120 3150 1179 sintut
3209 1124 3470 1182 universo
3538 1125 3606 1182 ad
3674 1129 3900 1185 omnino

2292 1205 2968 1292 immubllefdeﬂniuntur.
3017 1219 3074 1269 et
3116 1215 3190 1269 in:
3222 1215 3532 1272 mensuram
3577 1208 3897 1273 dlei'totins

2289 1297 2348 1366 in
2391 1296 2602 1356 eisdem
2639 1309 2791 1366 stent
2830 1300 3015 1376 omnia
3043 1301 3451 1375 signisciAut.
3478 1293 3626 1376 quod
3668 1319 3737 1362 eo
3782 1321 3896 1361 am-

2271 1386 2477 1461 plius.
2539 1389 2810 1463 siquidem
2870 1393 3125 1470 omnibus
3170 1404 3226 1451 et
3273 1395 3592 1454 melioribus
3638 1403 3695 1454 et
3760 1381 3892 1453 obn-

2293 1480 2592 1555 tinentibtte
2620 1481 2637 1513 ι
2665 1471 2746 1537 sic
2774 1483 2992 1560 evectis
3036 1499 3144 1541 non
3186 1485 3559 1544 circumducta
3603 1496 3732 1544 sunt
3755 1502 3896 1558 quae

2290 1566 2789 1660 continentur'l'Et
2850 1589 2976 1631 cum
3039 1575 3147 1634 alia
3201 1580 3466 1649 quaedam
3521 1580 3639 1637 dies
3696 1596 3891 1636 secun-

2290 1664 2419 1721 dum
2455 1664 2869 1720 conttnttitateut
2917 1665 3032 1722 fere
3078 1666 3418 1745 triplicatur,
3473 1679 3531 1726 et
3593 1671 3650 1725 iii
3702 1670 3896 1741 viginti

673 1759 781 1830 Ego
804 1763 1025 1833 quidem
1055 1763 1237 1818 nescio
1265 1762 1333 1818 ad
1362 1761 1602 1819 Graecos
1631 1772 1728 1817 aut
1752 1761 1954 1818 alteros
1974 1762 2183 1828 dicens.
2213 1742 2261 1805 Β
2288 1758 2544 1812 omnibus
2595 1757 2749 1814 horis
2791 1757 2853 1812 Iit
2878 1797 2897 1833 η
2947 1762 3093 1830 quod
3121 1775 3246 1825 non
3288 1742 3442 1828 omni
3487 1771 3732 1831 tempore
3779 1762 3896 1817 vias

594 1849 1154 1908 conicerearbitrans
1198 1853 1419 1922 optimis
1456 1853 1620 1920 viris.
1659 1853 1706 1920 si
1734 1868 1922 1910 verum
1963 1854 2034 1907 ab
2069 1853 2184 1922 ipso

603 1944 660 1998 in
688 1946 868 2015 seipse
893 1946 1165 2015 potuerint
1191 1956 1247 2000 et
1274 1959 1605 2017 cognoscere
1629 1953 1685 2002 ct
1710 1944 1909 2008 dicere.
1937 1951 2034 2000 an"
2056 1957 2184 1998 vere
2239 2007 2242 2011 ,

599 2035 781 2101 habet,
801 2033 913 2091 lIoc
935 2035 1105 2101 enim,
1127 2036 1486 2107 quodcunque
1505 2046 1590 2092 est
1603 2035 1758 2114 juxta
1784 2036 1958 2107 legem
1985 2037 2184 2091 verita-

593 2126 680 2189 tis.
719 2134 865 2181 recte
893 2137 1116 2187 ostenso
1158 2134 1209 2180 et
1255 2141 1391 2194 puro
1435 2135 1642 2189 stante.
1683 2118 1844 2184 omne
1888 2126 2045 2190 aliter
2087 2126 2182 2182 ha-

590 2211 752 2283 bens.
777 2223 833 2271 et
857 2215 1142 2269 veritatem
1162 2212 1452 2278 aifectans,
1473 2215 1844 2286 redarguetur,
1866 2225 1923 2270 et
1952 2217 2180 2290 alterum

521 2355 526 2359 .
592 2299 649 2358 δν
691 2318 820 2358 vere
843 2304 1011 2369 ontis.
1040 2313 1094 2358 ct
1137 2303 1422 2365 dissimile.
1449 2313 1506 2358 et
1542 2304 1815 2374 opinatii—le
1850 2305 1979 2360 illud
2009 2307 2183 2376 magis

588 2410 751 2467 quam
775 2392 871 2452 in.
925 2394 1267 2466 Superﬂuum
1304 2397 1467 2466 igitur
1505 2406 1622 2462 est.
1667 2398 1914 2453 veritatis
1952 2382 2182 2454 manife-

581 2493 848 2553 etatorem
873 2485 942 2539 ad
972 2485 1072 2542 bos
1097 2495 1188 2540 aut
1221 2486 1339 2540 illos
1368 2487 1646 2541 dimicare.
1669 2485 1817 2556 Dicit
1839 2487 1982 2541 enim
2013 2503 2181 2543 unus-

415 2631 420 2639 ,
513 2631 518 2634 ,
586 2576 818 2646 quisque
869 2577 1071 2632 habere
1115 2577 1382 2631 mimis-uia
1433 2577 1644 2648 regale,
1683 2587 1738 2632 et
1782 2580 1970 2648 utique
2013 2579 2181 2638 habet

572 2670 859 2739 quandam
880 2671 1001 2740 puri
1027 2668 1324 2736 cujusdam,
1353 2669 1470 2737 ejus
1490 2683 1616 2723 vere
1639 2667 1883 2722 fallacem
1909 2662 2176 2723 umbram.

580 2758 654 2816 Et
679 2761 724 2815 si
754 2761 902 2819 hunc
925 2759 1239 2831 redergttas,
1261 2763 1402 2820 alter
1425 2774 1479 2816 et
1512 2763 1707 2816 iterum
1731 2761 1870 2816 alter
1893 2762 1958 2817 de
1987 2763 2176 2818 eodem

583 2853 886 2909 contendit.
933 2853 1136 2915 Eodem
1177 2864 1354 2909 autem
1388 2870 1515 2910 vere
1551 2855 1729 2925 posito
1765 2865 1912 2910 recte
1944 2855 2174 2918 ratione.

581 2952 640 3001 et
669 2943 741 2999 ab
774 2942 894 3000 aliis
920 2945 1174 3002 omnibus
1203 2946 1401 3000 selecto
1437 2947 1665 3009 ridente,
1695 2959 1857 3000 omne
1892 2946 2034 3015 quod
2065 2958 2174 3003 non

583 3034 667 3090 sic
692 3049 791 3106 per
812 3038 998 3091 omnia
1025 3037 1253 3100 habens.
1281 3038 1511 3107 idipsum
1538 3054 1603 3093 ex
1631 3037 1811 3108 seipse
1837 3038 2175 3107 irreprelten-

2201 3090 2248 3151 C

2288 1848 2596 1904 contrarias
2620 1849 2780 1904 'redit
2821 1861 2878 1907 et
2918 1835 3211 1908 revertitur
3239 1870 3259 1908 :
3282 1848 3390 1909 eic'
3427 1852 3583 1908 valde
3628 1867 3896 1925 superna-

2287 1942 2556 2000 turalibus
2595 1944 2907 2000 econtrario
2949 1944 3510 2000 circumductionibus
3555 1945 3638 2001 sol
3668 1945 3893 2016 proprio

2289 2049 2450 2090 cursu
2479 2019 2952 2106 quinqueremem
2996 2049 3154 2090 suum
3195 2044 3403 2097 motum
3432 2035 3484 2089 in
3518 2035 3669 2091 boris
3697 2037 3888 2091 decem

2287 2114 2616 2181 convolvens
2637 2126 2685 2191 '.
2712 2126 2985 2198 analytice
3009 2127 3205 2181 iterum
3233 2137 3407 2180 totum
3433 2128 3485 2180 in
3511 2127 3632 2180 aliis
3655 2127 3843 2183 decem
3867 2125 3890 2157 ⁸

2288 2221 2482 2274 novam
2531 2219 2832 2285 quandam'
2867 2217 3188 2272 sentitartim
3252 2219 3398 2269 viam
3467 2213 3886 2295 retrograditnr.

2287 2304 2402 2362 IIoc
2449 2315 2504 2360 et
2539 2305 2868 2379 Babylonios
2913 2309 3109 2362 merito
3151 2305 3398 2371 inﬂexit,
3445 2314 3502 2359 et
3539 2293 3660 2362 sine
3706 2322 3887 2377 pugna

2283 2392 2555 2458 Ezechiae
2595 2400 2830 2471 subegit.
2872 2408 3132 2468 tanquam
3175 2399 3230 2452 in
3270 2398 3487 2469 aequali
3527 2396 3640 2452 Deo
3667 2399 3884 2454 cuidam

2287 2497 2344 2544 et
2366 2488 2642 2557 superanti
2670 2489 2936 2544 homines.
2986 2487 3053 2544 Et
3077 2497 3254 2560 neque
3287 2491 3380 2544 hic
3410 2490 3531 2544 dico
3559 2489 3613 2543 in
3640 2491 3884 2561 Aegypto

2286 2596 2513 2652 magnas
2535 2583 2903 2649 operatinnes.
2927 2567 3021 2635 aut
3045 2577 3152 2636 alia
3175 2581 3446 2653 quaedam
3473 2581 3671 2636 alicubi
3700 2583 3878 2635 divina

2284 2675 2438 2742 signa
2481 2671 2643 2736 facta,
2689 2674 2784 2727 sed
2824 2674 3138 2729 communia
3177 2683 3233 2728 et
3271 2675 3564 2740 caelestia,
3595 2684 3650 2727 et
3678 2673 3735 2728 in
3761 2672 3876 2748 uni-

2277 2778 2450 2820 verso
2498 2773 2554 2818 et
2611 2763 2665 2817 in
2704 2764 2959 2819 omnibus
3013 2765 3404 2834 triumphantis
3444 2762 3494 2819 ιι.
3557 2764 3650 2820 Ait
3696 2772 3877 2819 autem

2283 2871 2507 2913 omnino
2545 2855 2950 2927 Apollophanes
2994 2871 3106 2912 non
3142 2870 3267 2914 esse
3312 2859 3449 2912 haec
3491 2870 3642 2911 vera.
3708 2855 3878 2926 Magis

2281 2951 2500 3020 quidem
2547 2952 2649 3005 hoc
2692 2949 2983 3005 Persarum
3027 2948 3452 3005 sacerdmalibus
3495 2947 3728 3003 infertur
3766 2963 3876 3002 me.
3911 2936 3914 2939 ’

2282 3041 2494 3105 moriis.
2519 3052 2574 3095 et
2598 3042 2775 3098 adhuc
2815 3040 2954 3111 Magi
2996 3041 3348 3114 memoranda
3398 3040 3628 3111 triplasii
3671 3039 3874 3111 mytbri

586 3130 732 3186 εἱὺίΙί
762 3138 908 3185 statu
951 3147 1078 3186 vere
1106 3147 1234 3187 vero
1265 3132 1570 3202 expellitur.
1621 3131 1732 3187 Hoc
1766 3133 1952 3204 igitur,
1983 3141 2043 3190 ut
2085 3147 2176 3186 ιι-
2203 3130 2248 3151 ν
2279 3132 2594 3205 perficiunt.
2644 3132 2751 3188 Sed
2817 3132 3023 3216 licitum
3073 3133 3147 3187 sit
3190 3133 3296 3202 ipsi
3339 3134 3425 3188 his
3463 3144 3686 3203 propter
3725 3132 3877 3203 igno-

579 3219 776 3286 bitror.
804 3221 939 3277 bene
967 3238 1321 3293 cognoscens,
1352 3240 1456 3279 non
1489 3224 1782 3280 acceleravi
1823 3225 1891 3278 ad
1932 3223 2174 3281 Graecos

581 3320 672 3376 aut
715 3312 917 3369 alteros
960 3314 1144 3369 dicere
1180 3332 1192 3367 :
1236 3315 1328 3368 sed
1361 3311 1611 3368 idoneum
1646 3315 1774 3369 mihi
1802 3323 1851 3366 et
1898 3315 2002 3370 hoc
2029 3313 2172 3370 Deus

579 3406 706 3472 det,
751 3406 818 3462 de
861 3407 1093 3461 veritate
1116 3407 1256 3461 scire
1288 3406 1554 3478 primum,
1583 3408 1778 3464 deinde
1809 3409 2073 3464 scientem
2113 3416 2176 3462 ut

577 3497 793 3576 oportet
841 3497 1042 3552 dicere.
1080 3496 1178 3551 Ubi
1227 3508 1408 3552 autem
1450 3499 1651 3568 inquis,
1683 3498 2008 3553 maledicam
2039 3499 2172 3554 mibi

566 3577 876 3664 'sopliistam
904 3588 1368 3662 Apollophanem,
1412 3600 1468 3646 et
1511 3600 1792 3660 paternam
1843 3591 2170 3646 sententiam

578 3684 918 3760 revocando.
974 3673 1227 3753 tanquam
1275 3681 1631 3747 Graecorum
1663 3684 1715 3738 in
1767 3683 2005 3741 Graecos
2062 3700 2170 3740 non

577 3784 770 3830 sancte
805 3773 998 3830 utenti.
1027 3774 1107 3829 Et
1131 3775 1347 3844 quidem
1393 3776 1460 3830 ad
1495 3775 1670 3845 ipsum
1698 3791 1799 3830 nos
1840 3785 1960 3833 erat
1990 3778 2174 3833 verius

573 3865 778 3929 dicere,
807 3866 1076 3936 quomodo
1102 3864 1291 3921 Graeci
1325 3867 1521 3922 divinis
1547 3883 1652 3921 non
1683 3876 1870 3922 sancte
1906 3867 1958 3922 in
1987 3868 2169 3922 divina

574 3966 820 4023 utuntur,
852 3971 960 4027 per.
983 3957 1316 4032 sapientiam.
1338 3956 1431 4012 Dei
1472 3957 1715 4012 divinum
1745 3957 2018 4027 expellere
2055 3969 2172 4013 ten-

575 4059 756 4106 tantes
772 4038 1006 4104 'cultum.
1034 4049 1101 4103 Et
1134 4050 1216 4103 sic
1256 4047 1482 4103 multam
1526 4063 1626 4120 ego
1651 4049 1872 4118 quidem
1902 4049 2026 4104 dico
2051 4049 2172 4120 glo-

544 4142 717 4198 ,riam
762 4142 1084 4213 quibusdam
1143 4151 1462 4212 poetarum,
1505 4141 1859 4196 materialiter
1896 4150 1952 4197 et
1998 4143 2171 4217 passi-

573 4233 758 4291 biliter
790 4233 1215 4298 remanentium.
1240 4242 1293 4288 et
1323 4225 1608 4292 creaturae
1635 4243 1825 4288 contra
1853 4226 2169 4290 Creatorem

572 4328 946 4383 servientium.
979 4326 1088 4380 Sed
1105 4337 1165 4380 et
1187 4326 1303 4395 ipse
1325 4325 1721 4396 Apollophanes
1745 4317 1851 4381 non
1877 4335 2066 4382 sancte
2089 4325 2175 4380 di-

2278 3226 2510 3280 matiam
2534 3233 2630 3279 aut
2655 3221 2908 3295 magnam
2936 3223 3396 3279 incredulitatem.
3447 3223 3546 3280 Dic
3574 3233 3758 3280 autem
3780 3227 3832 3281 ei
3856 3240 3873 3279 :

2275 3314 2416 3381 Quid
2443 3314 2578 3369 dicis
2613 3314 2681 3369 de
2719 3315 2835 3384 ipsa
2871 3313 2925 3368 in
2963 3313 3190 3368 salutari
3229 3307 3565 3368 cruce'facta
3591 3313 3779 3383 eclipsi
3801 3311 3874 3367 τ’

2275 3405 2411 3462 Nam
2457 3407 2676 3477 utrique
2717 3415 2851 3460 tunc
2884 3406 3041 3473 juxta
3086 3405 3219 3461 solis
3259 3405 3534 3461 civitatem
3573 3405 3736 3462 simul
3773 3405 3872 3460 ad-

2275 3503 2558 3557 venientes
2577 3508 2632 3555 et
2654 3497 3034 3564 consistentes,
3055 3497 3380 3552 mirabiliter
3401 3497 3502 3552 soli
3529 3496 3712 3551 lunam
3733 3496 3870 3552 iacio

2275 3592 2495 3648 dentem
2517 3591 2752 3646 vidimus
2767 3619 2838 3629 -—
2852 3603 2958 3642 non
2974 3587 3119 3643 enim
3133 3595 3254 3642 erat
3267 3587 3446 3641 coitus
3460 3597 3764 3658 tempus—
3775 3587 3873 3642 ite-

2277 3667 2396 3737 rum
2412 3691 2592 3736 autem
2619 3682 2790 3750 ipsam
2809 3695 2839 3734 ι
2861 3694 3004 3734 nona
3032 3680 3171 3733 liora
3187 3692 3358 3748 usque
3374 3682 3654 3748 vesperae,
3670 3680 3725 3734 in
3741 3679 3872 3734 solis

2273 3771 2608 3826 diametrum
2619 3757 3117 3839 supernatat-aliter
3128 3771 3441 3834 econtrario
3459 3771 3867 3826 consistentem.

2273 3861 2522 3916 Admone
2537 3869 2719 3915 autem
2733 3861 2993 3932 quiddam
3015 3860 3326 3915 etalternm
3351 3861 3544 3928 ipsum.
3572 3859 3688 3916 Scit
3702 3875 3867 3925 enim.

2275 3956 2402 4024 quia
2456 3965 2513 4010 et
2541 3968 2818 4010 occasum»
2856 3954 3034 4024 ipsum
3055 3968 3121 4008 ex
3149 3952 3520 4008 Orientalibus
3555 3953 3884 4008 videbamus-

2274 4049 2648 4114 iucboantem,
2671 4057 2742 4102 et.
2767 4059 2949 4116 usque.
2976 4045 3210 4101 solarem
3236 4045 3616 4099 summitatem
3649 4046 3867 4100 venien-

2274 4147 2423 4204 tem.
2471 4139 2668 4194 deinde
2717 4135 3208 4209 retrogradientem
3234 4175 3252 4199 .
3300 4143 3356 4188 et
3403 4133 3600 4188 iterum
3648 4148 3868 4207 names
3951 4167 3954 4169 -

2271 4229 2466 4287 eadem
2510 4239 2568 4286 et
2607 4243 2869 4286 occasum
2908 4237 2965 4284 et
3005 4217 3484 4304 repurgationem.’
3511 4226 3611 4281 sed
3675 4241 3869 4283 sectio.

2275 4323 2405 4378 dum
2435 4322 2765 4379 diametrum
2793 4319 3107 4378 econtrario
3132 4316 3354 4378 factam.
3401 4315 3554 4374 Talia
3585 4326 3715 4372 sunt
3744 4323 3868 4372 tunc

533 4463 536 4467 .
577 4413 720 4474 sinis
749 4419 802 4472 in
828 4417 1008 4471 divina
1044 4415 1228 4469 utitur.
1269 4415 1344 4468 Ea
1366 4416 1512 4469 enim
1540 4415 1887 4470 existentium
1917 4416 2167 4480 scientia.
2197 4414 2542 4510 “temporis
2584 4409 3054 4481 supernaturalia,
3098 4417 3157 4463 et
3199 4407 3313 4472 solo
3353 4406 3574 4467 Christo
3607 4407 3866 4463 causali»

577 4508 873 4564 benedicta
898 4508 965 4561 ab
987 4506 1158 4575 ipsius
1179 4504 1536 4575 philosophia.
1563 4513 1619 4558 et
1642 4519 1672 4558 a
1697 4505 1882 4560 divino
1897 4505 2063 4562 Paulo
2083 4521 2173 4562 sa-
2203 4499 2243 4510 “’
2274 4505 2410 4559 sima
2455 4503 2659 4568 virtute
2702 4501 2940 4556 faciente
2993 4513 3190 4570 magna
3241 4507 3299 4554 et
3356 4499 3540 4570 ampla
3563 4537 3581 4565 ,
3633 4514 3863 4570 quorum

476 4634 481 4640 -
581 4597 788 4672 pientia
825 4597 918 4652 Dei
951 4607 1140 4650 vocata
1169 4607 1220 4660 ι,
1255 4604 1308 4651 et
1353 4597 1421 4649 ad
1461 4594 1735 4650 causalem
1772 4595 2010 4664 ipsorum
2055 4598 2173 4652 cxi-

583 4688 940 4754 stentittm,et
987 4687 1492 4755 scicntiaecorum.
1516 4685 1764 4753 oportuit
1804 4686 1986 4742 reduci
2015 4702 2175 4744 veros

584 4780 952 4852 philosophos.
996 4779 1061 4832 Et
1099 4789 1151 4832 nt
1193 4793 1300 4832 non
1335 4778 1501 4848 ipsam
1546 4776 1808 4842 aliorum.
1857 4790 1949 4832 aut
1996 4779 2166 4848 ipsam

593 4875 757 4944 tpsius
781 4872 920 4927 ultra
956 4872 1099 4941 quod
1132 4867 1426 4941 putandum
1466 4868 1752 4938 redarguat
1803 4869 1930 4940 quid
1961 4870 2169 4938 opinio-

583 4979 746 5028 nem,
793 4972 1003 5034 oportet
1048 4961 1390 5018 considerare
1435 4959 1856 5030 Apolloplianem
1884 5000 1899 5026 .
1951 4961 2170 5030 sapiens

586 5059 677 5131 qui
727 5067 811 5113 est
838 5097 853 5123 ,
907 5072 1014 5111 nou
1067 5055 1226 5111 aliter
1271 5053 1562 5122 aliquando
1607 5051 1847 5121 potuisse
1881 5052 2167 5110 caelestem

2271 4610 2383 4651 non
2419 4602 2509 4650 est
2553 4608 2813 4648 numerus
2841 4591 2885 4643 ί.
2958 4590 3138 4658 Haec.
3165 4590 3215 4646 si
3284 4589 3385 4649 tibi
3416 4589 3625 4660 justum
3673 4591 3765 4646 dic
3809 4593 3863 4647 ei

2269 4685 2530 4758 possibile
2552 4724 2570 4752 .
2597 4683 2958 4754 Apollopltani
3011 4683 3299 4755 redarguo.
3330 4693 3406 4740 .et
3450 4683 3582 4739 mihi
3629 4691 3762 4742 tunc
3787 4696 3862 4741 'et

2272 4776 2685 4832 convenientem
2731 4774 2828 4829 tibi
2873 4782 2930 4829 et
2975 4774 3498 4844 conspeculantem,
3545 4783 3602 4829 et
3638 4778 3861 4845 conqui-

2273 4876 2481 4924 rentem
2521 4867 2730 4931 omnia,
2767 4874 2823 4921 et
2863 4864 3253 4939 conferentem.
3299 4854 3536 4938 Negiigit
3575 4878 3630 4921 et
3655 4869 3866 4924 divina.-

2273 4961 2436 5034 tionis
2479 4969 2629 5026 tunc,
2676 4955 2879 5015 nescio.
2908 4957 3037 5014 Inde
3071 4957 3476 5031 Apollophanes
3518 4960 3682 5026 abiit,
3713 4969 3769 5014 ct
3796 4962 3864 5015 ad

2274 5047 2383 5122 me,
2427 5053 2573 5109 sicut
2606 5050 2748 5107 facta
2792 5063 2939 5117 sunt,
2977 5035 3268 5108 conferens
3311 5050 3426 5107 ait:
3471 5049 3638 5117 Ilaec.
3665 5051 3865 5112 o-boae

1872 5183 1958 5240 VA
1969 5185 2076 5241 RIA
2087 5189 2128 5244 Ε
2147 5206 2149 5208 ·
2163 5185 2569 5248 LECTIONES.
3099 5246 3104 5250 .

655 5307 676 5340 ⁸
702 5317 757 5364 et
781 5306 1161 5364 continentibus
1184 5317 1295 5360 om.
1324 5299 1433 5355 IlII.
1510 5299 1531 5332 '
1572 5297 1662 5369 Sic
1687 5298 1726 5352 lt
1756 5315 1770 5364 ;
1805 5295 2150 5384 Eineoloens.
2228 5301 2576 5360 iconvolvem
2606 5331 2676 5342 —
2702 5290 2877 5355 decem
2905 5315 3013 5356 om.
3044 5298 3152 5363 BH.
3245 5361 3249 5369 λ

2107 5411 2289 5472 ΝΟΤΔ
2303 5404 2364 5470 ΕΖ

652 5525 682 5554 α
723 5514 740 5566 1
781 5516 905 5568 (Lor.
947 5509 1006 5565 ll.

662 5587 681 5620 -‘«
729 5587 863 5636 "an.
907 5582 966 5636 II.

657 5673 672 5690 ε
715 5652 878 5706 Jus‘tte
908 5651 971 5706 Χ.

660 5719 776 5775 ’ἰν
814 5726 921 5790 Ili'g
981 5721 1109 5786 3'1;
1166 5721 1206 5774 ll
1235 5721 1356 5777 Par.
1413 5716 1645 5786 XXXII;
1702 5716 2165 5790 IuI.XXXYi.Ii,

2279 5506 2447 5564 κιο-ι.
2476 5505 2589 5572 vu,
2616 5504 2748 5570 VIII.
2781 5506 2874 5572 tx,
2905 5506 2972 5572 x,
3004 5487 3101 5571 XI.
3127 5507 3240 5564 xu.

2355 5576 2601 5703 :iroabttlvi:
2629 5575 2847 5643 XXVII;
2884 5577 3052 5634 Marc.
3083 5578 3197 5644 XV;
3237 5579 3367 5634 Luc.
3399 5578 3582 5635 XXIII.
