4198 6234
393 327 516 386 Hal
594 361 636 380 ι.
1198 327 1447 385 νεκδιο
1481 327 1764 386 οΡειιυω
1803 327 1862 384 S.
1903 327 2218 390 ωυηγειι.
2254 359 2321 390 -τ
2358 329 2755 391 εριετοιλι.
3516 337 3655 391 iis:

387 439 610 514 Dionysi
629 479 646 506 ,
672 439 980 496 divinarum
1001 440 1406 497 vicissitudines
1431 455 1632 497 rerum.
1673 439 1842 497 Tanta
1873 456 1972 513 per
1999 452 2040 506 Α
2073 444 2187 499 tute
2220 443 2276 502 in
2319 444 2532 517 optima
2565 453 3049 511 transtocatorum,
3081 458 3130 502 et
3159 464 3514 520 quaecunque
3541 451 3646 508 alia

378 533 670 604 epistolam
718 547 752 590 a
794 530 952 589 nobis
989 532 1132 590 dicta
1174 543 1320 590 sunt.
1367 532 1450 588 Tn
1491 547 1672 590 autem
1721 535 1966 602 idoneus,
2065 536 2136 593 de
2176 535 2614 594 lienefactoribns
2652 537 2860 608 angelis
2905 537 3172 610 theologia
3213 539 3395 595 tradit.
3444 539 3554 595 Sed
3593 552 3650 596 et

379 638 440 684 et
470 638 616 696 quae
651 623 849 682 desunt
879 625 1195 697 adimplere.
1220 637 1276 683 et
1297 626 1570 684 adducere
1591 627 1831 700 perfecte
1859 627 1971 684 Deo
2064 637 2195 682 vere
2239 625 2431 700 optimi
2485 634 2545 683 et
2595 628 2948 700 sttperoptitni
2991 629 3193 685 Christi
3240 629 3649 689 benefacientes

380 719 561 772 situm
604 716 906 788 sapientem
949 715 1178 772 multum
1219 716 1561 780 existentem,
1601 727 1659 773 et
1693 732 1826 773 sane
1860 732 1967 776 non
2067 717 2248 776 radios
2286 718 2341 774 in
2378 716 2598 775 silentio
2638 718 3004 791 accipientes,
3053 719 3124 775 ah
3167 720 3297 792 ipsis
3336 721 3393 777 in
3435 721 3644 781 divinas

373 803 748 876 indignantem
775 814 1060 863 mansuete
1092 807 1305 866 discere
1333 807 1794 882 supetsapicntem
1841 807 1967 864 reli-
2063 809 2297 882 optimas
2319 810 2666 880 operationes
2688 809 2806 882 ejus
2828 809 2972 867 elate
2996 811 3261 868 ducimur.
3300 806 3436 868 Nam
3461 804 3643 871 nonne

377 897 794 970 Math
815 897 1122 954 veritatem.
2062 908 2147 956 est
2183 893 2596 974 potentissimae
2641 911 2699 957 et
2747 916 2912 973 super
2959 900 3290 956 intellectum
3339 902 3636 970 bonitatis,

1103 1008 1240 1068 γιιι,
2058 993 2191 1064 quia
2227 993 2514 1050 existentia
2553 1008 2675 1049 esse
2717 993 2865 1060 facit,
2905 1004 2960 1050 et
3008 995 3137 1064 quia
3175 995 3357 1050 omnia
3405 994 3541 1051 haec
3572 997 3642 1079 .a-i

379 1100 687 1176 νίκημα,
712 1080 1098 1176 “ama
1143 1103 1210 1176 ά,
1234 1101 1448 1174 ,πορεῖα
1486 1100 1887 1160 ﬂammai“,
1911 1109 1961 1158 α
2057 1100 2182 1142 esse
2223 1085 2467 1176 adduxit,
2515 1094 2577 1140 et"
2609 1086 2791 1141 omnia
2832 1085 2944 1140 vult
2983 1099 3199 1158 semper
3233 1085 3348 1143 fieri
3386 1087 3642 1159 approxi-

1043 1173 1296 1228 bonitate.
1334 1173 1337 1174 ⁷
2061 1177 2265 1231 mantia
2306 1175 2409 1231 sibi
2435 1215 2452 1240 ,
2504 1184 2563 1232 et"
2601 1177 3058 1232 communicantia
3105 1191 3297 1235 eorum
3338 1190 3480 1249 quae
3517 1189 3642 1234 sunt

442 1259 816 1324 Hebraeorum
846 1261 1106 1319 historiae
1125 1263 1295 1328 aiunt,
1318 1279 1352 1319 o
1380 1271 1508 1319 nate
1537 1261 1882 1337 Demophile,
1905 1271 1961 1320 et

367 1371 586 1413 sacrum
637 1355 789 1413 illum
827 1354 1046 1430 Moysen
1085 1369 1186 1428 per
1215 1355 1438 1412 multam
1485 1357 1958 1412 mansuetudinem

369 1450 553 1520 divina
598 1449 838 1526 amicitia
870 1450 1256 1523 dignefactnm.
1292 1447 1359 1505 Et
1400 1449 1446 1505 si
1495 1449 1783 1519 aliquando
1831 1463 1954 1503 eum

361 1548 526 1597 extra
543 1539 785 1596 divinum
806 1539 1008 1596 vultum
1037 1540 1060 1572 '
1091 1540 1335 1596 scribunt
1366 1539 1410 1605 ⁸,
1439 1555 1543 1595 non
1571 1539 1747 1612 prima
1775 1549 1952 1596 tamen

365 1628 782 1688 mansuetudine
819 1628 1116 1700 expellunt.
1169 1629 1366 1687 Dicunt
1413 1643 1572 1694 vero,
1623 1627 1752 1700 quia
1796 1627 1952 1683 valde

362 1720 643 1794 arroganti
684 1729 744 1778 et
787 1720 1059 1777 resistenti
1106 1718 1306 1776 divinis
1349 1718 1637 1782 consiliis,"
1677 1719 1849 1774 iratus
1878 1719 1952 1776 sit

2058 1264 2194 1336 ejus,
2236 1268 2530 1324 secundum
2579 1266 2908 1338 singulorum
2953 1267 3460 1338 opportunitatem?
3498 1267 3643 1342 Quid

2055 1369 2260 1423 autem,
2307 1358 2432 1428 quia
2475 1367 2530 1414 et
2567 1358 2916 1414 redeuntibus
2957 1357 3263 1416 amabiliter
3299 1359 3682 1436 habetur,._et.

2055 1451 2353 1517 contendit,
2387 1459 2450 1513 ,ει
2488 1450 2760 1506 desiderat
2793 1466 2898 1516 non
2931 1451 3259 1522 indignando
3287 1462 3533 1510 amantes
3581 1463 3640 1512 et

2053 1539 2341 1596 deliciosos
2367 1541 2534 1610 ipsos,
2555 1546 2610 1595 et
2654 1538 2708 1595 in
2751 1553 2946 1630 vanqm
2967 1548 3286 1597 accusantes
3306 1541 3555 1608 sustinet,
3581 1549 3641 1599 et

2054 1629 2170 1702 ipse
2213 1628 2473 1697 defendit,
2513 1629 2686 1701 magis
2734 1628 3000 1700 proniittit
3039 1644 3274 1693 curare,
3317 1640 3375 1686 et
3411 1631 3466 1687 in
3499 1633 3632 1708 ipsis

2051 1721 2308 1793 perfectis
2334 1721 2419 1791 sic.
2440 1721 2824 1777 accedentibus
2850 1721 3090 1785 accurrit
3107 1729 3164 1780 et
3182 1721 3384 1789 obviat,
3412 1733 3466 1779 et
3492 1733 3638 1781 totus

365 1810 552 1868 furore
575 1809 838 1869 Dominus
863 1823 914 1866 ι.
945 1810 1081 1869 Cum
1104 1820 1286 1867 autem
1311 1811 1485 1883 ipsum
1525 1811 1947 1881 praedicatorem
1979 1814 2195 1881 Btotos
2235 1813 2564 1885 arripit-ciens
2602 1812 2835 1876 salutat,
2882 1821 2935 1868 et
2975 1828 3083 1869 non
3121 1822 3343 1870 accusat
3382 1812 3449 1870 de
3491 1815 3638 1887 prio-

363 1901 570 1960 faciunt
594 1899 794 1958 divinis
824 1901 1100 1974 iudicibus
1115 1902 1296 1973 dignis
1318 1941 1335 1967 ,
1365 1917 1432 1958 cx
1463 1910 1589 1959 ante
1614 1900 1800 1957 habita
1824 1900 1948 1956 boni

362 1993 545 2054 divina
565 1993 865 2052 imitatione
885 1994 1250 2067 praedicatur.
1273 1993 1482 2050 Etenim
1504 2005 1616 2049 erat
1642 1976 1952 2047 mansuetus

361 2086 558 2153 nimis,
591 2097 649 2145 et
689 2095 912 2158 propter
949 2086 1056 2144 hoc
1101 2085 1303 2142 dicitur
1341 2085 1578 2141 famulus
1619 2085 1747 2150 Dei,
1794 2092 1853 2141 et
1894 2084 1947 2140 in

359 2175 602 2236 divinant
623 2178 886 2234 visionem
912 2176 1071 2236 simul
1091 2177 1342 2233 omnibus
1361 2177 1637 2248 prophetis
1659 2175 1874 2248 dignior
1895 2176 1944 2230 δ.

360 2269 472 2328 Sed
512 2279 573 2326 et
597 2271 666 2326 ad
693 2285 821 2326 eum
863 2279 920 2326 et
950 2270 1132 2325 Aaron
1160 2269 1280 2326 duri
1319 2268 1539 2342 quidam
1567 2269 1636 2325 de
1659 2269 1946 2341 principali

245 2391 252 2398 -
359 2360 666 2420 sacerdotio
692 2370 751 2417 et
775 2360 955 2434 gentis
986 2357 1295 2433 principatu
1323 2359 1744 2428 contendebant,
1781 2378 1948 2433 supe-

360 2467 487 2510 rare
537 2453 756 2528 quidem
784 2453 932 2509 omni
968 2468 1153 2510 amore
1185 2453 1410 2510 honoris
1435 2462 1491 2510 et
1529 2469 1718 2511 amore
1746 2456 1950 2528 princi-

358 2551 557 2613 patus,
584 2552 642 2600 et
667 2543 879 2615 accepit
923 2541 1036 2602 Deo
1076 2539 1256 2612 judice
1297 2544 1484 2615 populi
1525 2546 1940 2617 praestantiam.

353 2632 626 2702 Quoniam
691 2633 910 2705 quidem
953 2642 1024 2712 et
1057 2634 1596 2709 superimposuernnt
1640 2637 1728 2704 ei,
1773 2647 1830 2694 et
1875 2637 1944 2695 de

357 2725 634 2799 prioribus
662 2728 1092 2799 itnproperantes
1138 2727 1617 2798 tninahantur,-ct
1653 2729 1771 2802 jam
1829 2727 1944 2790 fere

356 2819 798 2892 praevaluerunt,
827 2817 1083 2876 clamavit
1101 2807 1320 2891 quidem
1353 2831 1668 2878 mansuetus
1689 2821 1860 2878 Deum
1888 2823 1942 2879 in

356 2911 608 2970 salutem.
635 2911 886 2969 Confisus
911 2920 999 2968 est
1027 2921 1212 2970 autem
1234 2911 1391 2969 valde
1417 2913 1655 2980 humilis,
1685 2914 1940 2986 quoniam

355 3003 610 3060 mortibus
653 3012 800 3059 esset
856 3003 1017 3060 malis
1054 3003 1326 3060 inchoatis
1369 3003 1784 3080 inaccusabiiis.~
1818 3001 1939 3061 Jam

357 3095 542 3161 enim,
583 3110 708 3149 nam
733 3096 972 3168 oportuit
999 3093 1391 3165 colloquentem
1436 3095 1548 3151 Deo
1591 3095 1830 3168 optimo,
1871 3092 1943 3153 ad

2051 1905 2224 1969 ribus,
2252 1905 2346 1960 sed
2369 1903 2541 1973 diligit
2567 1903 2966 1970 advenientem,
3003 1912 3058 1960 et
3092 1902 3233 1959 diem
3274 1904 3470 1960 festum
3499 1906 3632 1978 agit,

2050 2009 2107 2055 et
2130 2005 2390 2055 convocat
2412 1997 2640 2061 amicos,
2663 1997 2906 2052 videlicet
2935 1997 3194 2067 Optimos,
3214 2005 3275 2051 ut
3298 1998 3369 2053 sit
3395 1997 3633 2054 omnium

2049 2085 2368 2142 laetantium
2395 2084 2658 2141 habitatio
2676 2083 2728 2139 δ.
2758 2084 3104 2157 Demophilus
3124 2095 3325 2150 autem,
3351 2095 3409 2142 et
3437 2085 3484 2142 si
3508 2085 3636 2159 quis

2046 2174 2187 2230 alius
2221 2174 2442 2248 optimis
2479 2171 2737 2239 infestus,-
2794 2173 2948 2230 valde
3001 2172 3149 2244 Iuste
3195 2173 3525 2244 increpatur,
3571 2186 3628 2232 et
3724 2194 3731 2199 '

2049 2267 2276 2328 docetur
2314 2268 2474 2331 bona,
2513 2273 2569 2320 et
2608 2267 2922 2322 melioralur
2942 2267 2985 2320 ⁵.
3029 2265 3310 2334 Quomodo
3343 2267 3487 2322 enim
3523 2281 3632 2324 non

2046 2360 2351 2430 oportebat,
2394 2359 2634 2430 inquam,
2681 2358 2943 2429 quintum
2989 2356 3042 2412 in
3083 2357 3256 2414 salute
3291 2358 3629 2429 perditorum

2047 2450 2235 2507 laetari
2280 2459 2337 2507 et
2377 2449 2486 2504 vita
2531 2449 2912 2506 mortuorum?
2961 2449 3147 2521 Itaque
3185 2460 3240 2504 et
3279 2435 3348 2506 in
3378 2449 3635 2507 humeros

2049 2542 2228 2608 tollit,
2274 2555 2413 2614 quos
2450 2541 2540 2596 vix
2589 2540 2658 2596 ab
2704 2555 2892 2597 errore
2940 2541 3243 2610 eoin-crtit,
3293 2549 3352 2598 et
3395 2541 3636 2616 optimos

2047 2637 2271 2709 angelos
2311 2638 2366 2692 in
2409 2636 2666 2692 laetitiam
2711 2636 2975 2701 suscitat,
3026 2646 3082 2692 et
3120 2637 3296 2693 bonus
3336 2646 3422 2695 est
3463 2653 3632 2712 super

2046 2727 2310 2799 ingratos,
2339 2735 2396 2782 et
2434 2725 2563 2782 oriri
2601 2723 2736 2781 facit
2774 2723 2943 2782 solent
2989 2743 3147 2781 suum
3185 2741 3352 2798 super
3377 2729 3551 2785 bonos
3575 2735 3632 2786 et

2045 2818 2240 2884 malos,
2281 2826 2338 2874 et
2372 2819 2542 2889 ipsam
2566 2819 2802 2874 animam
2843 2833 2995 2874 suam
3038 2819 3189 2888 ponit
3223 2834 3330 2890 pro
3364 2819 3634 2895 ηωιίαμ

2045 2917 2189 2973 tibus
2246 2926 2292 2970 ο.
2341 2915 2419 2969 'l'n
2468 2928 2635 2980 vero,
2696 2921 2755 2969 ut
2805 2913 2996 2970 litemc
3043 2923 3170 2969 tuae
3204 2913 3524 2978 declarant.
3573 2925 3632 2973 et

2042 3009 2406 3082 procidcntem
2431 3006 2721 3072 sacerdoti,
2744 3015 2799 3062 ut
2823 3005 2927 3070 ais,
2953 3005 3176 3076 imptum
3199 3012 3258 3065 et
3286 3004 3508 3076 malum,
3533 3021 3632 3065 ne-

2043 3100 2157 3156 scio
2178 3101 2448 3173 quomodo
2468 3099 2544 3174 de.
2561 3099 2678 3170 ipso
2701 3113 2957 3170 praesens
2979 3097 3354 3154 recalcitrasti.
3395 3095 3625 3167 Deinde,

359 3186 462 3241 hoc
490 3185 776 3256 praecipua
827 3183 1205 3248 similitudine,
1253 3192 1515 3255 quantum
1564 3181 1720 3252 licet,
1767 3179 2184 3264 refer-Cqumi
2231 3189 2450 3263 quidem
2493 3189 2772 3260 oportuit,
2836 3188 3130 3245 contltetur
3177 3189 3246 3244 ad
3299 3187 3628 3246 medicinam

355 3275 518 3338 mari.
563 3276 618 3332 in
648 3290 708 3332 se
743 3273 1074 3348 intelligebat
1118 3273 1228 3331 Deo
1264 3273 1526 3330 mutabiles
1571 3274 1934 3345 operations.
2041 3279 2306 3336 malorum
2347 3279 2554 3335 venite.
2606 3277 2685 3334 Tu
2727 3288 2908 3332 autem
2955 3294 3064 3332 non
3102 3277 3472 3344 exhorruisti,
3518 3281 3619 3336 sed

353 3365 497 3436 Quid
520 3378 704 3423 autem
733 3360 826 3419 Dei
852 3377 1062 3437 patrem
1084 3361 1255 3420 DnVid
1279 3361 1513 3422 ΐπῑεικιι
1545 3363 1641 3419 Dei
1663 3361 1938 3421 amicum?
2037 3371 2239 3427 bonum
2264 3369 2603 3426 sacerdotem
2630 3385 2758 3425 cum
2776 3367 2979 3424 ferocia
3005 3369 3311 3436 detraxisti,
3341 3369 3626 3428 misertum
3679 3413 3684 3417 -

353 3457 569 3514 Etenim
603 3456 840 3529 optimus
863 3456 1166 3523 existebat.
1211 3463 1270 3512 et
1305 3470 1434 3529 erga
1473 3453 1762 3512 inimicum
1791 3454 1933 3525 opti-
2035 3474 2157 3518 esse
2192 3460 2560 3532 paenitentis,
2613 3469 2668 3516 et
2715 3460 2938 3530 impium
2973 3456 3380 3527 justiticantem.
3447 3459 3516 3517 Et
3556 3463 3628 3516 ad

357 3564 497 3606 ιυιιεο
526 3547 732 3614 Intuli.
764 3549 956 3621 inquit.
987 3548 1410 3622 supemplimus.
1445 3546 1654 3603 amicus
1675 3546 1932 3618 οριῖιηωο
2036 3557 2200 3612 tinctu
2234 3553 2441 3620 :Vade,
2486 3551 2688 3623 inquis,
2711 3550 3002 3616 sacerdoti,
3047 3565 3173 3606 cum
3212 3550 3524 3608 similibus:
3567 3561 3627 3606 et

353 3641 529 3697 virum
563 3641 860 3697 secundum
889 3655 986 3697 cor
1017 3655 1222 3696 meum.
1251 3635 1319 3696 Et
1365 3639 1586 3712 quidem
1613 3639 1700 3694 lex
1727 3638 1934 3710 optima
2031 3644 2309 3712 insanisti,
2336 3645 2466 3701 dum
2502 3659 2608 3699 non
2648 3651 2792 3699 esset
2825 3640 3026 3712 justus,
3052 3640 3119 3696 ad
3145 3641 3328 3714 adyta,
3351 3649 3410 3698 et
3433 3649 3627 3709 unua

351 3734 547 3790 donata
575 3744 694 3798 est,
725 3743 781 3787 ct
821 3731 1122 3805 subiugatis
1145 3730 1365 3787 inimico
1387 3728 1688 3802 providere.
1715 3729 1784 3785 Et
1807 3726 1932 3796 Job,

231 3819 246 3831 “
344 3835 412 3880 ut
435 3823 698 3881 malitiam
723 3839 830 3880 non
854 3823 1081 3888 habens,
1099 3819 1430 3894 justiiicatus
1447 3831 1550 3878 est.
1567 3819 1633 3879 Et
1650 3818 1851 3893 δοθερῆ
1875 3820 1932 3877 in

343 3912 818 3988 supergredientes
835 3910 1034 3970 fratres
1051 3929 1156 3969 non
1175 3911 1482 3969 vindicavit.
1500 3910 1711 3969 EtAhel
1728 3909 1938 3986 simpli-

340 4005 492 4064 citer
532 4014 590 4063 et
638 4005 946 4079 insuspecte
983 4005 1236 4063 convenit
1265 4003 1598 4062 fratricidae.
1636 4005 1704 4063 Et
1753 4005 1932 4062 omnis

342 4097 620 4171 theologia
679 4097 971 4157 deiformes
1035 4098 1334 4172 praedicat,
1380 4115 1488 4161 non
1543 4108 1672 4159 ante
1725 4098 1927 4156 intelli-

343 4199 541 4262 gentes
595 4191 756 4258 mala,
806 4205 915 4248 non
964 4199 1096 4251 ante
1153 4187 1416 4249 facientes
1458 4201 1483 4231 ο
1514 4200 1553 4247 ':
1613 4191 1712 4250 sed
1753 4207 1930 4267 neque

346 4283 421 4341 ab
469 4283 698 4339 aliorum
759 4283 963 4342 malitia
1009 4298 1078 4340 cx
1122 4284 1332 4356 optimo
1377 4295 1612 4342 mutatos
1672 4295 1926 4343 econtra-

349 4375 433 4433 rio
470 4373 827 4440 deifurmiter,
866 4384 924 4431 et
963 4376 1019 4431 in
1057 4375 1230 4432 malos
1273 4376 1410 4434 bene
1437 4376 1696 4434 facientes
1741 4388 1797 4434 et
1832 4391 1928 4432 ex-

340 4467 646 4540 pandentes
678 4466 734 4524 in
780 4467 926 4540 ipsos
955 4467 1180 4523 multam
1207 4467 1527 4533 bonitatem,
1556 4477 1613 4524 ct
1655 4469 1724 4525 ad
1748 4470 1928 4529 simila

2031 3749 2344 3796 sanctorum
2386 3734 2734 3809 prohibuisti,
2774 3741 2831 3789 et
2869 3733 3066 3790 scribis
3105 3732 3284 3800 nobis,
3317 3731 3449 3803 quia
3478 3731 3626 3792 futu-
3733 3751 3736 3753 ·

2031 3843 2154 3886 rum
2195 3837 2343 3884 esset
2384 3838 2741 3898 corrumpere
2775 3837 2936 3882 sacra
2958 3863 2972 3888 ,
3016 3821 3241 3894 provide
3279 3820 3518 3889 salvari,
3563 3829 3625 3879 et

2027 3921 2208 3979 adhuc
2232 3921 2657 3977 incontaminata
2685 3903 2953 3974 custodio.
3000 3914 3154 3970 Nunc
3181 3913 3350 3985 igitur
3376 3911 3620 3971 ωιωιω

2026 4013 2232 4067 nostris
2260 4027 2276 4066 :
2303 4009 2577 4080 corrigere
2609 4007 2944 4064 sacerdotem
2967 4005 3069 4060 sub
3091 4013 3142 4060 te
3161 4003 3619 4081 ministrantibus,

2025 4113 2122 4161 aut
2146 4118 2319 4175 aeque
2345 4098 2656 4174 potentibus
2695 4097 2793 4155 tibi
2832 4095 3054 4152 famulis
3076 4093 3480 4164 corrigendum,
3504 4091 3612 4149 etsi

2025 4197 2192 4269 impie
2210 4211 2372 4269 agere
2389 4194 2448 4252 in
2471 4193 2651 4250 divina
2675 4192 2945 4257 videatur,
2968 4201 3025 4246 et
3049 4190 3102 4244 si
3119 4185 3271 4244 aliud
3293 4184 3423 4261 quid
3445 4187 3618 4245 inter-

2024 4289 2294 4346 dicturum
2315 4288 2672 4359 redarguatur
2701 4299 2886 4360 agens.
2918 4283 2976 4340 Si
2998 4285 3143 4339 enim
3172 4283 3424 4338 inornata
3445 4289 3505 4338 et
3532 4281 3617 4336 in-

2024 4379 2417 4450 consequentia
2431 4377 2892 4453 diviqissimorum
2907 4383 3053 4439 sunt,
3069 4383 3124 4430 et
3139 4371 3621 4444 tinibusetlegibus

2023 4471 2272 4545 expellis,
2297 4484 2403 4526 non
2435 4469 2600 4525 habet
2633 4467 2898 4524 rationem
2935 4481 3036 4536 pro
3069 4465 3202 4532 Deo,
3225 4462 3337 4520 the
3360 4463 3618 4521 traditam

342 4563 644 4618 clementer
663 4567 973 4619 evocantes.
1005 4559 1116 4617 Sed
1141 4563 1391 4632 superius
1419 4563 1787 4633 respicietuus,
1814 4581 1923 4622 non
1950 4559 2002 4624 D
2027 4560 2266 4620 subverti
2300 4559 2716 4616 ordinationem.
2768 4553 2886 4613 Non
2920 4555 3066 4612 cnim
3104 4555 3162 4610 in
3198 4553 3440 4624 seipsum
3471 4551 3621 4610 Deus

343 4652 586 4709 virorum
606 4667 886 4711 sacrorum
907 4653 1238 4717 honestatos,
1264 4669 1368 4710 non
1388 4655 1744 4713 humanorum
1763 4671 1930 4731 ange-

342 4744 521 4800 lorum
533 4743 828 4800 bonitatem
841 4745 1213 4810 ennnciantes,
1227 4747 1642 4825 propiciantium
1654 4751 1924 4822 gentibus,

339 4846 403 4892 et
432 4835 831 4892 obsecrantium
870 4852 972 4911 pro
1013 4839 1096 4895 eis
1136 4838 1324 4904 Deum,
1361 4850 1420 4896 et
1451 4841 1676 4912 perditis
1703 4851 1759 4898 et
1787 4842 1927 4900 male

343 4928 633 4996 agentibus
673 4929 1123 4987 comminantium
1172 4931 1646 5002 multitudinibus,
1683 4943 1754 5006 et
1794 4952 1924 4994 eon-

347 5016 680 5074 tristantium
717 5017 934 5088 quidem
969 5020 1036 5078 de
1075 5020 1250 5087 malis,
1276 5022 1590 5080 laetantium
1619 5035 1798 5084 autem
1830 5041 1916 5083 sa-

2030 4652 2261 4723 partitus
2286 4658 2387 4708 est.
2421 4648 2702 4720 Quomodo
2728 4649 2873 4704 enim
2902 4646 3067 4713 stabit
3095 4658 3323 4718 regnum
3348 4642 3510 4715 eius?
3547 4643 3614 4698 Et

2027 4743 2075 4796 si
2108 4740 2200 4804 Dei
2229 4749 2313 4798 est
2332 4781 2349 4808 ,
2399 4749 2459 4795 ut
2482 4739 2698 4811 eloquia
2725 4739 2907 4804 aiunt,
2940 4735 3205 4809 judicium
3228 4733 3276 4802 ί,
3298 4734 3618 4789 sacerdotes

2028 4844 2208 4890 autem
2237 4831 2410 4905 angeli
2444 4841 2503 4887 et
2533 4831 2830 4902 prophetae
2866 4839 2989 4901 post
3024 4841 3268 4883 summos
3292 4824 3612 4881 sacerdotes

2028 4937 2156 4986 sunt
2187 4927 2496 4984 divinorum
2535 4924 2863 4995 iudiciorum
2891 4964 2908 4988 ,
2956 4921 3024 4978 ab
3069 4922 3158 4978 his
3191 4919 3374 4976 divina
3411 4933 3612 4974 conve-

2027 5020 2239 5077 nienter
2275 5019 2370 5075 tibi
2408 5033 2505 5091 per
2534 5007 2740 5074 medios
2775 5018 3074 5087 ministros,
3101 5030 3242 5100 eum
3263 5011 3335 5071 sit
3372 5021 3610 5083 ωηιρυιο

1604 5132 1858 5190 VARIAE
1895 5133 2300 5193 LECTIONES.

426 5224 626 5282 “inde:
656 5228 928 5288 monacho.
1003 5229 1024 5260 ⁸
1053 5227 1094 5282 Ε
1120 5227 1340 5282 cultant.
1417 5227 1438 5260 ³
1475 5225 1564 5285 Bil
1598 5230 1854 5285 tribuant.
1931 5227 1953 5261 δ
1993 5229 2083 5284 Sic
2113 5228 2194 5296 A;
2230 5225 2318 5282 BH
2353 5229 2582 5296 increpat
2609 5234 2662 5280 ct
2697 5224 2844 5280 docet
2880 5223 3024 5280 bona
3059 5229 3115 5277 et
3138 5217 3409 5280 meliust;
3440 5211 3486 5270 Β
3519 5210 3606 5272 ται

343 5305 532 5367 erepat
552 5305 609 5352 et
629 5297 785 5352 docet
805 5297 945 5354 bona
972 5307 1028 5352 et
1061 5297 1386 5356 metiamur.

1826 5387 2077 5445 NOTAE.

421 5498 446 5526 ι
484 5485 641 5546 Num.
673 5487 758 5542 XI.
788 5487 901 5544 XII.

418 5556 449 5596 δ
485 5556 646 5612 Nunt.
677 5555 792 5617 Xll.
820 5559 983 5614 Jusna
1007 5559 1048 5620 l.
1081 5560 1240 5618 Num.
1268 5560 1409 5618 XVI.

337 5627 680 5703 ’-κε-χρῖε.
736 5628 937 5703 XXIV,
975 5631 1203 5703 jx“,
1261 5632 1278 5686 I
1338 5632 1465 5703 Reg.
1528 5633 1658 5693 Xlll.
1719 5633 1922 5693 Psalm.

347 5694 691 5765 LXXXVII,
744 5701 913 5757 Exod.
975 5701 1159 5774 XXIII,
1192 5694 1682 5773 στηρινχχγιη,
1730 5705 1929 5764 Cenes.

2034 5492 2188 5555 XLII,
2222 5491 2399 5546 XLlil.
2433 5486 2610 5547 1.le.

2010 5571 2015 5576 ’
2100 5565 2128 5606 ⁸
2158 5563 2286 5619 Luc.
2319 5562 2432 5617 XV.

2106 5645 2130 5675 ο
2158 5635 2313 5696 lbid.:
2348 5636 2536 5692 Matth.
2566 5635 2629 5700 V;
2665 5634 2798 5690 Luc.
2824 5629 2922 5696 Vl;
2953 5626 3109 5700 193'}:
3133 5620 3202 5700 ιβ

2113 5706 2134 5745 ι
2158 5683 2629 5776 ᾗᾶἰὶἱιῗὶζὶὐὸἷ
2653 5683 2796 5776 flii;
2829 5683 2931 5759 is}.
2963 5695 3142 5765 xxx;
3172 5689 3402 5751 tit-tacti.
3425 5683 3494 5747 ti.
