4198 6260
3565 278 3601 303 ο

573 368 710 425 H83
1193 397 1202 406 -
1958 371 2074 432 10A
2087 372 2159 432 N.‘

2283 376 2479 436 δςοτι
3701 389 3839 447 ll“

565 461 731 526 disce,
763 473 858 530 per
881 473 1013 529 quos
1041 467 1092 514 et
1131 473 1250 518 esse
1275 458 1507 516 famulus
1536 461 1695 540 digne
1732 461 1904 519 iactus
1929 480 2009 520 es.
2037 467 2143 520 Ant
2170 471 2217 530 Α
2246 467 2483 538 quitatis.
2510 469 2697 542 Itaque
2719 469 2892 538 nef..s,
2913 482 2967 528 ut
2991 489 3143 529 sacra
3172 475 3384 548 eloquia
3405 478 3556 535 aiunt
3579 479 3632 547 δ,
3655 493 3842 538 sancta

567 550 827 620 numquid
852 559 908 605 et
935 565 1086 604 saera
1118 549 1359 622 symbnla
1389 552 1491 608 hoc
1513 551 1784 608 clamant?
1811 551 2024 609 Etenim
2047 569 2156 611 non
2255 556 2397 614 ultra
2441 558 2757 630 dignitatem
2811 565 3078 632 persequi.
3123 566 3429 620 ‘Atteudere
3456 568 3605 624 Tvero
3653 585 3846 627 ιιιιιιιιι-

566 641 890 712 slmpliciter
911 643 1163 698 erunibus
1198 643 1416 715 quidem
1441 637 1752 698 exaltamur
1803 652 1990 698 sancta
2029 661 2159 699 sau-
2253 664 2520 721 quemque
2545 651 2755 721 sibiipsi
2785 661 3019 722 oportet,
3047 662 3100 708 et
3132 669 3238 710 :zon
3275 655 3595 720 excelsiora,
3629 673 3679 713 et
3707 675 3836 728 pro-

564 741 800 787 ctnrum.
833 732 1187 802 Approximat
1234 743 1414 788 autem
1445 733 1618 805 magis
1673 733 1757 787 bis
1803 747 1960 788 sacre
1988 733 2154 804 perllé

565 822 824 881 cientium
876 833 1138 888 ornatus,
1191 821 1384 880 deinde
1446 824 1787 880 sacerdotum
1819 824 2150 895 dispositio:

564 929 904 986 consequens
927 923 1107 969 autem
1138 913 1223 975 bis
1244 915 1360 987 ipsa
1390 915 1816 971 ministrantium
1843 933 1858 971 :
1886 917 2153 973 ordinatis

563 1024 743 1066 autem
798 1009 1017 1066 l'anmlis
1065 1018 1254 1080 portae
1308 1009 1492 1064 talium
1547 993 1675 1066 sunt
1717 1021 2056 1086 segregntae,
2085 1011 2155 1066 ad

563 1115 699 1170 quas
727 1111 785 1155 et
827 1098 1202 1170 perﬁciuntur,
1229 1107 1284 1152 et
1323 1098 1561 1166 adstant,
1596 1115 1704 1154 non
1737 1103 1804 1154 ad
1850 1099 2153 1155 custodiam

563 1207 776 1257 earum,
798 1190 894 1247 sed
925 1201 978 1247 et
1003 1191 1070 1246 ad
1111 1189 1510 1246 ordinationem
1534 1200 1582 1244 et
1608 1191 1967 1262 cognidonem
1997 1204 2153 1246 suam

566 1283 738 1351 magis
781 1275 977 1352 pepulo
1045 1296 1206 1352 quam
1267 1280 1632 1336 sacerdotales
1685 1282 2151 1354 approximantes.

543 1371 693 1428 ‘lnde
723 1373 1062 1429 sacerdotum
1101 1383 1288 1428 sancta
1345 1371 1616 1428 ordinatio
1651 1373 1969 1443 principalis
2016 1372 2155 1428 reci-

564 1479 695 1536 pere
736 1480 832 1521 eos
870 1480 1026 1522 sacre
1073 1466 1224 1536 ponit
1259 1464 1456 1519 divinis
1481 1504 1498 1527 ,
1542 1465 1665 1520 aliis
1686 1505 1701 1529 ,
1735 1465 1984 1526 videlicet
2013 1465 2155 1520 inte-

569 1555 804 1612 rioribus
861 1557 1014 1627 ipsis,
1069 1542 1346 1611 tlationem
1391 1556 1606 1626 quidem
1658 1555 1895 1614 tradens.
1929 1546 2155 1614 Etenim

564 1647 708 1703 circa
728 1648 968 1703 divinum
991 1647 1286 1721 symbolice
1300 1657 1726 1717 semperstantes
1750 1648 1945 1717 altare,
1969 1657 2157 1704 amant

564 1748 621 1791 et
649 1739 873 1792 audiunt
903 1737 1087 1793 divina
1117 1738 1264 1794 clare
1297 1738 1380 1793 eis
1425 1739 1680 1804 revelata,
1711 1747 1767 1795 et
1801 1741 2155 1810 procedentes

2253 738 2498 795 lundio'ra
2551 756 2795 804 noscere.
2846 741 3150 814 intelligere
3193 759 3322 801 vero
3369 747 3483 802 sola
3540 751 3841 803 secundum

2250 827 2568 901 dignitatem
2612 831 2717 888 sibi
2767 833 3038 890 ordinata.
3078 835 3218 901 Quid
3258 851 3388 908 ergo
3411 837 3456 899 ⁸,
3487 839 3688 908 inquis.
3734 856 3839 892 non

2253 929 2469 990 oportet
2495 920 2809 978 sacerdotes
2840 921 3006 994 impie
3030 933 3273 994 agentes,
3301 936 3392 980 aut
3419 927 3563 980 aliud
3595 929 3722 998 quid
3754 928 3840 984 in-

2251 1007 2624 1085 ordinatornm
2697 1012 3102 1083 redarguendos
3155 1015 3353 1085 corrigi
3398 1031 3416 1071 :
3470 1015 3603 1072 solis
3662 1025 3836 1071 autent

2251 1096 2455 1154 licitum
2481 1101 2587 1155 erit
2627 1099 2877 1171 gloriosis
2909 1104 2962 1157 in
3016 1103 3156 1176 lege,
3187 1119 3287 1174 per
3315 1106 3841 1175 praernricationem

2251 1187 2388 1262 legis
2438 1188 2608 1246 Deum
2656 1192 3025 1248 delionorare?
3076 1193 3143 1248 Et
3190 1197 3460 1264 quomodo
3529 1199 3845 1252 sacerdotes

2253 1281 2688 1356 manifestatores
2733 1293 2859 1339 sunt
2896 1283 3028 1341 Dei?
3058 1280 3337 1354 Quotuotlo
3366 1287 3699 1343 annunciant
3747 1303 3843 1358 po-

2253 1373 2381 1445 pulo
2427 1373 2640 1429 divinas
2669 1375 2923 1442 virtutes,
2957 1393 3061 1431 non
3109 1387 3498 1450 cognoscentes
3538 1393 3694 1433 suam
3738 1381 3846 1433 vir-

2254 1467 2462 1524 tutem?
2477 1468 2586 1524 Ant
2605 1469 2876 1538 quomodo
2908 1467 3212 1524 illuminant
3233 1470 3507 1525 obscur-aii
3523 1473 3546 1524 ἰ
3564 1470 3846 1540 Quomodo

2253 1563 2433 1611 autent
2463 1549 2677 1610 divinos
2705 1557 2918 1611 tradent
2947 1553 3170 1626 spiritus
3206 1557 3252 1625 ',
3296 1575 3474 1629 neque
3508 1561 3553 1614 si
3589 1571 3674 1616 est
3725 1561 3849 1631 Spi-

2255 1655 2392 1704 ritus
2441 1659 2682 1710 sanctus,
2732 1647 2918 1702 babitn
2975 1657 3032 1702 et
3081 1648 3312 1705 veritate
3360 1650 3684 1705 credentes?
3735 1651 3848 1720 Ego

2255 1749 2434 1794 autem
2468 1739 2755 1796 delendam
2790 1748 2843 1794 te
2895 1739 2963 1795 ad
3022 1739 3176 1796 llaec.
3213 1740 3428 1798 Etenim
3455 1757 3563 1798 non
3597 1743 3849 1798 inimicus

566 1828 902 1884 deifnrmiter
930 1839 1056 1884 sunt
1088 1844 1229 1900 quae
1265 1830 1282 1860 ¹
1325 1840 1484 1886 extra
1527 1830 1708 1884 divina
1743 1829 1856 1885 vela
1899 1827 2157 1900 sul~jeetis
2188 1811 2233 1876 Β
2259 1829 2631 1900 Demophilus,
2663 1845 2836 1901 neque
2864 1831 3046 1902 patiar
3095 1842 3148 1888 te
3179 1834 3394 1906 percuti
3445 1835 3668 1888 Satana.
3711 1833 3846 1888 Nam

570 1918 885 1988 fanmlis,‘et
918 1916 1075 1973 sacro
1116 1920 1330 1989 populo,
1367 1932 1422 1995 et
1453 1920 1694 1989 purgatis
1733 1918 2018 1976 ordinibus
2042 1937 2160 1974 uta-

569 2005 831 2063 nil‘estant
881 2009 1174 2064 secundum
1203 2009 1524 2080 dignitatem
1551 2024 1707 2064 sacra
1746 2008 1882 2065 bene
1898 2009 2157 2080 inconta-

571 2102 772 2156 minata
803 2103 1091 2168 custodita,
1122 2116 1292 2172 usque
1320 2104 1448 2159 dum
1479 2097 1761 2177 tyrannice
1785 2103 1865 2158 eis
1889 2101 2156 2171 insiliens,

573 2192 910 2263 tritnnpbare
959 2192 1052 2247 tibi
1087 2201 1275 2261 sancta
1303 2201 1615 2248 sanctorum
1647 2192 1871 2263 coegisti
1895 2191 2154 2260 uolentia,

565 2294 618 2338 et
648 2285 847 2339 habere
875 2285 1051 2356 inquis
1073 2299 1227 2339 sacra
1253 2294 1309 2340 et
1335 2282 1630 2339 custodire.
1654 2282 1721 2340 Et
1743 2283 1960 2354 quidem
1981 2295 2160 2354 neque

568 2374 770 2439 vidisti,
795 2389 968 2444 neque
991 2374 1212 2439 audisti,
1235 2390 1408 2445 neque
1429 2373 1600 2430 habes
1616 2373 1744 2443 quid
1772 2373 2158 2445 pertinentium

567 2466 635 2519 ad
693 2468 1025 2530 sacerdotes,
1057 2467 1199 2522 sicut
1251 2480 1430 2538 neque
1482 2465 1768 2522 Veritatem
1817 2463 2158 2537 eloquiorum

571 2557 894 2628 cognovisti.
925 2556 1166 2628 quotidie
1188 2558 1257 2612 ad
1284 2557 1419 2613 haec
1454 2558 1619 2614 verbo
1641 2571 1909 2628 pugnans,
1933 2556 2162 2613 subver-

573 2657 692 2704 tcns
719 2651 1014 2722 auditorps.
1046 2648 1112 2703 Et
1136 2650 1183 2705 si
1209 2650 1429 2720 quidem
1452 2650 1630 2723 gentis
1651 2648 2014 2723 principatum
2036 2649 2161 2723 quis

571 2741 808 2794 obtinuit
840 2741 1146 2797 inordinate
1177 2741 1279 2796 sibi
1304 2753 1496 2797 tontra
1533 2756 1738 2811 regem,
1761 2742 1911 2814 juste
1937 2744 2161 2817 punitus

567 2825 670 2886 est.
698 2832 765 2886 Et
791 2834 834 2886 si
861 2833 1163 2904 principem
1187 2831 1574 2902 justiilcanwm
1596 2835 1879 2906 quosdam,
1901 2845 1998 2892 aut
2024 2851 2158 2892 con-

571 2925 937 2992 drtnnantcm,
954 2925 1175 2980 adstans
1187 2925 1310 2998 quis
1327 2927 1426 2982 sub
1447 2927 1564 2999 ipso
1581 2927 1954 2984 ordinatorum
1975 2928 2161 2986 redar-

567 3030 732 3086 guere
777 3030 943 3072 ausus
988 3014 1082 3083 sit,
1114 3019 1354 3072 nondum
1397 3018 1542 3073 enim
1577 3018 1698 3074 dico
1749 3020 2072 3086 dett-abere,
2103 3027 2160 3077 et

569 3107 729 3164 simul
757 3123 822 3164 ex
854 3109 1160 3183 principatu
1191 3107 1466 3182 expellere
1489 3149 1506 3180 ,
1566 3119 1622 3167 ιιι
1657 3111 1824 3169 Ιιοιιιο
1849 3113 1929 3168 sic
1978 3112 2158 3170 audax

2256 1929 2313 1978 et
2364 1935 2720 1992 unaquaeque
2764 1921 2909 1977 circa
2963 1921 3132 1978 Deum
3181 1922 3472 1994 dispositio
3529 1924 3848 1979 deil'ormior

2258 2013 2434 2087 magis
2463 2013 2700 2069 distante
2728 2021 2835 2079 e-t,
2864 2025 2918 2069 et
2948 2014 3339 2072 illuininantior
3369 2015 3532 2070 simul
3561 2027 3616 2070 et
3647 2012 3848 2069 illumi-

2256 2103 2473 2162 natior:
2507 2102 2677 2175 magis
2707 2119 2836 2159 vero
2863 2103 3053 2158 lumini
3081 2105 3406 2173 promuior,
3431 2114 3486 2160 et
3516 2122 3622 2160 non
3668 2103 3851 2160 locali-

2259 2203 2344 2251 ter
2368 2183 2670 2266 eicipicns,
2698 2193 2793 2249 sed
2830 2194 3129 2249 secundum
3175 2191 3270 2248 Dei
3301 2197 3654 2264 reccptt‘icem
3682 2210 3845 2263 Opor-

2259 2285 2602 2342 tunissimam
2651 2284 3075 2356 proximitatem.
3109 2282 3362 2355 Si‘igitur
3388 2288 3731 2339 sacerdotum
3765 2293 3850 2339 cst

2259 2377 2542 2450 dispositio
2572 2365 2954 2440 illuminatrlx,’
2975 2375 3195 2428 omnino
3223 2373 3421 2430 decidit
3444 2372 3468 2408 ⁶
3489 2389 3556 2428 ex
3587 2376 3847 2430 sacerdo-

2260 2468 2356 2525 tall
2383 2468 2576 2525 ordine
2617 2473 2681 2539 ct.
2721 2467 2942 2532 virtute,
2970 2466 3060 2536 qui
3093 2479 3202 2522 non
3231 2474 3315 2520 est
3359 2464 3716 2532 illuminator,
3756 2475 3852 2519 aut

2260 2561 2354 2618 ubi
2384 2559 2557 2631 magis
2595 2574 2702 2615 non
2746 2557 3096 2614 illuminatus.
3135 2556 3204 2612 Et
3250 2557 3424 2612 audax
3469 2559 3602 2612 mibi
3641 2558 3850 2612 videtur

2263 2651 2566 2712 lerarcbica
2637 2649 2760 2707 talis
2832 2658 3069 2715 tentans,
3121 2659 3176 2704 et
3219 2664 3396 2718 neque
3445 2649 3634 2703 metuit
3675 2659 3877 2717 ncqne‘

2259 2743 2533 2801 erubescit
2559 2741 2738 2798 divina
2768 2740 2907 2796 ultra
2937 2740 3250 2814 dignitatem
3281 2753 3634 2809 persequens,
3667 2750 3840 2794 etar-

2267 2837 2480 2895 bitrans
2509 2834 2680 2892 Deum
2707 2834 2974 2907 ignorare,
3007 2847 3146 2903 quae
3181 2832 3398 2904 quidem
3428 2833 3544 2903 ipse
3591 2848 3621 2886 a
3671 2833 3846 2903 seipso

2261 2919 2535 3003 cognorit,
2561 2935 2617 2983 et
2644 2929 2904 2984 seducere
2925 2925 3240 2979 arbitrando
3271 2920 3532 2978 falsivoee
3571 2940 3603 2977 a
3649 2939 3708 2977 se
3739 2922 3844 2976 l'a-

2262 3029 2401 3078 trem
2427 3021 2700 3092 vocatum,
2727 3025 2785 3072 et
2819 3017 2984 3071 audet
3016 3014 3250 3085 pollutas
3282 3028 3410 3068 suas
3455 3012 3843 3084 blaspbetnias.

2263 3129 2374 3171 non
2425 3113 2574 3169 enim
2617 3110 2856 3166 dicerem
2902 3107 3206 3167 orationes,
3257 3105 3323 3162 in.
3375 3104 3557 3160 divina
3603 3105 3847 3178 symbola

568 3213 628 3253 es
655 3209 844 3256 contra
891 3211 1238 3258 mansuetum
1264 3210 1322 3258 et
1345 3202 1634 3272 Optimum,
1671 3213 1726 3258 et
1756 3203 2156 3261 bierarcbicam
2183 3189 2231 3254 C
2260 3201 2712 3264 Christil’ormiter
2747 3213 3092 3270 superorare.
3141 3194 3258 3252 Non
3287 3203 3372 3251 est
3413 3196 3525 3266 ipse
3545 3215 3550 3218 ·
3568 3196 3847 3260 sacerdos,

571 3290 688 3358 ejus
714 3291 1129 3363 legislationetn?
1141 3294 1208 3349 Et
1229 3293 1365 3351 haec
1384 3295 1830 3366 oportuitdicere,
1854 3312 1978 3353 cum
1999 3312 2164 3370 super

577 3382 898 3455 dignitatem
923 3384 1048 3461 quis
1098 3393 1334 3452 lentans,
1373 3394 1553 3441 tamen
1587 3389 1962 3444 convenientia
1999 3401 2164 3461 agere

571 3475 879 3531 videbatur.
909 3477 1122 3533 Etenim
1147 3494 1322 3549 neque
1343 3479 1446 3535 hoc
1467 3479 1675 3536 licitum
1702 3480 1814 3536 ulli.
1844 3480 1984 3552 Quid
2013 3483 2162 3539 enim

573 3567 935 3624 inordinatum
958 3567 1121 3627 Ozias
1141 3570 1393 3638 faciebat,
1415 3571 1637 3629 adoletis
1654 3573 1797 3629 Deo?
1817 3575 1955 3644 Quid
1977 3585 2160 3632 autem

573 3657 701 3713 Saul
719 3660 1026 3716 immolans.
1044 3661 1251 3729 Quidve
1272 3661 1537 3734 tyrannici
1557 3664 1850 3720 daemones
1865 3673 1990 3721 rere
2004 3664 2159 3721 theo-

570 3747 818 3821 logantes
859 3749 1092 3806 desum?
1139 3751 1248 3808 Sed
1294 3753 1617 3810 interdictas
1665 3755 1932 3827 theologia
1981 3756 2162 3811 omnis

571 3853 866 3897 extraneus
896 3843 1207 3915 cpiscopus,
1220 3853 1274 3898 et
1289 3845 1658 3916 unusquisque
1675 3846 1727 3900 in
1747 3847 1940 3902 ordine
1981 3847 2163 3902 minis-

572 3931 822 3988 trationis
846 3947 977 3989 suae
1001 3933 1126 4002 erit,
1148 3942 1203 3989 et
1223 3935 1368 3991 solus
1380 3951 1622 3991 summus
1637 3937 1890 3992 sacerdos
1909 3935 1963 3992 in
1975 3946 2162 3993 sancta

571 4033 883 4079 sanctorum
907 4024 1208 4091 intrabat',
1230 4034 1286 4080 et
1306 4012 1474 4081 srmcl
1495 4027 1548 4081 in
1569 4043 1730 4082 anno.
1747 4025 1928 4084 Etboc
1942 4029 1993 4083 in
2012 4030 2162 4086 omni

573 4116 870 4170 secundum
899 4115 1070 4186 legem
1098 4113 1397 4174 ierarchica
1429 4117 1830 4190 puriﬁcatione.
1869 4119 1939 4176 Et
1968 4134 2158 4178 sacer-

573 4209 726 4265 dotes
748 4209 1228 4280 cireumprendunt
1245 4220 1458 4274 sancta,
1473 4219 1527 4264 et
1545 4209 1763 4266 Levitae
1779 4224 1888 4265 non
1911 4211 2162 4282 tangent'

573 4307 785 4366 sancta,
813 4309 874 4354 ut
903 4314 1012 4356 non
1042 4300 1364 4356 moriantur.
1401 4299 1470 4354 Et
1497 4299 1668 4355 iratus
1704 4309 1793 4356 est
1833 4299 2014 4357 furore
2053 4301 2159 4356 Do-

575 4394 756 4448 minus
775 4405 940 4463 super
960 4393 1232 4463 protervia
1252 4389 1438 4455 Oziae,
1454 4401 1509 4446 et
1526 4391 1694 4446 Maria
1721 4391 1865 4463 lepra
1885 4409 2158 4464 percussa,

2264 3317 2374 3360 non
2400 3308 2504 3369 est,
2534 3297 2631 3356 sed
2683 3296 2959 3361 inimicus,
3011 3292 3249 3358 dolosas,
3284 3290 3475 3348 illusor
3517 3290 3742 3355 suimet,
3792 3298 3850 3344 ct

2263 3395 2419 3468 lupus
2447 3393 2502 3449 in
2537 3389 2776 3446 divinam
2799 3385 3042 3458 plebem,
3072 3384 3231 3441 ovina
3260 3381 3400 3454 pelle
3437 3391 3700 3437 armatus.
3740 3380 3849 3435 Sed

2264 3501 2371 3543 non
2410 3479 2728 3554 Demopliilo
2777 3478 2913 3534 haec
2954 3473 3160 3544 justum
3206 3473 3501 3544 corrigere.
3551 3471 3672 3528 Non
3697 3473 3846 3528 enim

2265 3557 2530 3647 theologia
2557 3571 2758 3645 injuste
2785 3566 3204 3641 justillcationcs
3220 3565 3374 3635 jubet
3401 3565 3650 3635 persequi
3685 3577 3731 3619 ο.
3757 3563 3852 3621 Ju-

2260 3680 2348 3728 sta
2391 3677 2572 3724 autem
2601 3672 2686 3721 est
2726 3657 3003 3734 persequi,
3040 3673 3166 3715 cum
3207 3657 3533 3713 distribuere
3569 3657 3680 3710 vtdt
3727 3657 3852 3727 quis

2263 3760 2553 3829 unicuique
2590 3756 2886 3828 secundum
2914 3748 3418 3824 dignitatem,juste
3461 3750 3563 3806 boc
3601 3750 3851 3803 oiiinibizs

2262 3848 2711 3925 persequendum,
2757 3861 2866 3900 non
2916 3845 3057 3899 ultra
3105 3855 3293 3898 eorum
3332 3840 3671 3911 dignitatem.
3709 3839 3850 3905 an-
3936 3847 3950 3857 '

2263 3945 2408 4002 niam
2438 3951 2494 3999 ct
2519 3941 2726 4012 angelis
2748 3939 2952 4011 justum
2983 3935 3255 4000 distribui,
3278 3934 3422 4005 quod
3449 3935 3744 3988 secundum
3774 3931 3837 3984 di-

2263 4036 2523 4110 gnitatem
2554 4041 2609 4088 et
2647 4029 2992 4087 distribuitur
3011 4027 3056 4082 '.
3087 4025 3466 4083 Verumtamen
3495 4041 3601 4080 non
3625 4041 3655 4079 a
3677 4025 3848 4090 nobis,

2263 4144 2299 4186 o
2328 4125 2667 4196 Demophile,
2695 4137 2790 4194 per
2833 4121 2980 4194 ipsos
3003 4130 3184 4174 autem
3211 4118 3369 4174 nobis
3387 4131 3456 4174 ex
3482 4117 3614 4183 Deo,
3640 4119 3695 4172 et
3723 4118 3851 4188 ipsis

2264 4237 2360 4294 per
2384 4220 2498 4292 jam
2528 4215 2920 4291 praeeellentes
2948 4211 3187 4284 angelos.
3220 4212 3286 4268 Et
3313 4210 3632 4280 simpliciter
3669 4214 3851 4267 diecu-

2263 4313 2413 4376 dum,
2445 4310 2501 4366 lu
2530 4307 2783 4364 omnibus
2833 4305 3192 4361 existentibus
3239 4316 3338 4373 per
3384 4302 3560 4372 prima
3603 4301 3846 4356 secundit

2263 4400 2681 4461 distribuuntur,
2728 4410 2868 4466 quae
2917 4402 3045 4450 sunt
3077 4393 3375 4449 secundum
3423 4391 3740 4461 dignitatem
3783 4391 3847 4447 ub

575 4485 870 4560 legislatori
903 4485 1078 4559 legem
1108 4499 1311 4555 ponere
1339 4494 1572 4550 tentans,
1609 4494 1666 4539 et
1705 4484 1756 4538 in
1788 4493 1942 4543 Σκςῦα
1973 4485 1994 4518 ⁸
2023 4486 2160 4542 lilios
2189 4539 2238 4560 η
2262 4491 2503 4548 omnium
2525 4486 2924 4545 ordinatissima
2949 4493 3005 4540 ει
3022 4481 3317 4552 justissima
3345 4481 3704 4552 providentia.
3753 4475 3848 4550 ipsi

577 4577 834 4634 insiluere
860 4575 1168 4632 daemonia.
1185 4575 1282 4631 Et:
1301 4573 1416 4631 Non
1445 4576 1724 4631 mittebam
1749 4591 1862 4640 eos,
1891 4578 2086 4648 inquit,
2109 4585 2164 4632 et

578 4671 678 4740 ipsi
706 4669 1001 4724 currebant
1031 4681 1048 4724 :
1075 4675 1131 4721 et
1156 4683 1262 4721 non
1291 4665 1550 4737 loquebar
1581 4666 1651 4720 ad
1676 4681 1794 4733 eos,
1822 4674 1879 4722 et
1906 4667 2006 4739 ipsi
2041 4681 2165 4736 pro—

576 4763 872 4833 phetabant
901 4777 917 4813 :
951 4767 1009 4815 et
1039 4759 1240 4831 impius
1267 4758 1555 4814 immolatis
1587 4759 1717 4813 mihi
1750 4758 2002 4824 vitulum,
2026 4759 2168 4815 sicut

575 4854 830 4909 occidens
849 4867 1057 4907 canem.
1091 4852 1155 4907 Et
1176 4849 1494 4920 simpliciter
1522 4851 1809 4907 dicendum
1851 4870 1866 4907 ε
1896 4850 2014 4907 Non
2043 4867 2166 4908 sus-

579 4947 714 5001 tinet
754 4945 969 5014 iniquos
1007 4943 1246 5014 perfecta
1280 4942 1372 4998 Dei
1392 4942 1629 5013 jnslitia.
1648 4943 1960 4999 Dicentibns
1987 4954 2169 5001 autem

580 5035 713 5106 ipsis
761 5052 779 5090 :
836 5034 895 5091 In
945 5036 1166 5090 nomine
1229 5042 1321 5089 tuo
1371 5035 1599 5088 virtutes
1647 5034 1846 5089 multas
1908 5033 2160 5102 fecimus,

580 5129 933 5202 respondetur
963 5148 977 5184 :
1009 5127 1204 5185 Nescio
1236 5143 1353 5192 vos,
1388 5127 1460 5181 ite
1481 5141 1670 5195 otnues
1706 5136 2018 5198 operatores
2060 5129 2164 5184 ini-

2186 4539 2240 4603 D

2265 4583 2482 4656 quidem
2508 4595 2638 4653 ergo
2663 4588 2718 4636 et
2743 4578 2866 4636 aliis
2893 4578 3188 4634 subsistere
3207 4590 3237 4629 a
3265 4575 3372 4630 Deo
3389 4573 3648 4639 ordinati,
3677 4575 3852 4630 distri-

2269 4676 2442 4730 buunt
2465 4679 2590 4745 post
2610 4684 2694 4734 se,
2715 4677 2771 4723 et
2795 4665 3174 4722 obedientibus
3201 4664 3495 4717 secundum
3516 4664 3851 4735 dignitatem.

2269 4762 2618 4834 Demophilus
2638 4770 2817 4815 autem
2845 4758 3034 4821 verbo,
3065 4765 3119 4811 et
3149 4753 3352 4820 lurore,
3386 4762 3441 4808 et
3467 4755 3856 4824 concupiscen-

2273 4859 2369 4922 tia,
2397 4844 2545 4927 quae
2567 4860 2693 4908 sunt
2719 4846 3016 4905 secundum
3045 4846 3382 4916 dignitatem,
3413 4852 3686 4914 segreget,
3713 4851 3766 4896 et
3791 4859 3854 4897 ne

2274 4947 2528 5018 injuriam
2580 4957 2712 4998 suae
2759 4939 2915 4994 faciat
2961 4934 3327 4998 ordinationi,
3355 4935 3467 4989 sed
3525 4933 3855 5003 principetnr

2266 5035 2524 5104 subjectis
2564 5029 2814 5100 superius
2861 5025 3102 5082 verbum.
3155 5025 3362 5079 Etenim
3407 5024 3460 5078 in
3508 5024 3738 5078 ecclesia
3785 5039 3849 5078 vt-

2271 5129 2460 5184 dentes
2483 5138 2703 5179 servum
2750 5119 2988 5182 domino,
3019 5127 3075 5173 et
3108 5116 3308 5172 seniori
3350 5114 3644 5186 junioreu),
3685 5122 3776 5169 aut
3805 5124 3853 5169 et

1866 5226 2122 5319 vannis:
2161 5233 2562 5322 LECTlONES.

653 5377 670 5410 ⁸
709 5375 800 5433 Sic
827 5372 1022 5438 codd.;
1057 5373 1096 5426 Δ
1123 5373 1194 5444 ad
1210 5389 1274 5444 ea
1299 5389 1433 5444 quae
1462 5382 1602 5426 stmt.
1639 5442 1648 5444 μ
1680 5372 1701 5401 ¹
1739 5368 1826 5426 Bll
1853 5382 2095 5444 tangunt.
2173 5374 2196 5406 ³
2236 5373 2368 5429 BEll
2398 5371 2603 5444 Seyae.__
2652 5363 2799 5444 ‘_BE
2825 5379 2964 5444 vero.
2990 5362 3074 5444 _.‘_
3185 5360 3612 5444 diriuotradeti
3643 5357 3847 5444 spiritu.

523 5457 532 5464 '
582 5445 607 5480 ⁸
635 5432 735 5502 [ιιι
757 5432 1018 5502 άεεὶἀαι.’
1062 5447 1082 5476 ⁷
1122 5442 1256 5499 Αιιιι
1278 5461 1291 5507 ;
1313 5432 1375 5497 ’Β
1404 5442 1652 5498 distribui
1680 5452 1727 5496 et
1759 5432 2022 5511 segregari
2049 5444 2192 5512 quod
2222 5432 2520 5500 secundum
2554 5437 2868 5509 dignitatem
2895 5441 2950 5488 et
2973 5432 3315 5488 distribuitur
3342 5441 3389 5486 et
3426 5441 3748 5502 segregatim

2100 5553 2352 5611 NOTAE.

654 5679 679 5710 -
705 5667 772 5744 tv
793 5667 946 5744 pag;
961 5664 1056 5744 ἦν
1075 5664 1168 5744 in
1187 5665 1325 5744 Parl'
1341 5664 1534 5744 srvi;
1559 5663 1724 5744 llieg:
1745 5661 1893 5729 xnt;
1919 5663 2081 5720 Marc.
2110 5666 2152 5731 ι,

584 5738 679 5800 ιιι;
717 5730 1045 5795 ΝεῦεῖΧΙῐΙ,
1075 5730 1236 5789 Πνδτ.
1265 5735 1364 5792 IX:
1399 5734 1566 5787 In-sit.
1608 5735 1624 5786 l
1657 5730 1738 5787 Vl.

658 5810 685 5851 δ
721 5805 1058 5872 Levii..\\'|;
1103 5807 1262 5863 llebl'.
1297 5805 1386 5872 lX;
1421 5805 1456 5858 Il
1494 5805 1614 5859 Par.
1649 5802 1845 5871 XXVI;
1874 5805 2160 5871 Nn:n.Xil,

2411 5663 2563 5789 ξιιμ
2593 5661 2920 5787 imum;
2949 5661 3106 5718 Ezec.
3132 5659 3279 5729 xm;
3304 5659 3422 5716 lsai.
3457 5628 3644 5733 um;
3670 5664 3856 5736 )latth.

2384 5753 2396 5790 ζ
2453 5754 2554 5790 ille.
2675 5774 2683 5785 ι
2718 5774 2728 5787 .

2384 5753 2396 5799 ;
2428 5753 2554 5790 huc.
2602 5753 2728 5787 λιιι.

2346 5823 2363 5843 ι·
2419 5808 2568 5862 licet.
2599 5806 2732 5860 ΧΠ.

1922 6199 2321 6216 m

1929 6221 1990 6229 ___
2015 6221 2038 6227 _
2133 6221 2160 6225 _
2188 6221 2212 6225 __
2251 6221 2321 6223 __
