4198 6264
601 281 748 337 1187

1992 275 2277 336 JOANNIS
2315 242 2525 334 SCOTt

3742 277 3880 337 “88

591 397 777 457 dehis;
850 410 975 450 vera
1021 394 1167 451 enim
1211 394 1409 452 dicam.
1461 394 1599 452 Dum
1655 408 1831 452 essem
1897 393 2188 467 aliquando
2217 407 2263 463 Α
2292 394 2559 460 nolentes,
2586 396 2851 466 quaedam
2878 408 3008 449 vero
3050 393 3371 459 volentes,a
3397 390 3540 458 man
3565 401 3687 466 post
3702 384 3881 465 pauca

492 540 495 543 .
590 485 745 558 juxta
775 484 1014 553 Cretam,
1047 496 1269 542 sanctus
1299 486 1597 543 introduxit
1638 501 1727 542 me
1760 485 1991 558 Carpus,
2022 489 2189 544 vir-et

593 578 640 632 si
669 580 794 648 quis
816 578 973 642 alius,
990 594 1093 648 per.
1111 578 1338 633 multam
1364 579 1654 649 puritatem
1686 578 1855 635 animi
1886 580 1954 635 ad
1973 578 2189 634 divinas

591 669 832 724 visiones
883 670 1035 724 valde
1063 677 1419 740 opportunus.
1455 669 1523 724 Et
1546 667 1763 741 quidem
1789 684 1964 741 neque
1987 669 2193 725 sanctis

594 758 984 832 mysteriorum
1032 761 1316 816 sacriﬁciis
1361 762 1681 825 conabatur,
1726 761 1829 816 nisi
1881 761 2033 830 prius
2087 760 2187 831 ipsi

597 854 892 907 secundum
923 862 1049 908 ante
1076 852 1347 921 perfectas
1394 852 1671 906 orationes
1704 866 1891 906 sacras
1915 860 1972 906 et
2000 851 2185 922 propi-

607 952 769 997 tmtas
798 943 1001 997 visione
1028 942 1556 1012 supermauifestata.
1583 941 1806 997 Dicebat
1847 940 2031 1012 igitur,
2058 954 2189 995 con-

598 1037 869 1089 tristatum
894 1050 951 1089 se
978 1030 1268 1105 aliquando
1313 1033 1609 1089 inﬁdelium
1657 1033 1911 1102 quodam.
1945 1030 2187 1087 Tristitia

596 1137 776 1182 autem
800 1137 942 1192 erat,
973 1128 1101 1197 quia
1143 1127 1213 1182 ab
1237 1126 1485 1191 Ecclesia,
1526 1126 1615 1199 ille
1661 1128 1932 1198 quendam
1983 1127 2185 1182 bOnum

595 1216 1021 1283 seduxit,adhuc
1039 1216 1198 1272 laetis
1216 1212 1347 1286 ipsis
1363 1217 1552 1272 diebus
1574 1216 1985 1271 consummatis.
2010 1212 2186 1285 Opor-

597 1309 744 1363 tebat
779 1322 1071 1381 utrumque
1105 1309 1364 1365 divinitus
1404 1309 1899 1391 superglorilicare.
1932 1317 1988 1363 et
2017 1307 2187 1363 Deum

596 1399 917 1455 salvatorem
930 1400 1478 1471 comprebeutlcntem
1506 1400 1881 1470 accipientem,
1913 1412 2039 1453 etmt
2068 1396 2190 1468 qui-

592 1490 715 1546 dem
764 1492 1148 1562 convertisse,
1207 1492 1352 1547 hunc
1399 1506 1531 1546 vero
1578 1492 1825 1547 bonitate
1868 1490 2087 1557 vicisse,
2131 1476 2187 1546 et

546 1578 554 1587 ’
596 1600 703 1640 non
746 1582 1054 1655 relinquere
1101 1584 1455 1647 admonitmn,
1515 1592 1570 1637 et
1618 1598 1716 1654 per
1759 1583 1924 1636 vitam
1968 1595 2188 1639 omnem

598 1690 767 1746 usque
796 1674 976 1741 hodie,
1023 1683 1079 1729 et
1105 1675 1185 1730 sic
1208 1675 1263 1728 in
1292 1673 1528 1741 divinam
1559 1688 1652 1729 eos
1697 1674 1896 1728 ducere
1926 1672 2190 1742 cognitio-

2277 487 2400 540 ‘vim
2450 486 2712 542 facientes
2743 486 2902 542 simul
2930 493 2986 541 et
3029 485 3446 561 interrogantes.
3503 482 3645 538 Dixit
3701 491 3883 541 autem

2293 578 2527 649 Carpus,
2557 578 2795 649 seipsum
2817 577 3074 634 delectari
3100 580 3352 641 deorsum
3377 576 3881 643 videntem,eorum

2292 652 2497 737 autem,
2521 687 2662 742 quae
2690 686 2927 736 sursum,
2965 670 3279 744 negligere:
3309 669 3584 741 indignari
3604 679 3787 725 autem
3827 677 3885 724 et

2290 760 2704 831 parvipeudere,
2731 762 2858 832 quia
2890 778 2996 817 non
3019 761 3335 816 ceciderunt
3356 760 3494 831 jam,
3525 770 3582 816 et
3609 760 3690 815 rei
3721 759 3885 815 toties
3926 800 3933 803 ν

2291 838 2825 923 superadjicicntem,
2856 861 2910 906 et
2937 869 3045 908 non
3068 852 3334 907 valentem
3356 852 3670 907 contristari
3723 860 3779 907 et
3799 850 3882 905 l'a-

2292 944 2469 1015 tigari.
2492 945 2559 1000 Et
2581 946 2957 1017 respicientem
2979 945 3069 999 vix
3092 945 3275 1000 videre
3296 940 3512 1014 quidem
3541 944 3886 1001 iterum'cae-

2288 1036 2425 1101 lum,
2451 1036 2591 1091 sicut
2612 1045 2666 1091 et
2687 1036 2838 1106 prius
2854 1036 3103 1092 videbat:
3128 1033 3313 1091 Iesum
3335 1042 3514 1091 autem
3539 1035 3883 1090 miserentcm

2289 1123 2444 1191 facti,
2470 1140 2745 1196 exurgere
2784 1142 2951 1197 super
2976 1126 3201 1182 caelesti
3244 1126 3463 1192 throno,
3509 1135 3566 1182 et
3596 1140 3767 1197 usque
3794 1142 3888 1182 ens

2290 1211 2736 1284 descendentem,
2782 1235 3003 1274 manum
3024 1218 3283 1293 optimam
3313 1217 3613 1290 praestare,
3634 1228 3692 1273 et
3716 1233 3886 1290 ange-

2288 1307 2373 1365 los
2398 1316 2531 1385 cum‘
2554 1308 2671 1382 ipso
2704 1310 3035 1383 accipientes
3061 1312 3225 1368 alium
3261 1300 3480 1367 aliunde
3513 1311 3785 1383 recepisse
3806 1306 3915 1365 vii

2292 1413 2402 1465 ros,
2427 1408 2482 1454 et
2504 1398 2684 1456 dicere
2698 1400 2876 1471 Carpo
2893 1399 3087 1456 Iesum
3116 1420 3129 1456 :
3153 1399 3441 1471 Mauujam
3465 1409 3594 1457 ante
3613 1401 3887 1474 praeordi-
3954 1452 3971 1469 ,

2291 1502 2420 1547 nata
2446 1507 2583 1563 puer
2626 1493 2926 1555 secundum
2976 1507 3064 1567 tne
3114 1493 3415 1549 residuum.
3467 1492 3705 1551 Paratus
3738 1494 3884 1550 enim

2292 1599 2423 1639 sum
2463 1580 2662 1639 iterum
2716 1599 2817 1655 pro
2871 1584 3181 1642 hominibus
3244 1584 3580 1642 resalvandis
3635 1585 3772 1655 pati.
3820 1584 3884 1641 Et

2292 1673 2595 1731 adamabile
2638 1675 2973 1755 mibiboc,
3026 1665 3133 1732 non
3188 1675 3315 1733 aliis
3365 1676 3722 1749 peccantibus
3790 1676 3887 1734 bo-

599 1783 746 1831 Delli,
771 1775 1026 1843 tanquam
1043 1764 1232 1833 jamet
1255 1774 1463 1819 certum
1487 1764 1773 1819 exstinctis
1795 1761 2191 1834 ipsisjudicatis
2220 1765 2550 1834 “minibus.
2600 1765 2986 1825 Verumtamen
3037 1768 3199 1833 vide,
3249 1770 3297 1825 si
3359 1768 3500 1826 bene
3559 1769 3764 1826 habere
3817 1769 3886 1825 ti-

593 1866 651 1914 et
695 1857 1156 1913 irrationabilibus
1206 1856 1479 1912 ferocibus
1525 1855 1577 1911 in
1645 1854 1763 1928 lege
1812 1853 1963 1925 justa‘
2002 1868 2194 1925 sapere

520 1939 524 1944 ’
596 1952 825 2006 coactis.
855 1950 963 2005 Sed
991 1950 1043 2004 in
1073 1950 1252 2019 seipso
1281 1964 1390 2004 non
1419 1948 1572 2018 prius
1597 1947 1703 2003 hoc
1731 1948 1967 2019 patiens,
2008 1945 2192 2002 nescio

599 2045 871 2114 quomodo
885 2051 1013 2097 tunc
1028 2042 1253 2097 multam
1269 2040 1538 2111 quandam
1556 2038 1958 2094 inclementiam
1982 2047 2037 2092 et
2051 2052 2194 2102 ama-

595 2136 892 2190 ritudinem
927 2134 1195 2199 intexens,
1232 2131 1534 2185 inﬁrmatus
1565 2136 1651 2185 est
1679 2128 1897 2198 quidem
1937 2126 2017 2183 sic
2053 2125 2195 2181 male

597 2225 825 2279 habens.
870 2220 1107 2294 Vespera
1165 2222 1309 2276 enim
1362 2230 1506 2276 erat.
1557 2220 1717 2276 Circa
1760 2227 1943 2274 autem
1985 2219 2194 2273 medias

596 2330 805 2378 noctes,
861 2314 1073 2369 solebat
1099 2316 1242 2370 enim
1276 2314 1329 2367 in
1362 2315 1463 2369 hoc
1504 2321 1716 2383 tempus
1759 2313 1876 2383 ipse
1909 2326 1978 2367 ex
2011 2312 2194 2381 seipso

596 2408 665 2461 ad
689 2408 903 2462 divinas
932 2406 1123 2461 laudes
1170 2404 1447 2475 cvigilare,
1501 2406 1673 2477 surgit
1718 2404 1960 2475 quidem,
2012 2419 2194 2474 neque

598 2497 807 2565 somnis
844 2496 893 2551 ei
919 2496 1147 2550 multum
1171 2490 1551 2575 existentibus,
1586 2507 1642 2548 et
1668 2509 1886 2564 semper
1912 2490 2191 2550 offendent.

601 2592 735 2644 tium
754 2589 1099 2644 extrinsecus
1124 2588 1532 2658 perturbatione
1553 2587 1783 2643 abutens
1802 2604 1816 2643 :
1834 2595 1985 2643 stans
2010 2596 2192 2644 tamen

596 2681 665 2753 in
698 2679 940 2736 divinum
983 2680 1336 2749 colloquium,
1367 2696 1475 2735 non
1520 2688 1670 2735 recte
1700 2680 1945 2734 [renatus
1967 2690 2072 2746 est,
2105 2681 2186 2733 in-

598 2772 853 2843 dignatus
903 2781 1009 2836 est,
1062 2785 1172 2825 non
1216 2785 1340 2825 esse
1380 2769 1587 2839 justum
1618 2769 1834 2836 dicens,
1862 2770 1909 2823 si
1948 2761 2192 2824 viverent

599 2863 705 2918 viri
743 2850 914 2933 impii,
945 2871 1002 2917 et
1039 2863 1421 2917 subvertentes
1445 2861 1562 2916 vias
1605 2861 1819 2919 Domini
1843 2869 2024 2915 rectas
2045 2871 2095 2915 ι.
2125 2858 2195 2916 Et

598 2958 738 3012 haec
793 2956 1000 3021 dicens,
1030 2953 1189 3027 petiit
1230 2957 1250 2987 ⁸
1305 2970 1338 3010 a
1367 2955 1478 3010 Deo
1518 2954 1640 3024 igne
1679 2953 1913 3022 quodam
1972 2953 2188 3008 caelesti

598 3047 886 3117 utriusque
930 3048 984 3101 in
1036 3045 1205 3102 semel
1276 3044 1779 3101 inunisericorditer
1846 3033 2193 3116 requiescere

2292 1858 2367 1923 bi,
2391 1857 2444 1912 in
2468 1858 2750 1914 cbasmate
2779 1869 2834 1914 et
2853 1876 2974 1916 cum
3002 1860 3348 1932 serpentibus
3380 1860 3721 1917 mansionem
3739 1873 3888 1925 cont-

2292 1957 2505 2002 mutare
2531 1958 2553 1988 ¹
2579 1949 2717 2019 ejus,
2762 1966 2904 2020 quae
2952 1960 3035 2005 est
3070 1966 3192 2005 cum
3237 1951 3349 2007 Deo
3378 1960 3434 2006 et
3461 1949 3683 2021 optimis
3707 1958 3764 2006 et
3788 1950 3888 2005 hu-

2294 2044 2473 2097 manis
2512 2041 2539 2074 ⁸
2562 2042 2787 2111 angelis.
2832 2041 2979 2098 llaec
3004 2048 3321 2115 sunt,'quae
3345 2057 3449 2116 ego
3472 2040 3701 2099 audiens
3724 2042 3886 2100 credo

2293 2146 2423 2187 vera
2452 2147 2596 2207 esse.
2835 2126 2848 2186 ς
2872 2120 2877 2124 ’
3042 2202 3116 2260 lx

2295 2317 2415 2375 Tito
2442 2319 2682 2389 pontiﬁci
2724 2318 2745 2350 ⁸
2778 2318 3123 2389 interroganti
3149 2333 3244 2388 per
3283 2317 3583 2389 epistolam,
3635 2332 3773 2389 quae
3805 2332 3888 2372 ra-

2363 2388 2589 2461 pientiae
2616 2390 2827 2455 domm,
2852 2388 3202 2460 quiscrater,
3238 2400 3286 2444 et
3312 2388 3404 2461 qui
3429 2388 3531 2444 cibi
3555 2399 3605 2443 et
3639 2388 3817 2459 potus.

2308 2526 2311 2529 ·
2365 2504 2604 2560 Sanctus
2655 2502 2874 2574 quidem
2902 2501 3245 2568 Timotheus,
3274 2517 3309 2558 o
3349 2502 3491 2558 boue
3520 2501 3562 2557 Τ
3567 2500 3665 2567 ite,
3708 2501 3888 2556 nescio

2293 2610 2362 2649 an
2384 2595 2513 2666 quid
2541 2597 2883 2667 cognitorum
2906 2595 3040 2652 mihi
3063 2594 3492 2667 tlieologtcorum
3516 2593 3887 2667 symbolorum

2293 2687 2521 2742 recessit
2580 2686 2915 2757 relinquens.
2983 2686 3090 2742 Sed
3142 2686 3194 2741 in
3263 2686 3558 2759 symbolice
3621 2683 3888 2755 theologia

2292 2778 2431 2833 bene
2447 2776 2831 2843 discrevimus,
2855 2791 3046 2833 omnes
3059 2775 3395 2847 eloquiorum
3419 2776 3487 2831 de
3507 2773 3623 2833 Deo
3637 2773 3890 2830 aestima-

2296 2868 2470 2923 tiones
2506 2881 2628 2922 esse
2660 2856 2859 2924 multis
2883 2873 3282 2923 monstruosas.
3335 2864 3551 2921 Etenim
3600 2864 3657 2921 in
3703 2879 3891 2921 conse-

2293 2960 2516 3032 quentia
2556 2956 2987 3016 contaminatam
3024 2941 3369 3029 exterg‘enteS
3393 2946 3890 3030 imperfectionibns

2296 3051 2626 3116 animarum,
2675 3038 3115 3120 qua’ndoeunque
3167 3062 3405 3103 arcanae
3448 3046 3673 3118 sophiae
3709 3057 3891 3119 patres

597 3142 758 3196 vitas.
791 3140 936 3196 Haec
987 3151 1169 3195 autem
1218 3140 1405 3213 dicens
1434 3140 1510 3193 ait
1538 3148 1759 3209 putasse
1784 3138 1968 3211 videre
2013 3139 2193 3196 subito
2221 3127 2265 3188 C
2297 3157 2396 3213 per
2415 3143 2682 3213 quaedam
2708 3141 2921 3198 occulta
2974 3151 3033 3197 et
3055 3140 3282 3200 audacia
3326 3138 3639 3213 aenigmata
3666 3135 3894 3193 manife-

598 3232 844 3295 domum,
874 3230 929 3285 in
964 3246 1069 3301 qua
1101 3230 1321 3300 quidem
1347 3232 1545 3293 stabat,
1571 3245 1894 3294 concussam
1926 3231 2100 3301 prius,
2123 3246 2193 3287 ex

599 3330 744 3377 tecto
798 3321 852 3376 in
897 3320 1004 3376 duo
1039 3320 1217 3375 nrcdia
1270 3319 1522 3386 divisam,
1559 3329 1616 3375 et
1665 3319 1955 3390 quemdam
2004 3320 2192 3393 regum

598 3414 804 3470 multae
848 3409 984 3489 lucis
1030 3412 1085 3485 in
1131 3420 1421 3483 conspectu
1454 3427 1575 3477 suo,
1602 3422 1658 3465 et
1685 3412 1868 3478 talem,
1908 3411 2197 3472 videbatur

598 3506 744 3562 enim
781 3517 1020 3562 ceterum
1048 3504 1149 3561 sub
1176 3506 1400 3569 aethere
1419 3504 1592 3571 locus,
1624 3518 1691 3560 ex
1709 3504 1945 3575 caelesti
1972 3506 2197 3579 regione

599 3617 771 3673 usque
785 3600 853 3656 ad
882 3615 950 3671 se,
969 3600 1407 3665 descendentem,
1424 3596 1632 3653 caelum
1654 3608 1836 3654 autem
1851 3599 2026 3669 ipsum
2040 3597 2199 3654 rella-

598 3707 787 3761 grans,
840 3700 897 3745 et
924 3689 979 3744 in
1009 3682 1173 3744 dorso
1194 3687 1329 3754 caeli
1360 3689 1533 3760 ipsum
1560 3687 1749 3745 Jesum
1779 3688 1967 3745 nmltis
2002 3689 2199 3745 huma-

556 3830 563 3837 .
596 3781 909 3838 nil'ormitcr
950 3781 1049 3853 ipsi
1079 3780 1416 3837 adstantibus
1448 3779 1674 3852 angelis.
1705 3779 1773 3836 Et
1807 3781 1944 3837 haec
1977 3781 2199 3851 quidem

597 3876 800 3933 vidisse
841 3866 1229 3940 desursum,'et
1264 3890 1326 3931 se
1360 3875 1573 3931 mirari.
1624 3876 1889 3931 Deorsum
1926 3891 2059 3931 vero
2114 3876 2198 3931 iu-

597 3987 833 4028 cnrvans
877 3971 1089 4041 Carpus
1120 3987 1133 4024 :
1163 3969 1449 4036 Videbam,
1499 3968 1697 4039 inquit,
1725 3980 1781 4024 et
1811 3977 2015 4025 terram
2066 3984 2197 4049 pro-

599 4066 844 4136 fundam.
899 4061 1012 4118 Hoc
1038 4061 1106 4116 ad
1138 4060 1415 4116 tristitiam
1452 4070 1535 4115 est
1563 4060 1808 4121 chasma.
1860 4069 1918 4116 et
1949 4061 2201 4117 tenebro-

597 4172 722 4215 sum
749 4164 1081 4225 separatum,
1111 4159 1166 4205 et
1190 4150 1407 4221 quidem
1428 4150 1580 4206 viros
1605 4150 1746 4217 illos,
1775 4152 1973 4222 quibus
1992 4150 2201 4206 calum-

598 4246 873 4310 niabatur,
924 4252 1052 4298 ante
1083 4242 1151 4297 ab
1182 4241 1300 4313 ipso
1325 4240 1485 4310 juxta
1509 4240 1762 4297 ostiolum
1795 4241 2014 4313 stetisse
2039 4241 2201 4297 chas-

602 4255 873 4310 uiabatur,
924 4255 1052 4298 ante
1083 4255 1151 4297 an
1182 4256 1300 4313 ipso
1325 4255 1485 4310 iusta
1509 4255 1762 4297 ostiorum
1795 4255 1982 4297 stenss
2039 4255 2198 4297 euas-

602 4346 765 4399 matis
783 4340 1166 4406 s'ubtremnlos,
1191 4329 1445 4402 miseros,
1476 4345 1682 4391 tantum
1711 4335 1949 4392 nondum
1976 4255 2198 4393 Sescen-

598 4435 794 4490 dentcs
831 4447 861 4486 a
892 4430 1232 4501 propriorum
1288 4427 1485 4497 pedum
1531 4425 1903 4481 instabilitate.
1933 4426 2198 4483 Deorsum

600 4536 783 4581 autem
835 4540 865 4578 a
896 4525 1174 4577 cliastnate
1224 4527 1507 4588 serpentes
1536 4532 1750 4589 repere,
1773 4528 1829 4572 et
1852 4520 1999 4576 circa
2029 4521 2197 4590 pedes

597 4631 790 4673 eorum
812 4611 1140 4684 suppositos,
1158 4610 1447 4680 aliquando
1475 4609 1694 4679 quidem
1720 4598 2020 4675 retrahere,
2046 4610 2196 4665 invo-

596 4708 742 4763 lotos
790 4703 950 4759 simul
989 4710 1040 4756 et
1071 4707 1431 4770 aggravantes
1470 4707 1525 4753 et
1559 4698 1855 4763 trahentes,
1903 4698 2196 4769 aliquando

598 4813 780 4859 autem
806 4798 1060 4855 dentibus
1086 4804 1180 4853 aut
1222 4792 1420 4865 palatis
1448 4803 1833 4857 tumescentes,
1869 4801 1965 4847 aut
2001 4796 2198 4849 subur-

597 4903 810 4966 gentes.
836 4899 891 4946 et
917 4903 1131 4958 semper
1167 4887 1221 4942 iu
1258 4885 1534 4940 tristitiam
1558 4883 1854 4940 immittere
1875 4886 2195 4942 machinan-

600 4998 702 5041 tes.
757 4985 890 5039 lisse
938 4991 1121 5036 autem
1158 4987 1213 5033 et
1258 4977 1409 5048 viros
1454 4977 1717 5047 quosdam
1758 4975 1811 5029 in
1858 4977 2039 5032 medio
2068 4994 2192 5032 ctnn

595 5076 960 5148 seipcntibus,
993 5081 1182 5126 contra
1209 5070 1360 5124 viros
1396 5068 1830 5138 snperadjectos,
1878 5078 2194 5125 concutieno

598 5183 680 5225 tes
700 5168 860 5225 simul
888 5177 945 5223 et
964 5166 1342 5221 subvertentes
1365 5170 1420 5217 et
1440 5162 1830 5232 percutientes.
1862 5159 2194 5218 Videbantur

496 5330 505 5333 μ
595 5272 777 5325 autem
809 5273 933 5314 esse
974 5257 1043 5311 ad
1068 5244 1511 5324 interrogamlnm
1544 5252 1642 5317 illi,
1680 5255 2192 5324 quzimlciii‘quidem

2295 3244 2445 3289 stant
2465 3233 2727 3299 divinam,
2756 3242 2813 3288 et
2840 3232 3148 3304 mysticam,
3170 3239 3227 3286 et
3253 3230 3455 3287 inviam
3480 3228 3782 3287 immundis
3799 3242 3888 3282 ve-

2305 3327 2548 3382 ritatem.
2588 3324 2885 3396 Propterea
2937 3339 3044 3379 non
3070 3320 3345 3380 credimus
3383 3321 3539 3378 multi
3573 3320 3658 3377 de
3698 3321 3893 3376 divinis

2297 3415 2571 3488 mysteriis
2593 3415 2914 3471 rationibus.
2951 3412 3404 3484 Contemplamur
3425 3411 3573 3468 enim
3597 3410 3890 3467 solummo-

2289 3506 2367 3562 ‘do
2388 3521 2453 3561 ea
2480 3522 2605 3561 cum
2633 3503 3272 3561 connaturalibus'nobis
3306 3501 3655 3560 sensibilibus
3679 3501 3895 3574 symbo-

2296 3597 2384 3653 lis.
2414 3594 2643 3666 Oportet
2669 3604 2850 3651 autem
2882 3603 2937 3650 et
2957 3603 3222 3651 ementes
3249 3610 3314 3650 ea
3368 3595 3422 3648 in
3455 3594 3765 3664 semetipsis
3790 3604 3901 3649 nu-‘

2297 3690 2367 3744 da
2388 3697 2442 3745 et
2470 3700 2606 3757 pura
2636 3687 2776 3742 facta
2803 3688 3008 3742 videre.
3038 3687 3131 3743 Sic
3151 3686 3298 3743 enim
3327 3687 3380 3742 in
3410 3684 3891 3757 contemplantibus

2298 3782 2579 3852 aperirent
2602 3782 2624 3813 ⁸
2648 3780 2867 3852 quidem
2911 3780 3116 3837 fontem
3147 3781 3294 3837 vitae
3332 3780 3387 3835 in
3418 3780 3657 3850 seipsum
3689 3777 3891 3845 fusum,

2298 3874 2439 3929 etin
2488 3872 2669 3944 seipso
2716 3880 2957 3926 stantem
3003 3870 3279 3935 videntes,
3310 3880 3367 3925 et
3409 3876 3571 3924 ubam
3620 3870 3893 3941 quandam

2298 3966 2579 4033 virtutem,
2609 3964 2883 4035 simplum,
2908 3978 3007 4036 per
3029 3955 3263 4033 seipsam
3286 3973 3515 4042 motam,
3536 3978 3637 4031 per
3659 3964 3893 4033 seipsam

2298 4068 2636 4130 operantem,
2666 4059 2905 4129 seipsam
2947 4072 3055 4112 non
3080 4057 3449 4124 deserentem,
3482 4057 3578 4113 sed
3611 4055 3893 4115 scientiam

2264 4222 2269 4227 _
2299 4152 2543 4208 onmium
2588 4151 2963 4207 scientiarum
2991 4149 3378 4206 subsistentem
3404 4190 3419 4214 ,
3469 4157 3525 4204 et
3554 4163 3774 4219 semper
3800 4163 3896 4219 per

2300 4242 2532 4312 seipszim
2565 4227 3050 4311 contemplantem.
3100 4238 3369 4311 Oportere
3414 4239 3579 4311 igitur
3616 4248 3673 4295 et
3717 4239 3817 4310 ipsi
3841 4246 3897 4294 ct

2300 4333 2422 4389 aliis
2455 4330 2599 4407 apud
2628 4345 2728 4387 nos
2772 4330 3203 4395 aestimavimns,
3234 4339 3497 4413 quantum
3525 4324 3783 4400 possibile
3811 4345 3896 4386 es-

2301 4436 2404 4491 set,
2427 4425 2691 4495 replicare
2725 4423 3019 4479 variabiles
3040 4423 3418 4479 deformitates
3445 4421 3513 4478 de
3540 4423 3659 4492 Deo
3680 4424 3895 4494 symbo-

2226 4498 2275 4557 Ῑ)
2307 4518 2445 4574 licae
2473 4529 2664 4573 sacrae
2697 4514 3057 4585 ﬁgurationis.
3082 4514 3237 4581 Quod
3263 4514 3409 4569 enim
3422 4518 3593 4569 “extra
3634 4526 3757 4568 eam
3796 4515 3895 4568 hoc

2305 4610 2454 4668 omni
2485 4607 2725 4680 repletur
2750 4605 3052 4682 incredibili
3078 4617 3135 4661 et
3162 4606 3437 4662 lictitormi
3466 4608 3892 4669 monstrositate.

2305 4711 2493 4773 utpote
2522 4700 2576 4754 in
2609 4697 3052 4773 superessentiali
3076 4698 3293 4768 quidem
3323 4699 3502 4752 divina
3525 4689 3893 4768 generatione,

2302 4771 2553 4848 ventrem
2596 4771 2712 4844 Dei.
2741 4786 3098 4857 corporaliter
3139 4786 3309 4841 Deum
3363 4787 3675 4858 gignentcm
3727 4786 3894 4842 refor-

2303 4882 2529 4946 mautis,
2568 4887 2625 4935 et
2651 4878 2878 4934 verbum
2930 4876 2983 4931 in
3009 4877 3136 4932 aéra
3163 4876 3443 4947 profusum
3470 4893 3535 4932 ex
3561 4877 3730 4932 corde
3756 4876 3892 4931 virili

2302 4970 2603 5027 eructantis
2634 4968 2830 5039 ipsum,
2861 4976 2918 5021 et
2962 4966 3209 5038 spiritum
3237 4968 3572 5040 exspiratura
3600 4969 3670 5024 ab
3691 4983 3787 5023 ore
3805 4970 3894 5022 de-

2303 5062 2618 5125 scribentis,
2652 5067 2706 5116 et
2735 5059 2885 5114 sinus
2914 5058 3025 5113 Deo
3075 5058 3333 5115 fecundos
3360 5060 3567 5128 gremio
3599 5052 3891 5128 gestantes.

2304 5161 2473 5214 Deum
2496 5156 2663 5211 lilium
2687 5152 3043 5223 corporaliter
3070 5153 3225 5208 nobis
3252 5151 3540 5217 laudantis,
3571 5164 3661 5208 aut
3690 5154 3896 5225 planta-

2306 5257 2401 5309 tim
2432 5253 2569 5307 haec
2607 5246 2908 5319 tignrantis,
2940 5256 2993 5301 et
3021 5247 3249 5302 arbores
3274 5248 3537 5318 quasdam
3584 5257 3638 5304 et
3674 5246 3893 5303 frutices

822 5444 828 5451 '
1932 5369 1959 5423 \
1972 5370 2186 5427 AlllAE
2233 5366 2633 5428 LEC'i‘lONi‘S.

671 5471 687 5504 ²
718 5466 802 5523 Bli
852 5465 997 5534 petit.
1074 5460 1211 5534 ἾᾹΙΙ
1266 5461 1781 5517 εοηιηιηηὶεαεὶοηυ,⁸
1835 5461 1874 5513 ιι
1926 5474 2191 5519 commata

2293 5483 2358 5518 ιιι.
2437 5462 2458 5493 ³
2505 5472 2550 5514 r.’
2614 5459 2861 5513 [inmania
2910 5473 3020 5511 om.
3065 5454 3174 5510 BH.
3250 5452 3470 5513 ‘ludex
3526 5456 3651 5523 Tito
3695 5470 3893 5512 cunnum

595 5533 879 5599 sacerdoti.
957 5534 977 5566 ³
1009 5533 1119 5597 Λξῄ
1156 5544 1489 5603 (xI-parerent.

2126 5618 2333 5682 ΝὓΤΑ.

675 5752 701 5768 υ
731 5724 852 5777 Act.
886 5716 1016 5773 Xiil.
