4198 6298
216 369 351 427 1189
442 422 449 433 .

1119 364 1376 424 VERSIO
1407 361 1695 423 OPERUM
1736 361 1794 418 S.
1839 351 2651 416 DlONYSll.-—El’lSTOLAE.

3366 342 3499 403 “90

211 496 269 542 et
299 467 462 539 tiores
495 492 551 538 et
602 473 818 541 radices
844 482 1271 555 praemittentis,
1300 489 1395 537 aut
1417 479 1595 536 fontes
1640 488 1808 548 aqua-
1840 485 1882 539 Α
1912 477 2131 555 dentem
2180 483 2280 544 per
2331 470 2569 544 typicam
2600 485 2848 527 coenam.
2901 469 3115 525 [Etenim
3164 478 3283 525 erat
3310 484 3497 526 conse-

214 592 341 632 rum
370 575 696 639 emanantis,
733 584 829 630 aut
855 574 1199 630 claritatiths
1221 572 1561 644 processivas
1587 568 1809 624 luminis

212 666 616 735 generationes,
658 674 752 720 aut
795 664 930 723 alias
968 665 1232 736 quasdam
1270 661 1805 732 superessentiatium

216 756 648 826 theologicorum
695 754 1095 809 manii'estorias
1149 767 1337 808 sacras
1389 749 1804 819 descriptiones.

216 849 421 904 Deinde
449 831 816 917 ,invisibiliutn
858 846 952 900 Dei
990 845 1610 919 providentiarumhant
1641 841 1809 897 dono-

215 955 362 1003 rum,
404 949 499 993 aut
550 937 1070 1001 manifestationum,
1100 945 1193 990 aut
1217 936 1497 998 virtutum,
1548 939 1645 987 aut
1679 948 1809 1004 pro-
1844 994 1861 1004 ο

215 1029 541 1099 βινίθιιιιιιιη,⁴
560 1027 996 1098 percussionum,
1027 1035 1121 1080 aut
1149 1026 1512 1088 mansionum,
1555 1031 1652 1098 aut
1681 1035 1813 1091 pro-

214 1122 548 1186 cessionum,
599 1108 693 1174 aut
718 1119 1130 1181 discretionem,
1163 1127 1257 1171 aut
1287 1117 1578 1180 unitatum,
1616 1114 1811 1169 huma-

215 1227 347 1265 num
391 1210 708 1280 ﬁgmentum
768 1208 878 1263 Deo
923 1220 978 1262 et
1032 1206 1364 1271 bestiarum,
1397 1214 1453 1259 et
1494 1202 1813 1258 animalium

214 1304 476 1366 aliorum,
507 1310 564 1357 et
607 1302 939 1372 germinum,
979 1308 1035 1354 et
1068 1297 1304 1368 lapidum
1352 1297 1564 1352 variam
1609 1293 1815 1349 fortna-

216 1397 423 1450 tionem
452 1393 940 1463 circumiingcntis,
975 1400 1031 1447 et
1048 1400 1275 1448 ornatus
1301 1391 1352 1446 ei
1378 1388 1693 1454 muliebres,
1724 1397 1817 1443 aut

216 1486 533 1542 barbaricas
575 1500 853 1542 armorum
897 1484 1656 1554 facturascireumponentis,
1683 1482 1822 1554 (igu-

216 1576 409 1631 lariam
458 1587 551 1631 aut
591 1574 986 1639 conﬁatoriam,
1020 1583 1079 1629 ut
1110 1574 1306 1630 artiﬁci
1356 1574 1594 1641 cuidam,
1644 1587 1817 1643 appo-

217 1670 418 1735 nentis,
450 1678 507 1723 et
526 1683 695 1738 equos
730 1678 787 1722 et
809 1683 1004 1723 currus
1029 1667 1077 1723 ei
1103 1677 1159 1723 et
1196 1668 1420 1723 thronos
1468 1666 1820 1722 substernen-

223 1761 319 1824 tis,
363 1768 421 1815 et
464 1760 809 1828 quotidianus
869 1774 1028 1815 escas
1101 1760 1365 1830 quasdam
1424 1757 1841 1830 pulmentiﬁcas'

1909 554 2240 634 quens-neu
2286 563 2461 620 soluat
2486 556 2913 617 incontantiuata
2947 559 3131 632 multis
3152 560 3351 615 salvari
3380 576 3505 617 sana

1910 662 2362 718 etmsmtetormn,
2398 654 2493 709 sed
2521 663 2576 708 et
2596 653 2704 708 hoc
2732 653 3025 706 humanam
3046 653 3212 707 vitam
3241 668 3346 708 nou
3383 666 3505 721 par-

1913 746 2121 818 tibilem
2152 745 2316 800 simul
2343 753 2397 801 et
2419 760 2523 799 nou
2566 742 2818 816 partitam
2850 742 3258 809 subsistentem,
3290 746 3510 816 proprie

1911 839 2093 907 seipsa
2133 837 2345 893 divinas
2368 835 2659 892 illuminari
2693 835 2953 892 scientias
2984 851 3000 891 :
3031 846 3087 891 et
3137 837 3238 891 ltoc
3286 837 3508 906 quidem

1914 927 2254 998 impassibilo
2296 927 2513 982 animae
2537 927 2590 981 in
2617 926 2811 996 simpla
2837 932 2891 980 et
2939 925 3129 979 intima
3160 925 3507 983 deil'ormiuut

1914 1020 2243 1090 agalmatum
2288 1032 2577 1089 segregare
2636 1016 2967 1087 spectacula.
3018 1016 3283 1071 Passibile
3330 1027 3511 1070 autem

1914 1112 2031 1181 ejus
2070 1108 2501 1166 connaturaliter
2529 1106 2783 1163 famulari
2811 1106 2973 1162 simul
3013 1114 3068 1161 et
3088 1106 3308 1162 extendi
3339 1105 3392 1159 iu
3430 1098 3548 1159 dio}

1914 1201 2198 1256 vinissima
2252 1197 2712 1271 praemacbinatis
2741 1271 2747 1278 ἡ
2777 1197 3081 1268 typicorum
3140 1194 3513 1267 symbolorunt

1917 1291 2456 1363 performationibus,
2486 1290 2567 1346 sic
2588 1298 2821 1361 cognata
2868 1287 3178 1356 ltujusmodi
3208 1289 3395 1358 genuit
3427 1302 3515 1341 ve-

1917 1383 2121 1439 lamina
2174 1394 2228 1439 et
2274 1382 2557 1438 declarant.
2608 1380 2935 1452 quicumque
2969 1389 3025 1437 et
3074 1389 3202 1436 ante
3244 1380 3513 1435 velamina

1919 1486 2075 1533 extra
2106 1474 2433 1547 theologiam
2460 1472 2804 1536 manifestam
2832 1473 3222 1545 relinquentes,
3246 1472 3300 1526 in
3322 1472 3517 1542 seipsis

1920 1570 2220 1625 reformaut
2254 1567 2665 1625 similitudinem
2698 1567 2970 1636 quandam
3014 1566 3081 1620 ad
3106 1565 3518 1636 intelligentiam

1921 1676 1980 1716 se
2003 1660 2181 1715 dictae
2209 1657 2516 1728 tlteologiae
2543 1654 3018 1711 ntanuducentem.
3043 1655 3108 1709 Et
3130 1655 3263 1712 haec
3294 1653 3523 1711 visibilis
3556 1669 3564 1672 ‘

1924 1748 2295 1804 universitatis
2320 1748 2508 1802 tuuudi
2530 1746 2762 1812 factura,
2787 1745 3074 1802 invisibilis
3101 1745 3193 1802 Dei
3220 1745 3521 1823 praemissa

217 1842 618 1923 praeparautis,
667 1860 725 1906 et
754 1852 1067 1915 .bibentent,
1102 1861 1161 1906 et
1208 1851 1555 1916 inebriatum,
1596 1859 1663 1905 etv
1686 1865 1829 1905 som-
1860 1843 1904 1903 Β
1933 1850 2037 1907 est.
2065 1842 2205 1896 Sicut
2226 1840 2305 1895 ait
2326 1839 2560 1907 PauluS.-
2581 1847 2637 1895 et
2665 1854 2793 1893 vera
2820 1838 2981 1895 ratio.
3010 1836 3249 1895 Proinde
3290 1848 3349 1894 et
3373 1837 3525 1895 their

110 1938 121 1953 ’
218 1940 525 2005 uolentum,
573 1952 631 1997 et
688 1940 1026 2013 crapulatum
1084 1941 1542 1997 transformantis.
1599 1938 1738 2009 Quid
1777 1939 1824 1996 si

219 2034 345 2102 quis
372 2033 520 2089 dicat
542 2034 673 2101 iras,
708 2034 977 2102 tristitias,
1010 2035 1157 2089 varia
1190 2037 1525 2107 juramenta,
1556 2033 1820 2097 insanias,

218 2124 654 2192 maledictiones,
710 2125 1338 2197 i‘ttrores,-multiformia
1368 2137 1425 2183 et
1460 2125 1681 2196 obliqua
1740 2140 1825 2180 re-

218 2216 486 2288 pulsionis
528 2218 734 2289 peccati
767 2219 1191 2289 promissionum
1222 2218 1578 2289 sophismata,
1632 2218 1689 2272 in
1720 2216 1825 2272 Ge-

222 2310 340 2364 nesi
381 2310 657 2381 gigantum
686 2325 943 2381 pugnam,
990 2325 1091 2380 per
1136 2323 1299 2380 quam
1332 2309 1634 2377 deliberare
1663 2324 1729 2364 ex
1760 2308 1825 2361 ti-

221 2412 380 2455 more
405 2398 607 2455 dicitur
628 2401 940 2469 potentibus
975 2400 1081 2455 illis
1125 2401 1276 2462 viris,
1313 2401 1455 2456 hanc
1495 2388 1824 2455 aediﬁcatio-

204 2504 353 2565 ‘nem
396 2506 504 2545 non
562 2490 758 2559 injuria
797 2493 1156 2561 quorumdam
1188 2492 1444 2557 aliorum,
1492 2492 1585 2547 sed
1614 2506 1712 2561 pro
1739 2505 1827 2544 sa-

224 2579 339 2635 lute
362 2596 551 2637 eorum
585 2581 1047 2647 machinautibos,
1087 2593 1144 2637 et
1185 2582 1472 2638 consilium
1504 2581 1633 2638 illud
1664 2580 1822 2650 juxta

222 2669 437 2726 caelum
461 2672 516 2726 in
540 2672 665 2727 dolo
690 2679 745 2728 et
769 2671 1084 2728 seductione
1106 2672 1294 2729 Achab
1316 2682 1591 2744 paratum,
1618 2681 1674 2729 et
1694 2689 1827 2729 can-

226 2760 466 2816 ticorum
502 2761 815 2817 materiales
835 2770 891 2818 et
914 2761 1192 2817 adulteras
1214 2763 1411 2819 multas
1437 2763 1747 2834 passiones,
1769 2772 1825 2818 et

225 2858 587 2926 quaecunque
615 2854 720 2908 alia
743 2855 926 2911 omnia
974 2855 1198 2912 audacis
1229 2865 1356 2911 sunt
1377 2856 1593 2912 divinae
1621 2854 1830 2911 forma-

226 2943 395 3000 tionis
431 2932 587 3001 sacre
616 2947 913 3015 composita
941 2947 1269 3004 declarativa
1309 2948 1647 3005 occultorum
1701 2965 1827 3020 pro-

227 3033 466 3091 blemata
493 3044 548 3090 et
574 3024 928 3107 multiplicata
959 3048 1013 3093 et
1044 3040 1243 3109 partita
1266 3040 1532 3095 uuitatum
1555 3048 1611 3094 et
1637 3054 1832 3096 carens-

228 3128 365 3184 tium
392 3128 658 3198 partibus,
676 3137 732 3184 et
761 3129 1044 3200 ﬁgurativa
1064 3139 1118 3185 et
1143 3129 1494 3187 multiformia
1525 3131 1827 3187 carentium
1889 3192 1892 3195 λ

1930 1934 2035 2005 logi
2058 1934 2327 2004 quaedam
2351 1933 2571 2004 quidem
2602 1932 2832 1988 civiliter
2850 1942 2905 1989 et
2928 1931 3177 2005 legaliter
3201 1933 3520 2005 inspiciunt,

1924 2027 2189 2095 quaedam
2230 2035 2412 2080 autem
2466 2014 2751 2095 purgative
2810 2032 2865 2079 et
2924 2023 3347 2078 incontaminatc
3398 2040 3412 2077 :
3468 2036 3525 2079 ct

1926 2119 2192 2190 quaedam
2235 2118 2452 2187 quidem
2485 2117 2797 2172 humanitus
2820 2126 2875 2171 et
2904 2116 3102 2180 medie,
3131 2116 3397 2185 quaedam
3426 2131 3522 2170 au-

1928 2215 2034 2261 tem
2060 2190 2505 2276 supcrmuudune
2549 2214 2605 2261 et
2631 2206 2960 2277 perfective:
2991 2216 3047 2262 et
3073 2215 3185 2262 tum
3214 2206 3430 2276 quidem
3454 2224 3520 2259 es

1927 2297 2138 2369 legibus
2190 2296 2688 2362 manifestatorum,
2738 2306 2851 2352 tum
2907 2312 3038 2353 vero
3085 2312 3154 2352 ex
3187 2281 3521 2353 occultent-tn

1927 2386 2136 2460 legibus
2187 2387 2486 2444 secundum
2525 2388 2971 2457 consequentiam
3022 2387 3317 2459 suppOsitis
3353 2390 3523 2442 sacris

1930 2477 2102 2534 literis
2128 2486 2184 2533 et
2224 2477 2590 2533 intellectibus
2621 2486 2674 2533 et
2698 2477 3002 2535 animabus.
3036 2478 3154 2532 Non
3178 2479 3322 2533 enim
3349 2475 3519 2530 bis.o-

1932 2571 2071 2627 riam
2114 2570 2339 2636 nudam,
2368 2569 2463 2626 sed
2486 2569 2709 2625 vitalem
2741 2571 2909 2625 habet
2947 2569 3336 2642 perfectionem
3361 2581 3525 2637 prae:

1927 2663 2101 2734 posita
2125 2662 2207 2717 eis
2248 2660 2411 2715 simul
2443 2659 2643 2726 omnis,
2682 2668 2739 2714 et
2766 2675 2864 2732 per
2888 2657 3071 2714 omnia
3115 2657 3272 2712 ratio.
3297 2655 3526 2728 Oportet

1927 2753 2095 2824 igitur
2113 2760 2168 2806 et
2188 2764 2309 2818 nos,
2332 2765 2430 2820 pro
2449 2749 2693 2827 populari
2715 2749 2781 2804 de
2805 2748 2936 2818 ipsis
2955 2748 3318 2820 susceptione,
3341 2749 3520 2820 palam

1929 2857 2212 2900 sacrorum
2236 2841 2607 2914 symbolorunt
2637 2849 2884 2895 sanctam
2921 2839 3378 2910 pulchritudinem
3400 2856 3521 2912 per—

1930 2936 2189 3000 mittere,-
2225 2941 2282 2988 et
2321 2947 2432 2987 non
2481 2946 2739 3002 spernere
2766 2946 2856 2997 ea,
2903 2930 3210 2986 divinorum
3259 2948 3385 2986 cum
3410 2932 3527 2988 sint

1932 3025 2318 3081 cbaracterum
2359 3036 2585 3091 poscere
2628 3020 3010 3088 formationes,
3032 3030 3087 3076 et
3114 3020 3377 3094 imagines
3412 3040 3529 3078 ma-

1932 3116 2166 3174 nifestae
2212 3130 2540 3172 arcanorum
2568 3123 2623 3170 et
2669 3114 3169 3185 supernatat-alium
3205 3115 3531 3186 speculami-

229 3216 423 3276 lormis
441 3225 498 3274 et
517 3218 745 3290 ﬁguris?
768 3218 1008 3288 Quorum
1032 3220 1077 3274 si
1113 3220 1236 3292 quis
1259 3221 1445 3276 videre
1474 3222 1713 3291 potuerit
1738 3214 1899 3285 in-C
1929 3228 2081 3267 num.
2104 3210 2321 3266 Etenim
2340 3224 2448 3265 non
2469 3209 2644 3264 solum
2670 3217 2689 3250 ι
2710 3207 3186 3278 superesseutialia
3213 3208 3439 3276 lumina,
3467 3218 3528 3265 et

233 3311 631 3377 tusioceultam
671 3310 1160 3382 pulchritudinem,
1218 3313 1455 3368 inveniet
1497 3313 1723 3385 mystica
1769 3322 1838 3367 et'
1876 3346 1883 3349 -

229 3399 515 3458 deil‘ormia
537 3404 744 3467 omnia,
776 3411 831 3458 et
855 3401 1007 3457 multi
1034 3402 1319 3474 tlteologici
1344 3403 1568 3459 luminis
1598 3403 1822 3474 repleta.

229 3490 349 3547 Non
427 3492 576 3549 enim
638 3493 974 3549 arbitramur
1049 3493 1336 3548 manifesta
1370 3496 1825 3564 compositorum

229 3594 457 3657 propter
477 3584 654 3656 seipsa
685 3584 991 3652 reformari,
1020 3584 1297 3653 praetendi
1314 3595 1496 3639 autem
1522 3591 1651 3639 ante
1670 3598 1826 3653 pracc

233 3682 403 3743 tenta,
426 3682 483 3730 et
522 3674 777 3729 invisibili
808 3673 976 3728 multa
995 3672 1243 3738 scientia,
1273 3684 1335 3727 ut
1378 3686 1488 3728 non
1532 3672 1828 3743 immundis

230 3765 396 3824 facile
412 3748 653 3836 -accepta
703 3766 812 3821 sint
852 3765 1243 3820 sacratissima.
1274 3762 1420 3821 Solis
1443 3773 1826 3839 autemre_vc-

230 3858 413 3913 lentur
467 3856 769 3913 divinitatis
825 3855 1091 3917 sinceris
1132 3854 1513 3921 amatoribus,
1572 3866 1828 3926 tanquam

229 3947 740 4020 omnem.puerilem
764 3947 1108 4017 phantasiam
1138 3947 1194 4000 in
1221 3947 1396 4001 sacris
1423 3945 1686 4014 symbolis
1711 3945 1827 4000 for-

232 4041 604 4107 mantibus,et
639 4038 849 4095 idoneis
872 4040 1254 4093 transcendere
1278 4037 1621 4107 simplicitate
1635 4038 1825 4104 animi,

232 4140 289 4186 et
333 4129 789 4202 contemplativae
807 4127 1023 4183 virtutis
1042 4129 1463 4199 opportunitate,
1486 4127 1554 4183 ad
1579 4127 1829 4197 simplum

233 4231 299 4281 et‘
351 4201 820 4296 supernaturalem
858 4212 913 4278 et
948 4201 1398 4293 praecollocatam
1462 4223 1832 4295 symbolarum

236 4318 543 4375 veritatem.
577 4313 684 4372 Sed
709 4315 895 4386 itaque
928 4324 982 4369 et
1008 4315 1111 4369 hoc
1133 4314 1435 4385 intelligere
1461 4324 1695 4386 Oportet,
1728 4314 1833 4371 du-

194 4406 434 4478 .plicem
478 4420 599 4463 esse
633 4406 1007 4477 theologorum
1050 4406 1395 4462 traditionem
1439 4425 1452 4461 :
1496 4423 1659 4461 unam
1710 4406 1833 4477 qui-

236 4498 360 4552 dem
396 4510 656 4552 arcanam
701 4504 759 4552 et
804 4495 1112 4568 mysticam,
1162 4496 1392 4551 alteram
1428 4512 1554 4553 vero
1602 4495 1832 4553 manife-

1930 3303 2247 3371 invisibilia,
2275 3313 2330 3357 et
2355 3301 2680 3373 simpliciter
2709 3300 2893 3355 divina
2919 3300 3112 3372 typicis
3140 3301 3523 3371 pervariantttr

1929 3398 2212 3471 symbolis,
2257 3391 2399 3453 sicut
2429 3394 2865 3465 supernaturalis
2890 3394 3038 3450 Deus
3082 3394 3222 3464 ignis
3250 3395 3447 3462 dictus,
3473 3408 3530 3449 et

1931 3488 2228 3544 invisibilia
2294 3486 2391 3543 Dei
2451 3485 2670 3556 eloquia
2724 3486 2912 3557 ignita.
2960 3484 3191 3557 Insuper
3235 3493 3419 3540 autem
3473 3500 3534 3540 et.

1932 3581 2286 3637 invisibilium
2358 3579 2523 3635 simul
2574 3588 2633 3635 et
2708 3577 3175 3635 intellectualium'
3214 3580 3529 3651 angelorum

1931 3671 2505 3749 deiformes_ornatus
2557 3671 2726 3726 variis
2790 3668 2983 3725 formis
3022 3671 3531 3735 describuntur,“et

1932 3765 2117 3820 multis
2143 3766 2432 3836 speciebus
2450 3772 2509 3821 et
2532 3763 2708 3835 igneis
2744 3763 3161 3835 ﬁgurationibus
3189 3767 3233 3820 ‘.
3262 3765 3331 3821 Et
3372 3765 3532 3821 aliter

1878 3929 1887 3938 ~
1932 3864 2147 3928 oportet
2189 3855 2423 3911 eandem
2472 3856 2616 3927 ignis
2663 3856 2954 3928 imaginem
2978 3856 3135 3928 juxta
3171 3858 3537 3927 superiutelli-

1932 3951 2169 4021 gentiam
2196 3951 2293 4006 Dei
2313 3951 2520 4005 dictam
2541 3951 2797 4023 excipere
2819 3967 2831 4004 :
2856 3950 3015 4006 aliter
3038 3952 3218 4008 autem
3237 3952 3536 4009 secundum

1933 4041 2108 4112 ipsam
2157 4039 2512 4096 iuvisibilium
2559 4041 2677 4112 ejus
2717 4041 3184 4112 providentiarum
3213 4052 3306 4096 aut
3361 4047 3534 4098 ratio-

1934 4149 2064 4188 num
2098 4140 2123 4188 :‘
2144 4141 2202 4190 et
2236 4133 2398 4191 aliter
2444 4134 2500 4190 in
2552 4134 2785 4205 angelis.
2834 4134 3062 4191 Et'eam
3099 4136 3317 4207 quidem
3349 4154 3538 4193 secun-

1934 4226 2063 4281 dum
2092 4240 2313 4281 causam
2339 4265 2356 4291 ,
2408 4226 2574 4281 istam
2613 4242 2744 4285 vero
2785 4227 3083 4282 secundum
3110 4228 3531 4296 subsistendum,

1934 4314 2077 4370 hanc
2106 4324 2237 4369 vero
2261 4317 2562 4371 secundum
2593 4317 3063 4387 participationem
3092 4358 3109 4385 ,
3152 4328 3209 4375 et
3243 4321 3348 4375 alia
3378 4322 3539 4379 aliter

1934 4405 2233 4460 secundum
2270 4405 2408 4462 haec
2455 4406 2667 4463 tlteoria
2718 4416 2775 4461 et
2822 4409 3176 4479 disciplinalls
3211 4408 3233 4442 ³
3264 4410 3540 4467 ordinatio

1934 4495 2291 4554 intentionem
2323 4498 2497 4568 ponit.
2535 4498 2605 4555 Et
2647 4515 2755 4555 non
2791 4510 2851 4553 ut
2877 4504 3353 4572 consequebantur
3381 4521 3538 4560 sacra

235 4598 380 4644 stam
427 4597 485 4643 et.
529 4588 799 4645 notiorem
833 4605 848 4642 τ
884 4598 941 4644 et
967 4603 1088 4643 eam
1131 4589 1348 4659 quidem
1395 4589 1749 4661 symbolicam
1775 4598 1830 4643 et
1860 4574 1909 4635 ι)
1935 4587 2178 4658 symbols
2206 4587 2565 4655 confundere,
2588 4591 2683 4645 sed
2710 4590 3102 4646 convenienter
3128 4608 3192 4648 ea
3218 4594 3422 4659 causis,
3448 4607 3546 4649 aut

235 4679 616 4751 perfectivam,
642 4680 783 4735 hanc
802 4694 935 4735 vero
978 4679 1410 4749 pltilosoplticatn
1440 4689 1495 4732 et
1525 4679 1836 4751 approbati-

238 4758 385 4837 vam,
416 4781 474 4827 et
499 4770 880 4843 complectitur
898 4769 1094 4826 ell'abili
1121 4769 1415 4827 tutamenta.
1442 4771 1507 4826 Et
1525 4771 1673 4826 aliud
1710 4772 1835 4844 qui-

239 4863 363 4919 dem
392 4860 601 4932 patitur
620 4870 679 4915 et
724 4860 930 4931 indiget
950 4860 1219 4916 dictorum
1249 4862 1497 4917 veritatis
1528 4880 1543 4916 :
1575 4863 1677 4917 hoc
1708 4877 1837 4918 vero

239 4955 357 5028 agit
390 4965 447 5010 et
477 4952 710 5010 collocat
740 4954 849 5009 Deo
894 4952 1255 5010 ineﬂ'abilibus
1282 4954 1559 5010 doctrinae
1588 4955 1840 5023 introitu:

241 5035 537 5103 ctionibus.
577 5044 645 5101 Et
668 5045 890 5115 quidem
939 5059 1117 5115 neque
1167 5046 1464 5099 secundum
1522 5055 1832 5115 sanctorum

244 5136 631 5212 mysteriorum
670 5136 863 5193 teleta‘s
902 5137 995 5192 alii
1045 5138 1342 5192 secundum
1386 5153 1507 5200 nos,
1534 5137 1624 5191 alii
1649 5137 1839 5208 legalis

246 5226 557 5284 traditionis
586 5226 727 5283 sacri
758 5226 1004 5298 magistri
1035 5227 1342 5281 divinorum
1368 5227 1594 5281 defuere
1620 5230 1845 5298 symbo-

245 5318 426 5376 larum
450 5336 468 5373 :
496 5317 592 5374 sed
623 5327 680 5375 et
716 5318 1119 5374 sacratissimos
1162 5318 1383 5390 angelos
1409 5336 1507 5389 per
1532 5321 1840 5390 aenigmata

245 5410 429 5467 divina
451 5407 681 5481 mystice
702 5409 1066 5480 producentes
1085 5409 1353 5478 videmus,
1377 5418 1434 5464 et
1455 5409 1632 5480 ipsum
1654 5407 1841 5464 Jesnm

247 5502 304 5558 in
339 5500 619 5576 parabolis
673 5499 1089 5571 theologautem,
1120 5508 1176 5556 et
1223 5500 1413 5557 deitica
1447 5500 1704 5573 mysteria
1735 5506 1845 5554 ira-4

1936 4679 2334 4744 subsistentiis.
2368 4688 2461 4735 aut
2489 4681 2817 4747 virtutibus,
2860 4689 2956 4737 aut
2998 4684 3304 4750 ordinibus,
3336 4696 3430 4742 aut
3460 4689 3540 4742 tli-

1935 4768 2235 4840 guitatibus
2267 4786 2281 4824 :
2311 4769 2597 4841 replicare,
2648 4786 2881 4840 quorum
2930 4784 3060 4828 sunt
3109 4776 3543 4833 manifestatur-iu

1935 4864 2259 4933 composita.
2291 4863 2353 4917 Et
2384 4872 2440 4918 ιιι
2467 4880 2576 4918 non
2601 4864 2741 4917 ultra
2767 4866 2912 4933 quod
2942 4878 3159 4937 oportet
3186 4872 3547 4927 extendamus

1940 4955 1991 5009 in
2022 4956 2193 5026 ipsis,
2237 4956 2354 5027 jam
2388 4957 2668 5026 proposita
2714 4957 2870 5012 nobis
2901 4961 3152 5029 quaestio
3198 4962 3438 5017 scienda.
3482 4964 3549 5018 iit

1943 5046 2195 5111 dicimus,
2223 5045 2349 5116 quia
2385 5046 2564 5105 onmis
2603 5060 2730 5101 esca
2769 5047 3063 5118 perfectiva
3110 5059 3193 5104 est
3231 5052 3545 5107 nutriendo-

1945 5153 2088 5203 rum,
2120 5136 2588 5209 impert'ectionem
2618 5152 2809 5194 eorum
2835 5148 2890 5193 et
2918 5138 3274 5212 indigentiam
3313 5143 3543 5211 replens,

1942 5238 1993 5281 et
2036 5227 2310 5283 inﬁrmum
2340 5243 2564 5293 curans,
2599 5237 2651 5284 et
2686 5230 2852 5284 vitam
2894 5243 3086 5284 eorum
3125 5234 3459 5297 custodiens,
3494 5247 3547 5289 et

1944 5318 2141 5373 ﬂorere
2172 5318 2398 5384 faciens,
2428 5328 2483 5374 et
2512 5334 2805 5388 renovatis,
2834 5330 2891 5376 et
2926 5323 3089 5378 vitale
3116 5323 3197 5379 eis
3224 5326 3547 5381 beneﬁcium

1947 5412 2178 5474 donans.
2206 5420 2261 5466 et
2287 5411 2606 5483 simpliciter
2632 5414 3045 5468 contristantem
3084 5424 3142 5469 et
3172 5415 3547 5487 imperfectum

1951 5518 2218 5574 respuens
2237 5545 2252 5571 ,
2292 5514 2349 5560 et
2378 5503 2640 5561 laetitiam
2669 5521 2857 5562 eorum
2884 5518 2940 5562 et
2967 5506 3360 5577 perfectionem
3389 5511 3417 5545 δ
3440 5511 3550 5565 lar-

317 5652 340 5697 .
1563 5636 1818 5692 vanus
1854 5638 2259 5697 Licenoxtas.

322 5731 340 5763 ¹
385 5730 473 5786 BF.
527 5733 662 5785 sola.
758 5732 779 5761 ²
810 5730 897 5785 ΒΕ
942 5728 1408 5799 fulgurationibtts.

248 5802 295 5859 Ε
317 5804 506 5857 eorum
549 5811 595 5857 et
619 5799 1001 5872 perfectiomtm
1028 5799 1286 5869 largiens.

1514 5735 1537 5769 ⁸
1572 5729 1614 5787 Ιὶ
1645 5730 1829 5800 discipl

1929 5732 2068 5786 (iiiis,
2153 5730 2176 5766 δ
2214 5734 2411 5801 SicA;
2463 5734 2553 5791 ΒΗ
2605 5752 2796 5793 eorum
2857 5736 3227 5807 perﬁciantur
3279 5740 3548 5813 largiens;
