4198 6266
572 10 631 43 ἔτ·
652 8 803 35 ’δτι-ι-
836 18 1117 43 "3m
1136 20 1217 41 -ι-ξε
1238 20 1373 43 ..ιτα-,ι
1390 32 1505 43 οξ--
1522 34 1549 41 -,
1566 34 1595 37 ἡ

637 294 775 355 1195

2008 314 2294 378 ιοΑΝΝιε
2332 319 2534 382 SCOTI

3782 346 3807 400 1
3826 344 3928 400 196

630 435 842 507 Graeco
892 437 947 493 in
995 438 1247 496 Latinum
1301 442 1467 498 Vobis
1514 443 1832 515 jubentibns
1879 447 2047 504 edidi.
2077 449 2224 504 Dilli-

2333 437 2500 517 λυςιεοὴ
2523 436 2738 503 dicitur,
2765 438 2868 497 hoc
2894 453 2978 497 est
2996 430 3275 524 resointio,
3301 450 3542 505 reversio
3560 465 3691 517 vero
3712 454 3927 519 οέωσις.

631 528 895 583 eiilinmm
944 545 1186 599 prorsus.
1234 534 1691 592 ortltodoxissime
1736 537 1966 610 Regum,
2006 541 2223 598 servulo

633 629 842 685 vestro,
893 622 1144 678 imbecilli
1202 624 1359 681 valde
1405 626 1573 682 etiam
1626 629 1679 683 in
1734 628 1964 696 Latinis,
2014 639 2223 700 quanto

629 714 805 780 magis
830 711 883 768 in
904 713 1153 779 Graecis,
1186 715 1425 773 laborem
1454 718 1782 788 iniunxistis.
1811 721 2033 798 insuper
2055 712 2245 779 etiam,

629 804 942 860 accelerare
981 804 1144 860 veluti
1181 808 1396 866 erudito
1424 811 1709 885 utriusque
1751 814 1966 886 linguae
2005 816 2225 887 citoque

632 892 896 962 pellicere
914 891 1251 964 imperastis.
1282 898 1388 955 Sed
1411 915 1509 970 pro
1529 900 1736 958 viribus
1761 904 2010 975 ingenioli
2042 906 2147 961 mei
2169 914 2225 961 et

633 985 958 1052 acceleravi,
989 997 1044 1044 et
1070 988 1250 1046 divina
1293 992 1526 1049 ducente
1562 1008 1628 1050 ac
1654 994 1921 1068 largiente
1947 980 2121 1068 gratia
2155 999 2225 1061 ad

631 1077 795 1131 tinem
829 1094 999 1148 usque
1036 1082 1283 1150 perduxi.
1323 1080 1606 1147 Fortassis
1632 1096 1812 1142 autem
1861 1088 2226 1159 qualicunque

632 1168 878 1250 apologis
931 1172 1206 1237 defensus,
1252 1188 1358 1229 non
1391 1183 1500 1231 tam
1539 1177 1738 1234 densas
1780 1178 2043 1236 subierim
2092 1181 2226 1238 cali-
2269 1188 2275 1196 '

633 1261 809 1331 gincs,
858 1262 958 1316 nisi
994 1263 1256 1330 viderem,
1289 1266 1593 1337 praefatum
1623 1271 2009 1334 beatissimum
2047 1272 2225 1329 Maxi-
2256 1256 2261 1261 ’

621 1366 780 1430 gnum:
831 1352 1151 1427 saepissime
1194 1355 1249 1410 in
1294 1371 1551 1426 processu
1595 1360 1678 1415 sui
1720 1361 1904 1432 operis
1946 1363 2225 1419 obscuris-

623 1441 798 1522 _simas
820 1439 1151 1499 sanrtissimi
1188 1446 1419 1519 theologi
1448 1449 1688 1521 Dionysii
1716 1439 2075 1526 Areopagitae
2096 1469 2225 1510 sen-

632 1536 880 1593 tentias;
923 1534 1077 1604 cujus
1137 1538 1468 1610 symbolicos
1525 1541 1968 1616 theologicosque
2032 1560 2225 1601 sensus

631 1641 805 1695 nuper
838 1627 1001 1681 Vobis
1056 1629 1308 1684 similiter
1354 1631 1674 1701 jubentibus
1732 1636 2006 1699 transtuli,
2049 1637 2223 1691 intro-

633 1719 900 1781 duxisse,,
928 1720 1271 1791 mirabilique
1301 1724 1461 1778 modo
1509 1725 1855 1792 dilucidasse,
1906 1726 1959 1781 in
1990 1735 2223 1791 tantum,

2328 524 2433 581 boc
2456 535 2541 583 est
2569 528 2861 585 deiticatio.
2892 530 2957 586 Et
2980 547 3087 603 qua
3110 534 3342 603 ratione,
3369 554 3509 609 quae
3534 550 3660 596 sunt
3683 545 3930 600 maxima

2324 615 2796 687 multiplicatione,
2835 620 3057 676 minima
3089 633 3213 679 sunt
3242 625 3458 695 virtute,
3487 645 3628 701 quae
3655 647 3789 688 vero
3820 634 3932 688 mi-

2325 704 2471 760 nima
2495 706 2963 779 multiplicatiéne,
2994 715 3234 771 maxima
3257 716 3477 777 virtute.
3517 720 3661 789 Quid
3686 744 3929 799 καταμυ-

2323 802 2468 859 τικήν
2486 806 2542 852 et
2567 799 2884 873 ἁποφατικήτ
2905 802 3080 860 dicam
3099 806 3369 879 θεολογίαν,
3387 809 3440 865 in
3462 812 3661 881 quibus
3680 816 3931 871 maxime

2324 887 2590 957 praedicti
2630 889 2778 967 beati
2807 890 3049 965 Dionysii
3096 894 3457 970 Areopagitae
3496 901 3927 972 profundissima

2277 1044 2282 1048 ,
2327 982 2779 1056 divinissimaque
2841 988 3158 1047 admiranda
3216 1000 3301 1048 est
3349 993 3688 1064 disputatio?
3744 995 3928 1064 Quam

2326 1077 2475 1134 clare
2501 1078 2839 1152 pulchreque
2863 1084 3059 1154 aperit,
3091 1088 3386 1157 quomodo,
3412 1103 3537 1143 cum
3569 1088 3712 1144 inter
3740 1104 3804 1145 se
3831 1104 3932 1160 ap-

2325 1169 2539 1239 positae
2580 1171 2846 1244 valdeque
2900 1176 3207 1233 contrariae
3261 1178 3577 1244 videantur,
3633 1180 3702 1235 ad
3751 1194 3961 1234 unum‘

2329 1267 2509 1316 tamen
2557 1275 2882 1318 consensum
2924 1267 3266 1335 pérveniunt,
3300 1278 3378 1335 ut,
3423 1269 3551 1323 dum
3595 1284 3701 1324 una
3736 1280 3925 1337 neget.

2327 1351 2497 1407 altera
2522 1353 2831 1419 conﬁrmet,
2880 1354 3172 1427 utrumque
3194 1358 3247 1412 in
3276 1345 3509 1430 utraque
3535 1362 3927 1428 contineatur;

2327 1446 2401 1501 ita
2422 1446 2497 1509 lit,
2522 1456 2583 1509 ut
2600 1456 2655 1503 et
2672 1455 2990 1524 καταφατικὴ
3016 1465 3123 1505 non
3147 1451 3454 1519 conﬁrmet,
3470 1455 3612 1523 quod
3636 1455 3927 1529 imparati

2328 1538 2584 1608 abnegat,
2614 1553 2791 1611 neque
2829 1541 3114 1615 ἀποφατικὰ
3144 1540 3394 1613 abneget,
3437 1544 3581 1613 quod
3623 1549 3942 1619 καταφατική

2327 1628 2582 1685 aliirmat.
2621 1630 2691 1686 Et
2729 1644 2836 1685 non
2877 1629 3051 1686 solum
3093 1632 3191 1686 has
3234 1633 3367 1687 duas
3417 1633 3683 1688 maximas
3713 1634 3927 1690 theolo-

2327 1720 2448 1790 giae
2480 1728 2663 1788 partes
2701 1719 2756 1773 in
2786 1720 2918 1784 Deo,
2948 1719 3042 1776 sed
3067 1722 3229 1777 etiam
3266 1723 3320 1779 in
3345 1724 3490 1779 omni
3516 1732 3771 1781 creatura
3796 1738 3924 1782 esse

631 1819 688 1865 ut
717 1811 863 1865 nullo
891 1813 1048 1873 modo
1070 1815 1396 1880 dubitarem,
1422 1815 1663 1872 divinam
1693 1818 2062 1885 clementiam,
2087 1834 2227 1894 quae

2334 1808 2792 1867 manifestissimis
2820 1806 3059 1866 declarat
3092 1813 3386 1884 exemplis;
3433 1818 3529 1884 per
3557 1829 3653 1870 eas
3687 1830 3928 1886 namque

602 1901 908 1976 ‘illnmin‘at
937 1903 1256 1959 abscondita
1285 1905 1657 1971 tenebrarum,
1687 1921 1785 1962 sua
1814 1905 2071 1964 ineﬂ‘abili
2100 1922 2228 1977 pro-

631 1995 871 2049 vitlcutia
900 1996 1003 2051 hoc
1031 1996 1382 2066 disposuisse,
1422 2008 1573 2054 utea
1611 2000 1850 2070 quidem,
1891 2015 2031 2071 quae
2074 2000 2230 2056 nobis

631 2089 870 2142 innxime
895 2088 1151 2143 obstrusa
1177 2088 1232 2142 in
1260 2090 1554 2159 praedictis
1588 2090 1735 2147 beati
1779 2090 2017 2164 Dionysii
2050 2091 2225 2156 libris,
2266 2114 2275 2121 ο

633 2189 729 2234 aut
756 2180 839 2234 vix
871 2181 1082 2249 pervia,
1105 2197 1407 2253 sensusque
1431 2192 1648 2240 nostros
1670 2185 1856 2257 fugere
1882 2183 2227 2247 videbantur,

643 2274 904 2343 aperiret,
933 2274 1338 2342 sapientissimo
1363 2274 1612 2344 praefato
1634 2275 1873 2331 Maximo
1896 2275 2243 2333 lucidissime

633 2365 976 2436 explanante.
1035 2367 1280 2438 Exempli
1334 2370 1533 2441 gratia,
1566 2379 1627 2424 ut
1670 2384 1842 2438 pauca
1878 2368 1952 2424 de
1986 2368 2232 2439 pluribus

633 2460 834 2522 dicam,
863 2456 1139 2530 quomodo
1158 2476 1326 2518 causa
1356 2463 1619 2526 omnium,
1649 2477 1788 2533 quae
1819 2463 1959 2518 Deus
1986 2455 2092 2528 est,
2122 2478 2228 2518 una

597 2574 612 2588 ο
632 2552 704 2610 sit
731 2554 962 2623 simplex
983 2563 1038 2610 et
1061 2555 1340 2626 multiplex
1378 2575 1390 2610 :
1433 2543 1611 2626 qualis
1631 2558 1703 2612 sit
1728 2549 2023 2627 processio,
2049 2556 2102 2611 id
2127 2566 2228 2621 est,

632 2646 1015 2717 multiplicatio
1035 2647 1252 2703 divinae
1283 2648 1541 2704 bonitatis
1567 2665 1666 2720 per
1690 2650 1896 2714 omnia,
1919 2665 2061 2719 quae
2084 2658 2229 2712 sunt,

635 2752 666 2794 tt
691 2754 904 2793 summo
935 2755 1105 2810 usque
1128 2740 1405 2804 deorsum,
1433 2756 1531 2809 per
1551 2740 1858 2813 generalem
1879 2739 2121 2795 omnium
2147 2753 2235 2794 es-

634 2830 866 2886 sentiam
903 2829 1101 2899 primo,
1135 2830 1392 2901 deinceps
1427 2847 1524 2901 per
1562 2847 1762 2903 genera
1798 2828 2233 2902 generalissima,

639 2921 833 2974 deinde
856 2936 952 2990 per
981 2936 1181 2991 genera
1215 2921 1579 2992 generaliora,
1610 2923 1734 2976 inde
1758 2937 1856 2991 per
1877 2920 2088 2991 species
2112 2931 2236 2989 spe-

618 3008 890 3089 .eial'iores
912 3027 1085 3082 usque
1112 3013 1177 3068 ad
1196 3014 1406 3084 species
1425 3014 1843 3084 specialissimas
1864 3028 1963 3081 per
1984 3008 2236 3066 dili‘eren-

639 3104 745 3159 tias
771 3104 1241 3173 proprietatesque
1264 3104 1619 3159 descendens.
1639 3103 1708 3158 Et
1735 3099 2237 3171 iterum,‘ejusdem..

637 3305 739 3344 eun
746 3286 990 3359 gregatio
1006 3304 1101 3356 per
1110 3287 1326 3342 eosdem
1340 3286 1542 3357 gradus
1558 3286 1623 3341 ab
1641 3286 1848 3341 inlinita
1863 3300 2077 3349 eorum,
2095 3295 2236 3352 quae

587 3446 591 3452 η
636 3386 785 3442 sunt,
813 3377 1072 3446 variaque
1107 3375 1556 3448 multiplicatione
1586 3391 1757 3447 usque
1794 3376 1860 3429 ad
1888 3371 2231 3444 simplicissi-

639 3486 783 3527 mam
805 3472 1046 3526 omnium
1076 3470 1363 3534 unitatem,
1394 3484 1536 3545 quae
1563 3470 1616 3525 in
1635 3471 1742 3525 Deo
1762 3478 1847 3525 est
1871 3478 1928 3524 et
1941 3468 2086 3523 Deus
2112 3474 2199 3523 est
2219 3482 2235 3532 ;

635 3560 714 3621 ita
744 3570 865 3617 utet
894 3561 1036 3642 Deus
1063 3561 1244 3616 omnia
1275 3560 1365 3625 sit,
1391 3569 1448 3615 et
1473 3560 1654 3621 omnia
1680 3561 1823 3620 Deus
1847 3559 1977 3615 sint.
2004 3558 2073 3617 Et
2098 3572 2238 3628 quo-

639 3646 803 3711 modo
816 3652 1090 3724 praedicta
1106 3651 1325 3722 quidem
1342 3651 1523 3707 divina
1544 3651 1599 3706 in
1616 3650 1800 3709 omnia
1816 3648 2094 3722 processio
2113 3649 2241 3708 ἀνα-

2330 1901 2553 1957 Ordines
2597 1900 2917 1958 caelestium
2941 1904 3306 1967 essentiarnm
3350 1914 3405 1959 et
3435 1908 3821 1961 discernuntur
3868 1916 3931 1962 et

2330 1991 2675 2048 ordinantur.
2722 1993 2790 2048 Et
2817 2008 2927 2064 qua
2958 1996 3171 2051 ratione
3202 1997 3343 2053 Deus
3377 1997 3579 2051 dicitur
3619 2012 3841 2052 movere
3869 2007 3930 2052 et

2335 2082 2562 2148 moveri,
2595 2084 2721 2138 dum
2758 2083 2831 2140 sit
2856 2084 3230 2141 immutabilis.
3265 2085 3332 2142 Et
3356 2090 3500 2165 quod
3524 2101 3623 2142 nec
3644 2088 3926 2143 sensibilia

2330 2189 2433 2244 per
2459 2189 2679 2229 sensum
2710 2175 2854 2231 Deus
2878 2175 3098 2238 sentiat,
3123 2166 3223 2232 nec
3252 2178 3608 2249 intelligibilia
3637 2194 3739 2249 per
3764 2179 3925 2233 intel-

2331 2263 2553 2331 lectum,
2606 2280 2709 2321 nec
2736 2265 3013 2322 sensibilia
3055 2281 3154 2338 per
3196 2268 3553 2334 intellectum,
3584 2284 3688 2324 nec
3728 2269 3932 2325 intelli-
4026 2270 4039 2282 '

2332 2359 2519 2432 gibilia
2549 2375 2649 2432 per
2671 2374 2913 2425 sensum,
2945 2361 3038 2416 sed
3059 2361 3243 2416 omnia
3272 2362 3323 2415 in
3352 2360 3592 2416 aeternis
3616 2362 3731 2417 suis
3757 2363 3931 2418 ratio-

2335 2454 2496 2509 nibus
2522 2453 2941 2525 contemplatur.
2987 2453 3066 2509 De
3109 2455 3318 2510 unitate
3348 2469 3565 2525 quoque
3594 2458 3759 2510 trium
3787 2452 3945 2511 divi--~

2304 2552 2530 2603 ’narum
2589 2542 3057 2609 substantiaruin,
3115 2546 3291 2617 deque
3355 2544 3529 2602 tribus
3598 2547 3928 2603 substantiis

2334 2638 2549 2695 divinae
2578 2637 2803 2715 unitatis
2820 2637 2985 2693 veluti
3024 2637 3412 2710 mysticissimo
3448 2637 3777 2694 mirabiliter
3804 2637 3924 2693 dis-

2333 2738 2489 2801 putat
2515 2729 2861 2784 senarioret
2887 2725 3055 2783 multa
3098 2726 3224 2793 alia,
3266 2725 3407 2798 quae
3443 2728 3718 2785 studiosus
3763 2742 3923 2798 prae-

2335 2821 2505 2878 sentis
2533 2820 2712 2891 operis
2765 2818 2937 2874 lector
2982 2817 3252 2889 inveniet.-
3293 2819 3640 2876 ιύσσςέστατι
3686 2830 3715 2860 ι
3764 2819 3930 2887 igitur

2336 2915 2564 2986 Regum,
2614 2927 2772 2981 opus,
2804 2913 2948 2981 quod
2977 2912 3047 2966 ad
3086 2911 3428 2967 cummnnem
3471 2911 3772 2966 catholicae
3802 2909 3925 2965 tidei

2338 3004 2789 3060 illuu‘iinationem
2816 3001 3059 3073 iussistis
3096 3002 3240 3067 ﬁeri,
3262 2997 3559 3058 altissimae
3583 3003 3930 3059 auctoritatis

2336 3098 2567 3153 Vestrae
2621 3095 2827 3165 judicio
2867 3110 2974 3150 non
3034 3095 3302 3166 respuatis
3352 3095 3619 3157 roborari,
3667 3102 3725 3147 et
3781 3092 3930 3148 inter

619 3194 857 3267 .ﬁiviuac
882 3195 1154 3259 videlicet,
1178 3195 1436 3251 bonitatis
1458 3195 1633 3265 qualis
1661 3194 1733 3250 sit
1760 3194 2024 3255 reversio.
2050 3192 2233 3273 idest,
2261 3161 2308 3225 (ἶ
2339 3188 2537 3245 similia
2569 3200 2734 3247 sanae
2762 3182 3043 3241 doctrinae
3086 3185 3445 3273 instrumenta
3482 3186 3668 3254 recipi,
3693 3200 3818 3240 cum
3858 3198 3931 3240 ex

2341 3276 2798 3352 praeclarissimis
2849 3265 3184 3332 Graecorum
3224 3276 3462 3333 fontibus
3509 3292 3618 3331 non
3668 3276 3932 3333 dubitetis

2342 3371 2603 3429 derivari.
2644 3369 2701 3426 ln
2742 3369 2944 3440 quibus
2973 3370 3018 3426 si
3056 3370 3185 3441 quid
3228 3370 3536 3443 incognitae
3561 3371 3742 3427 adhuc
3773 3371 3933 3429 nobis

2336 3464 2619 3521 doctrinae
2652 3462 2981 3526 inveniatur,
3019 3462 3335 3520 auctoribus
3376 3463 3510 3535 ipsis
3534 3471 3622 3519 est
3658 3462 3929 3535 deputan-

2336 3554 2486 3618 dum,
2509 3554 2635 3624 quia
2666 3541 2825 3609 nemo
2848 3551 2991 3607 aliud
3023 3550 3079 3607 in
3107 3552 3211 3608 hoc
3239 3567 3404 3622 opere
3430 3564 3579 3609 recte
3606 3550 3739 3608 mihi
3769 3552 3931 3608 debet

2340 3643 2601 3710 tribuere,
2628 3643 2733 3705 nisi
2771 3643 3113 3700 solummodo
3137 3643 3459 3714 simpliciter
3490 3643 3856 3703 transtulisse.

1066 3853 1473 3956 JOANNIS
1529 3851 1823 3959 soon
1855 3852 2203 3957 manu
2258 3842 2911 3953 mammam
2968 3845 3047 3955 s.
3120 3804 3549 3944 MAXIM.”
3580 3776 3623 3864 ί

648 4116 653 4120 ι
721 4081 1082 4139 Sanctissimo
1125 4096 1193 4136 ac
1233 4060 1552 4138 beatissimo
1600 4079 2013 4152 archiepiscopo
2056 4078 2239 4155 Cyzici
2270 4082 2808 4147 Dpraeoccupastts,
2858 4087 2957 4143 per
2984 4086 3146 4142 quam
3192 4070 3399 4127 Christi
3453 4054 3734 4127 Ecclesiae
3785 4070 3926 4141 digni

643 4175 844 4245 Joanni
869 4172 1135 4229 Maximus
1162 4173 1382 4228 humilis
1408 4171 1733 4229 monachus.

717 4266 1037 4322 Laudantur
1080 4262 1327 4334 quidem,
1359 4271 1416 4318 et
1464 4261 1721 4318 fortassis
1744 4262 1912 4333 iuste,
1961 4262 2031 4317 ab
2060 4264 2237 4320 omni-

640 4359 767 4422 bus,
790 4356 881 4428 qni
901 4357 1039 4411 bona
1062 4361 1287 4426 propter
1305 4352 1547 4409 studium
1569 4353 1850 4409 doctrinae
1874 4353 2240 4423 promptiores

645 4446 850 4514 amant,
894 4457 951 4504 et
973 4447 1337 4519 disciplinam,
1377 4460 1518 4517 quae
1561 4446 1615 4502 in
1641 4446 1722 4502 eis
1749 4455 1854 4512 est,
1896 4444 2255 4503 sollicitiores

648 4539 914 4612 cogitant,
948 4537 1015 4593 ad
1059 4535 1316 4593 meliores
1357 4543 1413 4592 et
1457 4536 1742 4591 meliorum
1776 4534 2066 4606 magistros
2094 4549 2243 4601 acce-

655 4636 879 4697 dentes;
931 4631 1060 4700 quia
1101 4644 1197 4700 per
1244 4627 1725 4699 interrogationem
1752 4628 2055 4697 sapientum
2083 4626 2247 4681 disci-

649 4726 854 4803 pliuam
886 4731 1202 4781 reverenter
1228 4722 1580 4792 accipientes,
1606 4720 1815 4788 seipsos
1841 4718 1909 4775 ab
1936 4718 2242 4788 ignorantia

645 4830 706 4878 et
739 4817 1009 4888 imperitia
1032 4826 1089 4872 et
1113 4830 1301 4871 earum
1328 4811 1618 4884 opprobrio
1644 4810 1897 4867 liberant.
1930 4809 2036 4865 Vos
2062 4822 2243 4866 autem

614 4958 623 4966 .
649 4911 777 4983 quis
801 4910 961 4981 digne
988 4905 1223 4961 laudarit
1250 4903 1475 4960 sermo?
1512 4904 1622 4957 Aut
1651 4902 1775 4972 quis
1810 4899 2113 4963 hominum,
2140 4898 2245 4953 etsi

652 5002 1045 5077 intelligentiae
1089 4998 1523 5068 experimentum
1559 4993 1854 5065 accipiens,
1885 5001 2103 5048 vestrae
2134 4991 2246 5045 vir-

586 5087 589 5091 ’
652 5100 788 5153 tntis
819 5094 1248 5167 magnitudinem
1294 5092 1521 5147 idoneus
1556 5088 1831 5149 inveniet?
1864 5088 1999 5153 Quia
2040 5085 2241 5156 proba-

652 5189 790 5245 biles
817 5188 999 5242 ovium
1032 5182 1435 5241 rationabilium
1476 5190 1727 5256 pastores
1752 5179 1878 5233 dum
1910 5177 2054 5241 sitis,
2087 5184 2141 5230 et
2174 5176 2240 5228 ad

653 5276 951 5353 supernum
977 5278 1120 5334 ovile
1133 5275 1357 5335 vocibus
1379 5273 1587 5329 ﬁstulae
1609 5269 2025 5349 Spiritnaliseas
2052 5267 2249 5323 ducere

657 5381 716 5430 et
738 5371 1086 5427 introducere
1116 5366 1305 5430 nostis,
1333 5365 1667 5435 singularem
1699 5364 1751 5426 δ,
1785 5360 1973 5416 multis
2002 5359 2252 5429 impossi-

654 5462 844 5529 bilem,
868 5461 1130 5541 mysticae
1183 5457 1491 5516 divinorum
1537 5453 1809 5521 scientiae
1870 5450 2247 5508 habitudinem

2338 4168 2633 4240 ﬁdelesque
2654 4166 3041 4239 gubernacula,
3065 4163 3223 4222 navis
3244 4166 3298 4220 in
3322 4165 3564 4232 modum,
3586 4165 3932 4236 discipliuate

2338 4259 2575 4331 dirigitis
2625 4273 2748 4314 cum
2769 4248 2938 4312 onere
2963 4256 3106 4321 lidei,
3136 4254 3466 4326 divinaeque
3494 4254 3930 4333 conversationis

2341 4354 2540 4409 decore
2561 4351 2629 4406 ad
2656 4359 2868 4421 portum
2890 4348 3105 4407 divinae
3130 4345 3446 4413 voluntatis,
3477 4360 3577 4418 per
3596 4361 3748 4401 mare
3767 4346 3928 4403 seculi

2345 4441 2737 4500 tentationibus
2784 4439 3048 4495 illa'esam.
3098 4439 3175 4496 De
3223 4439 3311 4495 bis
3340 4447 3545 4504 autem,
3600 4452 3742 4508 quae
3780 4438 3930 4517 vobis

2344 4532 2562 4603 cognita
2593 4539 2740 4594 sunt,
2772 4545 3008 4601 quorum
3051 4530 3215 4586 etiam
3251 4528 3545 4599 magistros
3595 4542 3691 4584 vos
3729 4528 3931 4583 consti-

2346 4624 2452 4681 tuit
2497 4624 2800 4689 Dominus,
2856 4638 2965 4677 non
3018 4622 3194 4677 solum
3237 4621 3642 4693 sapientiores,
3710 4622 3757 4676 si
3812 4621 3931 4691 quis

2344 4725 2588 4771 vestrum
2615 4724 2638 4754 α
2674 4724 2765 4769 cst-
2780 4713 3005 4769 omnino
3024 4713 3321 4769 secundum
3351 4712 3634 4767 scientiam
3664 4712 3929 4782 superior,
3988 4748 3995 4749 κ

2347 4809 2443 4865 sed
2482 4816 2538 4864 et
2589 4807 2737 4863 nullo
2783 4806 2995 4877 dignos,
3045 4816 3103 4861 et
3153 4806 3371 4876 penitus
3420 4804 3602 4861 omnis
3654 4805 3933 4886 imperitos

2346 4900 2653 4963 doctrinae,
2694 4898 2802 4954 lide
2848 4897 3158 4952 inveniendi
3198 4897 3329 4966 quid
3370 4895 3553 4951 nobile
3587 4896 3754 4951 etiam
3792 4892 3935 4965 apud

2350 4991 2658 5050 immundos
2678 4991 2734 5059 ἀί
2766 4991 2907 5046 sicut
2933 4989 3076 5045 soliti
3104 4989 3258 5055 estis,
3292 4987 3573 5058 indignum
3598 4988 3935 5057 interrogare

2349 5101 2458 5141 non
2482 5072 2699 5138 ducitis.
2725 5085 2804 5137 Ac
2822 5098 2917 5153 per
2944 5081 3049 5138 hoc
3076 5080 3351 5152 accipiens
3372 5089 3426 5134 et
3446 5095 3548 5150 ego
3568 5078 3935 5136 venerabilem

2322 5162 2591 5231 'vestram
2619 5173 2929 5243 epistolam,
2962 5164 3205 5228 scribere
3230 5170 3381 5237 vobis
3396 5170 3678 5243 iubentem
3710 5170 3778 5227 de
3802 5184 3937 5225 unco

2353 5280 2570 5336 quoque
2621 5264 2915 5319 dubiorum
2948 5264 3103 5319 vobis
3154 5275 3177 5303 ο
3223 5262 3593 5332 Capitnlorum‘
3645 5261 3699 5317 i-u
3752 5259 3929 5317 sancti

2355 5355 2593 5426 theologi
2643 5353 2891 5425 Gregorii
2949 5352 3311 5417 sermonibus,
3346 5353 3411 5408 de
3458 5354 3656 5423 quibus
3699 5350 3935 5408 studium

2356 5449 2645 5514 habebam,
2675 5448 2892 5519 quando
2922 5463 3045 5505 cum
3075 5440 3527 5507 convenientibus
3550 5462 3725 5512 cram,
3756 5445 3936 5502 reddi.

2192 5564 2447 5623 NOTAE.

733 5678 754 5711 ⁸
795 5669 928 5725 Earl.
974 5687 1044 5723 ut.
1081 5667 1147 5722 ad
1173 5662 1842 5739 inarg.'adscr._Piissime.
1884 5660 1991 5718 Sel
2025 5658 2268 5719 Joannes

664 5744 861 5807 Seruus
888 5742 1095 5796 Graeca
1123 5735 1360 5800 ail‘eetat,
1395 5745 1455 5807 ut
1477 5735 1622 5790 alibi.

738 5815 762 5860 ἰι
805 5812 939 5875 Male
962 5811 1088 5891 legit
1110 5813 1222 5877 οἷαν
1246 5824 1344 5881 pro
1371 5804 1471 5870 οἶά.

2435 5671 2457 5695 θ
2504 5658 2577 5712 Ex
2620 5671 2770 5711 more
2789 5654 3152 5714 Graecorum;
3181 5669 3280 5723 pro
3308 5652 3467 5707 vobis.

2440 5728 2467 5766 σί
2507 5728 2613 5783 Cre
2651 5745 2684 5781 υ
2709 5726 2911 5796 legerat
2937 5726 3189 5792 ἁσὲμνους
3220 5739 3317 5792 pro
3342 5726 3583 5794 ἀσήμοις.

2439 5810 2459 5838 ε
2497 5799 2739 5854 Graccus
2763 5809 2941 5854 textus
2966 5799 3102 5861 ἡμῖν,
3134 5796 3302 5851 nobis.
