4198 6254
374 334 514 393 “97

1409 340 1660 399 VEBSIO
1696 340 2163 403 AMBIGUORUM
2203 344 2266 402 S.
2307 347 2577 407 MAXIM.

3518 350 3658 421 H88

375 458 486 506 tam
560 460 689 506 tunc
749 451 1013 508 rationem
1067 453 1370 524 scripturae
1435 454 1779 512 commendo.
1851 453 1961 512 Vos
1989 460 2042 520 Α
2069 473 2259 518 mones
2283 462 2777 533 supereminentem
2814 479 2920 522 non
2955 466 3160 521 habens
3198 464 3661 532 manifestare-tur.

371 541 593 614 quidem
648 544 845 602 merito
889 544 1107 603 virtutis
1144 546 1376 603 miratus
1421 562 1576 615 sum,
1637 555 1695 603 et
1739 546 1795 603 in
1842 546 1962 618 ipsa

373 636 581 691 claram
617 644 783 706 atque
829 637 1103 694 excelsam
1133 637 1353 695 Christo
1390 638 1692 710 placentem
1722 648 1960 694 vestram

374 728 804 801 hospitalitatem
846 729 1082 796 laudavi,
1114 732 1291 804 magis
1312 747 1445 788 vero
1469 747 1569 803 per
1597 748 1813 789 omnem
1842 746 1962 788 mo-

374 821 504 876 dum
534 834 635 891 per
659 835 755 875 vos
786 829 843 876 et
862 820 920 876 in
951 821 1105 878 vobis
1138 821 1500 895 gloriﬁcatum
1525 824 1838 887 Dominum.
1870 822 1965 897 qui

374 911 506 969 fecit
550 925 648 967 vos
671 912 740 969 ad
778 911 884 968 hoc
920 912 1113 985 dignos
1146 913 1288 981 fieri,
1334 914 1701 985 donatamque
1737 916 1808 971 ab
1848 915 1967 987 ipso

374 1003 655 1071 virtutem,
682 1003 914 1072 quisuis
935 1006 1110 1059 servis
1137 1015 1165 1046 ι
1194 1019 1292 1077 per
1312 1014 1496 1062 vestra
1521 1022 1689 1077 opera
1718 1007 1971 1065 veritatis

376 1104 570 1167 aperte
618 1096 1078 1169 pulchritudinem
1142 1097 1477 1165 manifestat,
1533 1115 1705 1174 usque
1762 1099 1832 1156 ad
1879 1115 1969 1156 me

311 1251 314 1255 ,
375 1204 629 1259 parvum,
679 1198 737 1245 et
777 1188 927 1244 nullo
972 1188 1217 1267 dignum,
1271 1200 1329 1247 ct
1372 1191 1670 1255 indoctum.
1713 1201 1771 1249 et
1814 1192 1967 1249 omni

375 1281 583 1337 nudum
604 1281 830 1338 omnino
869 1282 1073 1338 virtute
1115 1291 1173 1339 et
1218 1283 1470 1341 scientia.
1495 1284 1578 1341 Ac
1603 1299 1701 1362 per
1725 1287 1830 1342 hoc
1870 1286 1974 1341 hu-

375 1373 619 1430 miliatos
659 1373 1050 1443 considerans,
1108 1377 1375 1449 meipsnm
1420 1378 1673 1449 accipere
1726 1387 1972 1437 vestrum

376 1473 730 1538 praeceptum
773 1467 1076 1523 secundum
1112 1467 1371 1524 virtutem
1408 1460 1803 1540 compuleram,
1844 1470 1974 1526 dum

382 1560 438 1614 in
470 1558 621 1614 nullo
660 1559 990 1617 temerarius
1019 1561 1355 1618 aestimabor
1382 1563 1569 1619 multis
1596 1564 1765 1620 vestri
1795 1563 1973 1633 gratia

380 1652 592 1709 faciens
621 1666 951 1719 sermonem,
997 1653 1094 1730 sed
1145 1663 1203 1712 et
1221 1668 1320 1711 vos
1349 1667 1561 1728 gratam
1588 1664 1645 1713 et
1684 1656 1973 1712 amabilem

380 1740 771 1799 obaudieutiae
811 1746 1120 1801 mercedem
1141 1744 1395 1817 accipere
1422 1747 1735 1817 expectanti
1763 1758 1977 1805 vestras

383 1835 633 1892 videlicet
683 1837 959 1894 orationes
984 1837 1221 1929 intentas
1266 1834 1529 1895 consuete
1571 1839 1865 1908 donabitis,
1913 1849 1978 1897 ut
2007 1827 2053 1889 Β

381 1929 641 1988 Christus
681 1932 967 2001 Dominus,
1013 1933 1107 2004 qui
1147 1942 1234 1992 est
1280 1944 1530 2007 paratum
1561 1936 1870 1994 timentium
1916 1953 1978 1994 se

384 2020 740 2091 adiutorium,
787 2024 977 2080 veniat
1021 2025 1155 2080 mihi
1205 2027 1479 2082 sermonis
1516 2025 1766 2096 adjutor;
1804 2028 1981 2100 magis

382 2122 564 2167 autem
592 2108 822 2170 dicendo
862 2116 1174 2190 totum_pie,
1213 2124 1273 2171 ut
1299 2117 1538 2173 Verbum
1573 2118 1836 2191 largiatur
1856 2136 1981 2177 ver-

381 2205 536 2261 bum.
594 2205 770 2264 Posce
811 2217 993 2262 autem
1047 2223 1148 2265 vos
1199 2209 1556 2280 poswlantes,
1613 2228 1684 2268 ne
1730 2222 1981 2269 ornatam

382 2296 665 2365 quaeratis
716 2311 747 2352 a
796 2312 885 2353 me
931 2298 1248 2366 dictionem,
1291 2300 1386 2372 qui
1422 2310 1685 2358 ornantes
1731 2305 1975 2360 auditum

383 2401 667 2444 sermones
697 2403 805 2443 non
839 2388 1037 2455 habeo,
1063 2398 1119 2446 et
1162 2391 1397 2449 curiosis
1426 2393 1643 2450 bombis
1671 2393 1702 2433 ι»
1738 2395 1981 2458 ambitus

382 2474 565 2533 facere
609 2477 818 2549 ignoro.
861 2478 1076 2535 Talium
1122 2482 1270 2538 enim
1295 2483 1669 2541 doctrinarum
1704 2487 1834 2542 dum
1872 2474 1981 2543 sim

383 2568 610 2634 inscius,
632 2578 689 2626 et
711 2584 895 2637 curae,
927 2585 1070 2641 quae
1098 2572 1152 2628 in
1183 2572 1265 2629 eis
1284 2582 1390 2639 est,
1417 2575 1850 2648 magnitudinem~
1872 2592 1980 2634 non

383 2662 749 2730 constituens,
785 2665 1205 2722 dilectissimum
1249 2680 1374 2723 reor
1409 2675 1574 2738 atque
1623 2667 1891 2739 optabile,
1933 2671 1981 2727 si

385 2763 603 2809 sensum
625 2756 799 2812 sancti
834 2755 994 2827 hujus
1012 2765 1070 2813 et
1106 2759 1290 2830 magni
1318 2759 1589 2831 magistri,
1615 2761 1720 2818 etsi
1751 2762 1979 2818 confusa
2031 2760 2038 2767 ’

385 2844 800 2914 explanatione,
850 2855 907 2904 et
952 2848 1059 2904 hoc
1102 2849 1500 2921 aliquantulum
1548 2854 1980 2929 considerarint,

387 2952 492 2991 non
528 2945 713 2994 tamen
756 2938 1040 3011 multiplici
1087 2956 1251 2998 versu
1282 2943 1677 3012 expositionem
1721 2946 1984 3002 honorifi-

385 3030 583 3085 candu.
625 3030 933 3103 Theologus
972 3033 1119 3087 enim
1150 3033 1255 3090 iste
1278 3035 1383 3101 vir,
1423 3036 1564 3092 sicut
1596 3037 1770 3104 scitis,
1803 3037 1985 3094 brevis

387 3123 732 3180 sermonibus
773 3126 902 3182 dum
942 3128 1033 3192 sit,
1084 3139 1140 3185 et
1171 3128 1374 3185 multus
1410 3120 1982 3197 intellectu,'necessi-

386 3223 559 3273 tatem
590 3216 683 3273 dat
711 3218 1006 3291 explanare
1054 3220 1258 3298 volenti
1305 3222 1425 3294 ejus
1455 3222 1834 3290 intentionem,
1878 3225 1980 3281 etsi

352 3347 359 3354 .
389 3306 812 3368 facundissimus
854 3320 909 3367 et
948 3312 1386 3380 sapientissimus
1423 3313 1476 3369 in
1506 3314 1694 3371 multis
1731 3315 1804 3371 sit
1837 3326 1889 3383 ο,
1927 3324 1986 3372 et

389 3402 565 3475 magis
587 3402 723 3460 mihi
757 3404 997 3461 indocto.
1031 3404 1091 3463 Si
1114 3422 1245 3463 vero
1272 3423 1371 3464 vos
1399 3418 1660 3467 consuete
1695 3411 1984 3483 Deoama-
2043 3413 2046 3418 “

389 3491 514 3549 bilis
535 3495 765 3550 moverit
794 3494 965 3560 zelus,
994 3496 1123 3553 dum
1168 3498 1237 3554 ad
1278 3498 1444 3556 breve
1471 3500 1633 3556 simul
1662 3515 1729 3556 ac
1756 3500 1979 3572 planum

389 3598 476 3645 ea.
504 3596 648 3656 Quae
688 3587 896 3659 scripta
927 3599 1075 3652 sunt.
1112 3588 1433 3657 deferimus.
1462 3608 1562 3650 nos
1596 3594 1775 3667 magis
1817 3610 1984 3665 quam

391 3685 565 3743 totum
600 3679 939 3738 intellectum
977 3683 1243 3757 erigimus
1287 3686 1356 3743 ad
1404 3686 1477 3751 id,
1522 3688 1666 3758 quod
1714 3687 1985 3746 excelsius

389 3765 496 3834 est,
520 3775 827 3829 mercedem
862 3788 963 3843 per
1001 3790 1063 3832 se
1090 3775 1389 3846 perfectam
1431 3766 1733 3851 accipietis,
1789 3780 1983 3838 deiferi

390 3858 534 3915 illius
560 3860 768 3918 scilicet
792 3863 1175 3941 adDominum
1198 3868 1441 3923 omnium
1470 3871 1773 3937 orationes,
1796 3861 1987 3943 utpote

392 3963 501 4004 non
531 3952 893 4009 concedentes
922 3953 1042 4024 ejus
1070 3956 1286 4014 divinos
1325 3967 1386 4013 et
1420 3962 1867 4032 supernaturales
1904 3964 1989 4020 in-

344 4058 348 4064 ·
392 4040 663 4110 tellectus,
694 4046 897 4117 spretis
919 4062 986 4103 ac
1008 4048 1203 4106 vilibus
1249 4053 1472 4108 tractari
1512 4054 1990 4124 contemplationi-

390 4133 513 4190 bus.
539 4130 952 4219 ponsequenter
979 4148 1162 4196 autem
1202 4150 1421 4200 vestrae
1449 4143 1716 4213 epistolae
1747 4159 1847 4216 per
1869 4146 1988 4202 sin-

298 4266 303 4269 .
390 4226 517 4299 gula
544 4228 725 4300 capita
745 4222 1168 4303 jinquisitionem
1210 4233 1357 4301 feci,
1397 4244 1452 4293 et
1486 4236 1660 4294 literis
1700 4253 1985 4295 commen-

391 4320 540 4389 davi,
581 4322 758 4380 bonos
799 4333 965 4395 atque
1010 4326 1393 4384 misericordes
1440 4343 1538 4385 vos
1575 4345 1791 4396 eorum,
1844 4345 1989 4402 quae

391 4411 540 4471 dicta
564 4423 714 4484 sunt,
737 4416 951 4488 iudices
984 4417 1105 4474 ﬁeri
1134 4419 1461 4490 deprecans.

943 4507 1342 4569 CAPITULUM
1382 4513 1424 4569 ῐ.

719 4595 790 4636 εκ
827 4596 1070 4638 883110³8
1108 4597 1176 4637 ΒΕ
1212 4598 1663 4643 ηοενιτλιιτλτε.

380 4667 583 4748 οΙηιξιος
612 4688 628 4727 :
663 4668 833 4725 Parca
864 4680 921 4725 ut
949 4676 1299 4742 cooperatori,
1326 4683 1377 4730 et
1405 4691 1510 4729 non
1535 4676 1700 4748 habeo
1727 4679 1990 4748 quomodo

467 4739 669 4810 fugiam
717 4739 1087 4810 superuentura
1112 4784 1126 4807 ,
1180 4754 1273 4813 aut
1325 4747 1591 4813 quomodo
1639 4739 1751 4801 non'
1796 4766 1830 4802 a
1881 4748 1991 4806 Deo

464 4813 675 4887 cadam,
703 4824 952 4883 gravatus
983 4814 1161 4883 pueris
1182 4811 1212 4855 τι
1229 4811 1609 4887 «(eripientibus
1634 4827 1727 4873 aut
1747 4818 1991 4874 detinen-

464 4882 603 4938 libus
625 4883 680 4937 in
707 4892 923 4937 terram.
986 4882 993 4883 “
1136 4914 1143 4921 -

463 4973 581 5029 Non
613 4975 666 5055 id
690 4974 864 5044 ipsum
885 4974 1076 5047 deripi,
1105 4975 1248 5046 quod
1277 4986 1362 5032 est
1402 4969 1667 5043 detineri,
1692 4979 1867 5034 visum
1906 4989 1993 5036 est

394 5067 556 5125 beato
575 5069 703 5125 huic
726 5069 843 5123 viro
866 5086 881 5134 ;
906 5084 1082 5142 neque
1103 5070 1182 5126 sic
1198 5071 1501 5135 arbitreris,
1517 5071 1918 5141 probatissimo,
1941 5076 1987 5129 si

395 5160 525 5230 quid
550 5160 642 5216 tibi
668 5161 969 5233 intelligere
990 5160 1162 5229 ipsius
1177 5161 1622 5225 magnanimitate
1636 5162 1858 5231 dignum
1883 5162 1991 5216 sol-

398 5250 666 5307 licitudini
688 5252 731 5306 si
742 5264 777 5307 t.
787 5251 920 5306 Nam
936 5249 1241 5322 superﬂuus
1254 5254 1511 5317 verbis,et
1531 5250 1861 5307 intellectum
1876 5268 1992 5308 scr-

2068 553 2116 611 si
2167 570 2275 611 non
2320 554 2468 612 omni
2498 554 2611 612 fere
2634 557 2876 629 syllabae
2905 556 3189 617 decentem
3230 559 3475 617 inserens
3516 561 3668 616 noti-

2070 645 2223 711 tiam,
2254 647 2322 702 ad
2350 647 2718 718 pulcherrima
2760 657 2819 704 et
2862 649 3013 705 utilia
3056 657 3346 721 sequentes
3391 647 3661 716 ducendo,

2069 736 2181 793 ullo
2203 737 2366 795 modo
2401 738 2733 809 disceptandi
2779 740 3195 812 relinqueretur.
3238 738 3356 811 Non
3403 743 3482 799 sic
3528 742 3667 798 haec

2071 830 2276 888 habent
2318 845 2379 887 se
2432 830 2613 904 longe,
2662 833 2759 889 sed
2798 842 2854 889 et
2906 834 3200 891 intellectui
3237 849 3545 892 sermonem
3575 850 3700 892 sa-i

2070 922 2285 993 pienter
2310 922 2669 988 constituunt,
2691 933 2747 980 et
2768 937 3076 979 sermonem
3104 924 3378 981 excelsum
3416 915 3687 982 excelsus

2073 1014 2443 1083 supereminet
2464 1013 2788 1076 intellectus.
2831 1025 2891 1071 ut
2918 1015 3167 1073 excelsus
3197 1016 3414 1075 excelso
3449 1033 3677 1074 annun-'

2077 1105 2258 1168 tietur,
2287 1115 2345 1162 et
2370 1106 2618 1163 veritatis
2647 1106 3039 1179 aliquantulum
3066 1123 3135 1164 ex
3155 1109 3422 1165 ambobus
3450 1108 3669 1165 interim

2074 1197 2284 1263 multis,
2311 1205 2408 1253 aut
2431 1198 2596 1254 etiam
2630 1200 2905 1264 omnibus,
2946 1198 3090 1255 invia
3134 1200 3449 1273 magnitudo
3487 1208 3672 1256 osten-

2075 1290 2255 1346 datur.
2289 1289 2360 1347 Ut
2393 1304 2524 1346 vero
2568 1287 2858 1347 mauifesta
2908 1291 3067 1347 nobis
3108 1290 3183 1347 sit
3229 1292 3410 1348 omnis
3457 1306 3670 1356 eorum,

2077 1398 2220 1454 quae
2263 1383 2408 1440 dicta
2462 1391 2608 1451 sunt,
2646 1384 2979 1461 obscuritas,
3027 1386 3165 1456 ipsa,
3218 1394 3279 1442 ut
3331 1400 3393 1441 se
3446 1385 3669 1450 habent,

2078 1477 2222 1533 beati
2272 1476 2741 1533 considerabimus
2787 1477 2981 1533 verba!
3019 1473 3214 1543 Parca,
3250 1476 3446 1547 inquit,
3487 1483 3545 1532 ut
3585 1492 3673 1532 co-

2079 1569 2368 1641 operatori,
2390 1577 2439 1622 et
2466 1583 2569 1623 non
2593 1568 2756 1622 habeo
2781 1566 3041 1638 quomodo
3063 1568 3264 1639 fugiam
3284 1574 3676 1638 superveniunt,

2078 1669 2172 1715 aut
2191 1659 2455 1730 quomodo
2492 1676 2597 1715 non
2623 1676 2656 1713 α
2679 1658 2789 1714 Deo
2812 1658 3022 1725 cadam,
3047 1668 3295 1730 gravatus
3323 1657 3499 1729 pueris
3528 1657 3671 1714 deri-

2077 1750 2339 1821 pientibus
2360 1750 2452 1805 aut
2478 1750 2830 1806 detinentibus
2851 1752 2905 1806 iu
2934 1750 3151 1806 terra'm.
3169 1748 3314 1806 llaec
3336 1750 3542 1816 dicens,
3567 1764 3673 1807 non

2081 1842 2149 1897 de
2175 1856 2234 1897 se
2254 1841 2371 1912 ipso
2396 1840 2642 1905 omnino,
2663 1842 2756 1897 sed
2775 1854 2876 1912 per
2901 1856 2961 1896 se
2990 1840 3163 1912 ipsum
3186 1841 3253 1896 de
3276 1841 3549 1896 communi
3582 1841 3679 1895 hui-

2084 1934 2344 1989 manitate
2364 1933 2624 2003 disputat,
2651 1932 2865 1998 videns,
2912 1933 3039 2003 quia
3072 1930 3273 1999 omnis,
3310 1932 3404 2002 qui
3444 1932 3675 1989 salutem

2083 2033 2250 2089 amat,
2281 2033 2375 2079 aut
2401 2022 2599 2079 actioni
2631 2023 2847 2094 penitus
2883 2031 2976 2078 aut
3017 2022 3463 2095 contemplationi
3500 2031 3679 2079 atten-

2082 2119 2180 2171 dit.
2207 2116 2426 2186 Absque
2449 2115 2593 2172 enim
2625 2114 2826 2172 virtute
2851 2124 2907 2171 et
2932 2116 3157 2172 scientia
3180 2115 3359 2171 nullus
3384 2115 3493 2172 ullo
3517 2116 3679 2174 modo

2082 2208 2376 2278 aliquando
2405 2205 2665 2277 consequi
2695 2204 2925 2262 salutem
2949 2206 3140 2276 potuit.
3167 2206 3223 2262 Si
3255 2221 3386 2278 ergo
3414 2222 3514 2277 per
3543 2224 3678 2263 con-

2084 2300 2516 2372 templationem,
2570 2300 2769 2370 inquit,
2819 2299 3209 2376 collocatorum
3257 2300 3372 2356 Deo
3421 2301 3479 2355 et
3520 2302 3679 2355 beata

2029 2466 2035 2472 _
2083 2392 2484 2464 pulchritudine
2498 2391 2794 2449 (ruentium
2813 2408 2952 2477 unus
2977 2390 3305 2448 constitutus
3325 2407 3468 2459 sum,
3484 2405 3678 2464 pacem

2084 2482 2290 2541 habens
2345 2484 2401 2540 in
2464 2484 2721 2555 onniihus
2773 2493 2829 2539 et
2883 2483 3410 2550 sanctificationem,
3477 2484 3680 2556 quippe

2083 2578 2349 2649 meipsnm
2374 2575 2654 2647 applicans
2683 2577 2791 2632 Deo
2822 2575 3168 2646 inseparabili
3194 2590 3294 2647 per
3313 2574 3678 2645 cognitionem

2083 2670 2461 2736 similitudine,
2489 2668 2893 2741 irrationabiles
2910 2668 3141 2726 virtutes
3165 2667 3681 2741 animaecogitandu

2084 2760 2362 2823 decenter,
2393 2768 2449 2816 et
2474 2759 2644 2817 menti
2690 2774 2794 2830 per
2842 2759 3108 2815 rationem
3155 2758 3495 2827 adducenda,
3518 2767 3575 2816 et
3601 2759 3683 2818 fa-

2084 2851 2329 2907 miliares
2366 2848 2634 2915 faciendo,
2667 2846 2909 2905 furorem
2937 2848 3061 2905 dico
3085 2856 3142 2905 et
3162 2850 3683 2922 concupiscentiam,

2085 2958 2207 2999 eam
2258 2941 2479 3013 quidem
2527 2941 2581 2995 in
2635 2940 2955 3020 caritatem,
2991 2955 3115 2994 eum
3158 2955 3291 2997 vero
3331 2942 3384 2996 in
3425 2942 3682 3011 gaudium

2087 3044 2334 3101 mutans,
2389 3033 2659 3105 siquidem
2706 3032 2886 3104 gaudii
2948 3032 3231 3103 proprium
3270 3042 3390 3100 est,
3436 3033 3686 3093 exultare

2088 3126 2349 3183 divinitus
2389 3137 2445 3182 et
2477 3125 2695 3191 laetari,
2750 3124 2893 3182 sicut
2944 3124 3343 3197 praeexultavit
3384 3142 3453 3182 ex
3508 3139 3684 3199 matre

2084 3216 2345 3283 Joannes,
2369 3216 2871 3289 magnusveritatis
2893 3230 3218 3286 praecursor
3237 3226 3292 3272 et
3315 3218 3681 3289 praedicator.

2086 3319 2183 3365 aut
2226 3310 2403 3376 sicut,
2436 3309 2568 3364 dum
2620 3307 2905 3380 quiescere
2961 3306 3092 3362 fet-it
3144 3323 3328 3364 arcam
3373 3308 3538 3365 Israel
3585 3325 3679 3366 res

2089 3401 2279 3458 David.
2319 3401 2380 3457 In
2434 3413 2610 3459 matre
2657 3402 2830 3471 enim,
2873 3402 2981 3458 etsi
3016 3400 3248 3460 difﬁcilis
3288 3396 3455 3470 ratio,
3484 3404 3686 3479 quippe

2087 3494 2232 3549 invia
2256 3494 2467 3557 multis,
2494 3493 2590 3551 sed
2620 3502 2797 3550 tamen
2820 3499 2974 3559 vera,
3005 3500 3062 3548 et
3085 3508 3186 3548 nos
3214 3501 3270 3548 ct
3289 3494 3433 3551 Deus
3458 3494 3682 3552 verbum

2088 3601 2298 3652 sumus,
2328 3571 2422 3656 qui
2461 3584 2851 3641 universitatis
2880 3594 2967 3640 est
2994 3584 3170 3640 factor
3189 3594 3247 3640 et
3275 3584 3557 3655 Dominus,
3587 3588 3683 3657 qui

2088 3677 2309 3749 quidem
2361 3678 2414 3732 in
2456 3676 2764 3749 praesentis
2808 3670 2953 3731 vitae
2999 3682 3145 3730 statu
3172 3676 3405 3744 occulte,
3434 3677 3599 3733 veluti
3627 3678 3681 3732 in

2088 3777 2284 3830 matre.
2312 3775 2373 3845 et
2395 3766 2480 3822 vix
2503 3765 2781 3822 sensibilis
2828 3766 2953 3822 huic
2990 3767 3194 3822 mundo
3226 3775 3472 3838 apparet,
3497 3776 3551 3824 et
3579 3768 3686 3826 hnc

2089 3860 2197 3923 his,
2223 3858 2319 3931 qui
2346 3866 2474 3915 sunt
2499 3857 2798 3914 secundum
2819 3855 3084 3914 Joannem
3113 3859 3165 3914 in
3193 3858 3411 3930 spiritu,
3435 3861 3687 3919 homines

2088 3967 2221 4010 vero
2242 3951 2407 4008 veluti
2430 3966 2501 4008 ex
2528 3959 2723 4016 matre,
2748 3950 3021 4007 materiali
3054 3949 3308 4007 videlicet
3327 3952 3685 4008 circumstan-

2089 4047 2191 4112 tia,
2223 4046 2326 4104 etsi
2356 4045 2625 4117 tantisper
2668 4044 2725 4101 in
2764 4044 2872 4113 his,
2903 4059 3045 4117 quae
3073 4053 3221 4111 sunt.
3257 4045 3531 4102 occultum
3563 4063 3687 4117 νυν-υ

2090 4138 2330 4210 spiciunt
2353 4138 2601 4194 verbum.
2628 4135 2696 4192 Et
2719 4136 2771 4192 in
2797 4137 2902 4194 hoc
2928 4134 3179 4192 fortassis
3197 4137 3329 4204 sint,
3355 4138 3448 4210 qui
3474 4139 3687 4210 gaudiis

2088 4229 2317 4287 Joannis
2379 4228 2670 4285 laetantur.
2722 4226 2808 4284 Ad
2859 4226 3187 4284 ineffabilem
3237 4243 3475 4300 namque
3514 4230 3683 4286 futuri

2090 4324 2260 4381 seculi
2291 4322 2540 4396 gloriam,
2571 4332 2625 4378 et
2650 4320 2989 4385 claritatem.
3031 4330 3087 4376 et
3115 4321 3285 4386 vitae,
3314 4336 3457 4392 quae
3488 4322 3542 4377 in
3566 4322 3687 4392 ipso

2090 4423 2197 4478 est,
2229 4411 2615 4485 proprietatem
2653 4410 2727 4466 nil
2751 4409 2945 4468 matris
2964 4407 3352 4493 distatjudiciu
3373 4410 3630 4467 laetantis
3659 4423 3695 4495 ’ζ

2093 4515 2409 4577 comparata
2452 4519 2714 4576 praesens
2741 4504 2876 4567 vita.
2903 4502 2958 4561 in
2986 4490 3093 4574 qua
3123 4511 3347 4575 propter
3370 4520 3472 4563 nos
3500 4504 3683 4562 infan-

2094 4610 2175 4657 tes
2199 4597 2450 4656 sensibus
2482 4597 2643 4663 Deus,
2666 4596 2758 4668 qui
2780 4607 2865 4653 est
2880 4595 3113 4653 Verbum
3136 4597 3436 4669 perfectum
3457 4609 3515 4655 et
3534 4598 3686 4670 plus.

2094 4710 2256 4767 quam
2283 4691 2609 4767 perfectum,
2637 4702 2697 4747 nt
2715 4691 3050 4755 misericors,
3082 4689 3262 4746 infans
3288 4690 3476 4748 factus.
3494 4702 3600 4748 est.
3624 4693 3688 4748 Si

2092 4804 2242 4862 ergo,
2270 4795 2333 4843 ut
2353 4787 2557 4842 dictum
2579 4794 2682 4850 est,
2718 4784 2844 4841 talis
2870 4784 2992 4856 quis
3012 4800 3153 4850 sum,
3183 4785 3426 4857 possibili
3457 4785 3690 4851 homini:

2095 4883 2197 4937 hus
2245 4878 2541 4936 secundum
2584 4876 2947 4948 praesentem
2980 4874 3150 4931 vitam
3178 4876 3569 4933 .transitoriam
3630 4878 3687 4933 in

2096 4972 2278 5026 divina
2305 4970 2645 5034 summitate,
2670 4959 2961 5038 neglexero
2999 4982 3131 5021 vero
3177 4964 3498 5023 dcitormem
3529 4966 3686 5023 babi-

2099 5068 2235 5130 tum,
2272 5064 2540 5134 meipsnm
2583 5064 2651 5118 ad
2691 5061 2941 5132 corporis
2970 5060 3147 5120 libens
3178 5059 3450 5115 inclinans
3477 5062 3690 5116 desidu-

2098 5159 2264 5221 rium,
2290 5154 2551 5225 dereptus
2577 5169 2694 5209 smn
2720 5161 2976 5223 gravatus
3015 5152 3220 5229 pueris,
3254 5152 3306 5206 id
3333 5161 3418 5208 est
3439 5154 3608 5217 curis,
3631 5166 3693 5210 et

2101 5265 2133 5304 a
2167 5249 2278 5304 Deo
2310 5245 2507 5311 cecidi,
2538 5251 2724 5315 utpote
2749 5244 2817 5301 de
2839 5243 2955 5301 solo
2984 5259 3148 5315 regno
3175 5243 3453 5300 caelorqu
3481 5245 3690 5313 cogita-

1926 5343 2180 5400 NOTAE.
2228 5354 2231 5357 ’

472 5471 497 5497 ⁸·
537 5458 591 5512 In
618 5455 829 5529 Graeco
850 5465 958 5518 τοῖς
983 5456 1168 5513 ἑαυτοῦ
1193 5456 1458 5529 ἰδιώμασι.
1485 5456 1536 5513 J.
1564 5456 1763 5513 Scottis
1793 5458 1988 5529 legisse

400 5530 613 5600 videtur
640 5526 804 5600 ἰδίοις,
837 5531 978 5596 (μω-1
1010 5532 1272 5600 ineptum.

474 5599 599 5677 {In
648 5597 887 5677 Graccot
936 5606 1051 5677 rati:
1103 5597 1390 5677 πιρὶέργοις
1434 5609 1646 5677 ναμε-ῖς.
1685 5600 1848 5677 -Οιιὶἁ
1903 5601 1993 5677 hic

402 5670 449 5724 J.
475 5672 681 5752 Siculus
706 5669 1258 5752 lcgcrit_._incertum:
1291 5669 1619 5752 rapui-quid
1653 5671 1785 5739 sint,
1817 5672 1992 5744 expli-

403 5737 873 5816 c.trHerinogencs
897 5739 973 5796 lib
1017 5756 1056 5795 η
1083 5741 1148 5796 de
1180 5737 1409 5796 Fannia.

2167 5470 2191 5499 ε
2232 5461 2288 5513 ln
2311 5457 2521 5513 Graeco
2539 5456 2623 5514 die}
2661 5451 2857 5511 πολλῶν
2889 5454 3031 5510 ἱέναι.
3060 5454 3096 5506 i.
3128 5468 3180 5507 e.
3215 5452 3387 5522 fusius
3407 5456 3688 5518 πραεῖαν-ἱ.

2165 5528 2192 5570 δ
2237 5530 2587 5583 Inscitissime
2621 5537 2803 5583 verm.
2834 5527 2887 5580 In
2914 5526 3123 5579 Gr:ch
3159 5533 3269 5585 ταῖς
3305 5524 3512 5588 πέδαις.
3560 5524 3596 5580 i.
3637 5538 3688 5579 e.

2099 5600 2434 5672 coiitprdibus
2472 5600 2518 5653 ri
2525 5597 2643 5652 in:th
2648 5601 2710 5650 is.
2818 5618 2832 5672 ξ
3245 5664 3262 5672 _
3410 5664 3423 5672 ,
3599 5664 3612 5672 .
3624 5665 3635 5672 .
3659 5665 3667 5672 .

2176 5664 2286 5725 “In
2316 5670 2751 5742 ῧτεὶεειυγμήτρας
2780 5670 2912 5742 ζόφῳ
2936 5664 3381 5742 πσίηικθχυμὲυης,
3409 5664 3447 5719 i;
3473 5679 3524 5722 e.
3557 5664 3693 5722 nihil
3719 5693 3725 5698 ’

2101 5761 2134 5797 a
2166 5744 2383 5797 matrice
2409 5741 2631 5796 tenebris
2658 5740 2923 5794 obvoluta.
