4198 6264
497 292 655 374 ιεοδ’

1875 312 2162 373 JOANNIS
2201 312 2396 372 SCO'H

3647 311 3773 367 1906

494 426 678 486 otunia
707 427 952 497 operatio
991 426 1086 483 Dci
1114 427 1495 501 et'diguornm
1528 427 1662 494 Deo,
1699 443 1874 497 magis
1906 426 2165 485 autem'A
2190 438 2310 482 sunt
2340 426 2536 489 omnia,
2565 444 2695 496 quae
2717 425 2767 479 in
2797 422 2952 481 caelis
2978 434 3025 478 et
3052 439 3186 494 quae
3210 440 3262 476 m
3290 433 3449 484 terra,
3472 423 3577 479 sive
3602 424 3776 479 uisibi-

497 520 666 574 snlius
694 518 1014 589 Dei.ntpote
1044 528 1154 573 toto
1196 528 1338 575 totos
1374 518 1564 585 dignos
1602 520 1739 573 bene
1776 534 1839 572 ac
1867 516 2090 586 pulchre

500 608 792 665 ambiente.
808 607 964 664 Omni
981 609 1123 664 cnim
1139 610 1465 664 necessitate
1476 625 1573 680 per
1588 609 1766 663 omnia
1782 608 1929 663 circa
1945 607 2090 661 aliud

501 698 631 766 quid
656 687 935 770 quiescent
958 701 1286 771 potestativo
1323 709 1470 756 motu
1505 699 1595 770 qui
1631 699 1925 756 secundum
1956 698 2095 753 desi-

498 789 708 845 derimn
725 800 826 855 est,
849 792 1143 847 novissimo
1157 801 1450 863 appareute
1469 794 1596 847 dato
1606 802 1660 846 et
1674 791 2018 861 participato,
2037 797 2093 845 et

501 883 992 938 corrationabilitcr
1016 885 1453 955 participantiuut
1482 883 1663 938 virtuti
1681 881 2094 953 incomprehen-

500 974 754 1039 sibiliter,
768 976 916 1032 ntita
933 977 1129 1042 dicam,
1148 986 1339 1046 capto;
1374 976 1463 1051 arb
1479 976 1623 1047 quod
1652 974 1832 1030 omnis
1870 974 2093 1030 festinat

503 1069 844 1125 miwersatio
856 1068 1053 1123 excelsi
1070 1077 1125 1123 et
1144 1069 1446 1125 intellectus
1464 1110 1480 1134 ,
1500 1078 1548 1123 et
1567 1069 1621 1123 in
1639 1068 1781 1139 quod
1795 1068 1963 1124 omnis
1982 1078 2091 1122 stu-

504 1159 1033 1230 bititaturoppetitus,
1048 1172 1096 1216 et
1109 1158 1271 1231 supra
1283 1162 1425 1233 quod
1438 1162 1583 1217 nullo
1597 1164 1753 1217 modo
1767 1162 1974 1233 fertur;
2004 1177 2093 1217 ne-

501 1250 751 1320 queenim
790 1250 967 1315 habet,
1003 1262 1049 1306 et
1084 1252 1154 1305 ad
1190 1252 1330 1323 quod
1360 1252 1523 1307 tendit
1578 1253 1748 1307 omnis
1796 1237 2093 1321 festinantis

504 1347 700 1405 motus,
722 1351 770 1396 et
797 1360 828 1394 α
859 1359 961 1406 quo
990 1342 1304 1397 venientibus
1325 1343 1492 1397 omnis
1522 1339 1976 1410 contemplationi:
2013 1357 2097 1396 re-

500 1433 669 1503 quies,
698 1442 757 1487 ut
776 1432 853 1486 ait
873 1418 1063 1488 beatus
1088 1433 1190 1487 iste
1214 1435 1488 1503 magister.
1519 1431 1705 1503 Neque
1725 1433 1829 1489 erit
1852 1436 1981 1505 quid
2002 1450 2096 1491 ex-

507 1534 591 1580 tra
617 1523 785 1579 Deum
821 1536 947 1580 tunc
968 1524 1395 1589 manifestatum,
1424 1526 1521 1581 aut
1568 1526 1683 1580 Deo
1709 1537 1929 1580 econtra
1961 1526 2095 1580 ima-

504 1614 681 1683 giuari
711 1627 737 1656 ι
777 1615 973 1680 visum,
1004 1624 1063 1670 ut
1096 1614 1325 1685 alicujus
1370 1615 1699 1671 desiderium
1744 1613 1812 1671 ad
1854 1615 2091 1686 seipsmn

503 1704 673 1760 tlnere
698 1706 904 1761 erroris
930 1706 1001 1760 sit
1024 1706 1075 1770 ιι,
1104 1707 1359 1761 omnibus
1397 1706 1615 1762 ambitis
1657 1706 1727 1762 ab
1754 1706 1871 1778 ipso
1899 1706 2095 1762 intelli-

2189 520 2264 574 lia
2288 521 2394 575 sive
2420 502 2718 593 invisibilia,
2741 520 2845 573 sive
2865 504 3080 584 Turoni,
3095 517 3201 572 sive
3228 516 3620 571 Dominationes
3635 556 3651 578 ,
3674 516 3780 570 sive

2194 613 2549 686 Principatus,
2577 614 2680 669 sire
2727 612 3013 667 Potrstatcs
3059 627 3078 665 :
3114 610 3290 666 omnia
3331 625 3398 665 ea:
3441 609 3557 678 ipso
3597 617 3648 661 et
3688 623 3780 676 per

2190 707 2359 778 ipsum
2406 715 2453 761 et
2483 707 2546 761 in
2583 705 2694 775 ipso
2734 714 2907 769 errata
2944 711 3087 758 sunt.
3123 700 3331 757 Causas
3374 699 3518 757 enim
3566 713 3776 762 eorum,

2190 808 2330 868 quae
2356 795 2499 853 facta
2524 804 2669 857 sunt,
2698 796 2903 850 habens
2936 802 3061 849 ante
3085 791 3263 850 secula
3302 789 3778 869 praesubstitutas,

2192 888 2464 943 voluntate
2488 887 2627 942 bona
2655 886 2947 940 secundmn
2974 898 3068 939 eas
3087 882 3354 940 visibilem
3374 890 3430 938 et
3458 879 3778 938 invisibilem

2192 993 2259 1033 ex
2313 992 2419 1032 non
2461 977 2728 1032 existente
2769 974 3045 1031 substituit
3080 982 3425 1040 creaturam,
3473 972 3684 1028 ratione
3726 977 3779 1026 et

2193 1071 2454 1142 sapientia
2503 1071 2682 1126 omnia
2722 1067 3016 1123 secundum
3055 1074 3418 1139 opportunum
3468 1070 3684 1135 tempus
3728 1069 3781 1116 et

2194 1162 2324 1220 fecit
2362 1142 2417 1217 et
2456 1162 2602 1219 facit.
2635 1170 2688 1214 et
2712 1176 2852 1232 quae
2883 1156 3263 1214 univcrsaliter
3286 1163 3415 1211 sunt
3443 1164 3497 1211 et
3522 1168 3666 1224 quae
3689 1167 3784 1223 per

2195 1255 2423 1328 singula.
2462 1238 2854 1310 causani'enim
2882 1249 3211 1322 Angelorum
3238 1248 3531 1306 creationis
3555 1247 3787 1317 praedu-

2194 1348 2339 1404 xisse
2375 1345 2648 1402 credimus
2677 1360 2894 1402 causam
2929 1341 3355 1414 uniuscujusque
3395 1340 3784 1412 complentium

2194 1440 2478 1503 mundum,
2523 1438 2613 1508 qui
2659 1452 2823 1508 super
2867 1451 2963 1492 nos
3000 1444 3104 1500 est,
3157 1434 3512 1491 cssentiarum
3542 1441 3600 1490 et
3617 1432 3789 1488 virtu-

2199 1539 2342 1595 tum;
2375 1528 2634 1584 ratio‘nctn
2666 1526 2943 1581 hominum
2980 1523 3243 1579 rationem
3274 1522 3694 1593 uniuscujusque
3721 1533 3789 1576 ex

2199 1621 2309 1676 Deo
2343 1635 2463 1676 esse
2501 1605 2902 1689 accipientium,
2950 1626 3011 1673 ut
3055 1633 3163 1672 non
3204 1629 3302 1685 per
3334 1613 3544 1688 singula
3587 1613 3788 1677 dicam,

2200 1711 2463 1782 siquidem
2506 1711 2620 1781 ipse
2662 1708 2872 1765 inﬁnite
2906 1723 3004 1779 per
3043 1707 3277 1778 seipsqu
3309 1704 3787 1778 superemineutia,

503 1794 758 1865 giliilibus
783 1803 840 1851 et
868 1788 1213 1853 seu'sibilibus
1243 1798 1536 1851 sccumlmn
1571 1772 1892 1853 ineffabilem
1923 1799 2093 1869 ipsius
2123 1772 2170 1831 Β
2200 1772 2324 1862 quin
2368 1807 2437 1862 sit
2476 1772 2759 1861 inamabilis
2786 1814 2841 1859 et
2869 1772 3248 1874 ειίιειιῑςξδῖηε,
3281 1812 3332 1860 ει
3361 1772 3539 1858 omnia
3578 1818 3787 1857 summa

506 1886 998 1942 manifestationem
1025 1898 1080 1943 et
1116 1888 1512 1958 praesentiam;
1543 1887 1685 1943 sicut
1720 1903 1897 1959 neque
1923 1889 1975 1944 in
2005 1889 2093 1945 die

505 1978 714 2033 siderea
763 1978 963 2033 lumina
992 1988 1047 2034 et
1086 1981 1199 2051 ipsa
1242 1988 1415 2046 astra,
1446 1979 1572 2036 sole
1605 1974 1898 2051 apparente
1922 1981 2093 2037 multo

504 2079 562 2124 ct
588 2069 994 2141 incomparabili
1024 2071 1245 2138 lumine,
1275 2088 1340 2129 ex
1369 2089 1477 2144 quo
1502 2073 1583 2129 eis
1608 2073 1809 2129 lumina
1830 2088 1972 2139 esse,
1996 2089 2093 2129 oc-

505 2158 730 2225 cultata,
753 2170 807 2215 et
832 2176 1029 2231 neque,
1047 2162 1172 2232 quia
1195 2173 1340 2229 sunt,
1362 2170 1626 2234 quantum
1651 2164 1831 2218 sensui
1854 2164 2089 2234 cognita.

504 2250 562 2309 In
607 2252 718 2309 Deo
756 2269 881 2310 vero
928 2255 1064 2326 plus,
1111 2266 1372 2327 quantum
1416 2257 1561 2312 inter
1611 2273 1716 2312 nou
1758 2264 1997 2312 creatum
2036 2266 2094 2312 et

505 2356 770 2410 creatum,
812 2345 1019 2401 inﬁnita
1065 2349 1326 2403 medietas
1370 2356 1453 2403 est
1493 2357 1547 2403 et
1582 2346 1906 2404 diﬁ‘erentia.
1944 2348 2094 2404 Tunc

503 2436 651 2490 enim
678 2451 776 2505 per
796 2440 1087 2499 essentiam
1113 2454 1322 2503 eorum,
1349 2455 1489 2510 quae
1513 2449 1660 2504 sunt,
1688 2439 2092 2497 subsistentiam

505 2528 804 2583 secundum
835 2530 1001 2599 quod.
1035 2531 1186 2600 quid,
1217 2540 1273 2586 et
1315 2531 1604 2600 quomodo,
1637 2540 1692 2585 et
1736 2532 1787 2586 in
1818 2547 1926 2602 quo
1952 2546 2093 2594 esse.

508 2625 565 2669 ut
604 2617 875 2679 arbitror,
906 2620 1172 2679 scientes.
1196 2621 1261 2674 ad
1290 2620 1417 2690 quid
1448 2604 1749 2691 appetitqu
1781 2621 1960 2676 adhuc
1998 2636 2096 2689 per

438 2775 443 2782 I
502 2706 867 2775 cognitionem
913 2723 1017 2762 non
1058 2711 1432 2775 movebimus,
1473 2709 1894 2779 uniuscujusque
1943 2719 1999 2767 ct
2039 2711 2094 2766 in

506 2815 837 2870 unoquoque
861 2817 1069 2869 eorum,
1095 2818 1237 2874 quae
1264 2814 1387 2873 post
1417 2806 1584 2862 Deum
1611 2815 1760 2868 sunt,
1786 2802 2096 2879 cognitione

510 2891 665 2945 nobis
685 2902 1075 2958 consummata,
1104 2904 1160 2948 et
1190 2893 1398 2949 inﬁnita
1421 2910 1485 2950 ac
1509 2894 1690 2949 divina
1716 2903 1771 2949 et
1798 2896 2096 2965 incompre-

508 2982 761 3038 hcnsibili
792 2983 1067 3041 frnctunse
1097 2985 1254 3041 nobis
1301 2986 1782 3058 proportioualiter
1821 2989 2096 3059 proposita

508 3076 793 3130 mansione
818 3087 871 3132 et
906 3078 1337 3149 participatione.
1383 3076 1451 3133 Et
1491 3077 1594 3135 hoc
1619 3087 1725 3140 est,
1764 3078 1908 3149 quod
1936 3080 2094 3135 valde

508 3167 947 3239 philosophatum
986 3178 1071 3225 est
1110 3168 1407 3225 secundum
1441 3166 1706 3227 deiferum
1743 3169 1887 3226 hunc
1928 3170 2098 3244 magi-

508 3268 686 3315 strqu
718 3259 1013 3326 dicentem,
1044 3261 1432 3345 cogn‘oscitums
1461 3277 1557 3316 nos
1578 3261 1892 3334 quandoque
1931 3278 2117 3333 quam.

511 3361 620 3406 tum
676 3353 875 3422 cogniti
936 3370 1159 3419 sumus,
1219 3370 1338 3409 cum
1398 3352 1655 3424 deiforme
1722 3354 1822 3408 hoc
1864 3364 1912 3410 et
1970 3354 2104 3408 divi-

513 3457 661 3507 num,
690 3453 927 3499 nostrum
983 3443 1218 3498 animum
1258 3452 1308 3499 et
1361 3442 1620 3498 rationem
1660 3444 1873 3515 proprio
1926 3445 2103 3499 adsti-

511 3532 789 3597 scebimus,
815 3546 860 3587 et
882 3535 1056 3605 imago
1082 3540 1366 3591 revertetur
1381 3534 1451 3590 ad
1473 3535 1764 3605 principale
1785 3535 2098 3608 exemplum,

513 3624 667 3694 cujus
696 3641 833 3679 nunc
857 3625 1010 3681 habet
1049 3627 1354 3698 appetitum.
1394 3627 1473 3683 De
1513 3641 1580 3683 eo
1606 3627 1791 3700 igitur,
1820 3628 1965 3699 quod
1994 3644 2101 3685 non

501 3711 587 3768 sit
615 3713 901 3784 dispertita
940 3716 1140 3781 unitas,
1165 3725 1220 3771 et
1240 3717 1509 3786 quomodo
1534 3718 1829 3774 secundum
1856 3718 2101 3775 notitiam

514 3818 580 3859 ex
610 3805 1111 3874 pussibilibusuunc
1133 3809 1289 3865 nobis
1309 3807 1626 3880 Scripturae
1655 3809 2020 3867 iutcllectibus
2048 3819 2106 3866 et

516 3893 973 3966 disputationibus
1010 3898 1118 3953 erit
1165 3897 1468 3954 futurorum
1526 3888 1721 3967 s'tatus,
1769 3898 1973 3965 dictum
2021 3909 2107 3955 est

476 3979 482 3985 ’
520 3985 814 4052 hactenus;
842 3986 908 4042 de
928 4002 994 4043 eo
1020 4002 1167 4051 vero,
1187 3991 1478 4059 quomodo,
1500 3989 1631 4044 dum
1648 4004 1774 4059 pars
1794 3989 1887 4045 Dei
1913 3989 2102 4051 simus,

517 4090 551 4131 ι
581 4075 689 4131 Dco
710 4075 1042 4144 reduximus,
1073 4078 1184 4136 Deo
1222 4079 1361 4159 duce
1404 4080 1531 4137 hinc
1549 4094 1859 4138 sermonem
1887 4078 2105 4135 faciam.

588 4169 723 4237 Quis
771 4170 918 4229 enim
967 4173 1177 4228 ratione
1216 4173 1566 4230 considerans
1602 4180 1658 4229 et
1698 4172 1962 4244 sapientia
2011 4188 2109 4238 ea,

520 4277 662 4332 quae
689 4271 834 4327 sunt,
867 4261 937 4318 ab
963 4279 1052 4329 eo,
1078 4264 1220 4334 quod
1250 4279 1355 4320 non
1387 4273 1493 4330 est,
1530 4278 1563 4319 a
1596 4262 1708 4321 Deo
1740 4264 1801 4333 in
1845 4264 1924 4330 id,
1966 4263 2111 4335 quod

521 4364 626 4419 est,
655 4356 990 4422 transducta,
1023 4358 1068 4411 si
1096 4371 1193 4426 per
1221 4357 1520 4413 naturalem
1553 4371 1764 4424 eorum,
1792 4342 1940 4428 quae
1964 4365 2109 4421 sum,

2195 1908 2503 1961 creaturae,
2543 1906 2599 1952 et
2643 1896 2928 1953 existentis
2970 1911 3067 1967 per
3110 1896 3342 1967 seipsam
3389 1904 3445 1951 et
3492 1894 3792 1950 intellectae

2193 1986 2531 2043 differentiae
2570 1988 2641 2043 'et
2683 1986 3049 2051 discretionis,
3101 1986 3340 2055 seipsnm
3401 1984 3456 2041 in
3515 1982 3790 2039 omnibus.

2194 2093 2334 2149 quae
2362 2094 2428 2133 ex
2457 2093 2523 2133 eo
2554 2087 2702 2141 sunt,
2726 2076 3059 2147 singulorum
3095 2074 3395 2147 anal0giam
3421 2075 3558 2129 bene
3581 2086 3648 2127 ac
3671 2071 3793 2143 pul-

2194 2170 2327 2225 chre
2378 2167 2675 2225 ostendens
2716 2166 2743 2208 δ
2801 2175 2856 2222 et
2903 2165 3301 2237 multiplicans;
3343 2171 3400 2220 et
3450 2163 3506 2218 in
3556 2162 3792 2233 seipsum

2193 2263 2374 2317 omnia
2405 2258 2790 2331 recapitulaus,
2812 2274 2912 2328 per
2931 2271 3092 2328 quem
3118 2264 3174 2311 et
3204 2271 3347 2320 esse,
3369 2263 3425 2310 et
3443 2267 3792 2326 permanere.
3882 2256 3887 2258 '

2193 2363 2249 2409 et
2270 2368 2343 2415 ,εκ
2374 2368 2498 2422 quo.
2534 2365 2672 2429 quae
2695 2351 2872 2420 genita
2901 2358 3045 2408 sunt.
3076 2359 3130 2405 ct
3155 2349 3221 2403 ad
3251 2362 3419 2418 quem
3437 2347 3616 2416 genita
3639 2356 3793 2411 sunt,

2193 2456 2248 2505 et
2273 2446 2545 2502 manentia
2576 2456 2627 2502 ct
2667 2457 2809 2503 mota
2839 2443 3163 2515 participant
3194 2441 3383 2497 Demn.
3418 2437 3613 2501 Omnia
3640 2440 3790 2494 enim

2192 2539 2539 2608 participant,
2567 2551 2631 2589 co
2658 2535 2801 2606 quod
2831 2551 2895 2590 ex
2921 2536 3031 2589 Deo
3060 2531 3203 2589 facta
3232 2540 3390 2591 sunt,
3418 2529 3795 2601 proportiona.

2195 2629 2320 2683 liter
2347 2628 2538 2691 Deum,
2571 2627 2684 2681 sive
2713 2641 2808 2695 per
2833 2624 3187 2687 intellectum,
3219 2623 3335 2677 sive
3358 2620 3649 2685 rationem,
3680 2616 3798 2673 sive

2195 2734 2435 2783 sensum,
2467 2721 2581 2773 sive
2603 2728 2804 2772 motum
2829 2715 3065 2779 vitalem,
3095 2714 3208 2769 sive
3230 2711 3598 2776 essentialem,
3620 2721 3675 2767 et
3697 2713 3794 2767 ha-

2195 2811 2366 2867 bitum
2398 2810 2875 2876 opportunitatem,
2907 2818 2966 2862 ut
2991 2822 3188 2876 magno
3226 2815 3281 2863 et
3329 2804 3517 2879 divino
3558 2804 3792 2859 manife-

2198 2901 2387 2957 statori
2440 2901 2696 2970 Dionysio
2739 2899 2953 2955 videtur
2998 2898 3377 2968 Areopagitae.
3417 2895 3798 2967 Unusquisque

2198 3005 2333 3061 ergo
2377 2989 2791 3060 intelligibilium
2826 2999 2891 3044 ct-
2924 2986 3324 3045 rationabilium
3369 2986 3686 3059 angelorum
3739 2994 3796 3041 et

2200 3083 2482 3140 hominum
2512 3098 2608 3154 per
2632 3096 2774 3145 eam,
2805 3096 2910 3150 qua
2941 3089 3158 3136 creatus
3204 3088 3321 3141 est.
3363 3081 3652 3141 rationem,
3692 3090 3798 3147 qua

2203 3176 2257 3231 in
2289 3174 2401 3230 Deo
2421 3183 2523 3237 est,
2549 3181 2604 3228 et
2631 3173 2696 3227 ad
2726 3171 2895 3226 Deum
2930 3178 3035 3235 est,
3068 3184 3196 3238 pars
3235 3179 3319 3225 est
3346 3178 3405 3225 et
3434 3169 3635 3225 dicitur
3675 3168 3796 3232 Dei.

2201 3282 2298 3339 per
2324 3280 2479 3322 suam
2510 3262 2954 3319 auteexistentem
2984 3262 3037 3316 in
3062 3262 3200 3324 Deo,
3247 3260 3391 3315 sicut
3435 3260 3639 3316 dictum
3664 3268 3796 3323 est,

2200 3373 2443 3414 causam.
2485 3357 2689 3426 Itaque,
2726 3354 2773 3409 si
2802 3353 3098 3415 secundum
3138 3352 3310 3423 ipsam
3353 3358 3697 3415 moveretur,
3744 3350 3798 3404 in

2200 3449 2314 3505 Deo
2341 3447 2517 3510 ﬁeret,
2551 3446 2606 3501 iu
2640 3460 2748 3516 quo
2780 3444 3049 3500 essentiae
3076 3458 3206 3498 suae
3230 3441 3370 3496 ratio
3398 3450 3525 3495 ante
3548 3441 3712 3505 inest,
3744 3446 3805 3495 ut

2203 3537 2256 3595 in
2282 3539 2550 3612 principio
2574 3546 2630 3593 et
2654 3550 2840 3601 causa,
2882 3543 2939 3591 et
2978 3533 3177 3589 nullius
3225 3529 3453 3601 alicujus
3496 3538 3625 3586 ante
3668 3545 3795 3602 pro.

2203 3630 2382 3701 prium
2412 3627 2737 3699 principium
2766 3623 3098 3681 desiderium
3134 3622 3379 3693 accipere
3404 3620 3600 3686 vellet,
3628 3634 3806 3691 neque

2204 3717 2452 3775 retineret
2481 3734 2511 3773 a
2547 3717 2678 3784 Deo,
2708 3715 2803 3773 sed
2845 3715 3017 3788 magis
3061 3730 3159 3786 per
3207 3729 3349 3778 eam,
3398 3727 3539 3783 quae
3576 3711 3647 3767 ad
3678 3726 3806 3767 eum

2203 3820 2310 3879 est,
2336 3810 2687 3868 intentionem
2716 3809 2859 3864 Deus
2898 3809 3072 3873 ﬁeret,
3103 3816 3159 3863 et
3194 3823 3324 3878 pars
3366 3805 3461 3861 Dei
3509 3805 3804 3869 diceretur,

2205 3901 2579 3974 participando
2596 3898 3025 3956 connaturaliter
3054 3897 3246 3960 Deum,
3283 3896 3470 3966 utpote
3504 3894 3803 3950 secundum

2206 4006 2459 4052 naturam
2504 3994 2780 4063 sapienter
2824 4005 2891 4046 ac
2936 3988 3334 4046 rationabiliter
3372 4003 3471 4059 per
3519 3985 3805 4057 pulchrum

2207 4097 2414 4143 motum
2453 4099 2610 4140 suum
2647 4089 2969 4152 accepturus
2996 4079 3319 4150 principium
3339 4087 3395 4132 et
3422 4091 3667 4137 causam,
3697 4088 3806 4129 non

2211 4179 2416 4236 habens
2440 4176 2698 4232 aliorsum
2725 4176 2794 4230 de
2818 4182 3003 4229 cetero
3026 4180 3149 4242 post
3179 4186 3337 4226 suum
3377 4168 3702 4241 principium
3738 4162 3807 4221 ad

2212 4273 2501 4333 rationem,
2539 4284 2637 4339 per
2671 4282 2836 4337 quam
2862 4274 3162 4328 crearetur,
3192 4277 3477 4319 ascensum
3506 4268 3563 4316 et
3592 4258 3808 4314 restitu-

2214 4363 2414 4417 tionem
2448 4357 2719 4423 movendi,
2750 4366 2841 4413 aut
2865 4355 3136 4428 quomodo
3166 4361 3494 4418 moveretur,
3534 4350 3588 4406 in
3626 4349 3807 4405 divino

523 4446 792 4503 inﬁnitam
818 4446 1174 4504 diﬁcrentiam
1213 4458 1271 4503 et
1313 4449 1628 4504 varietatem
1666 4449 1960 4519 prudenter
1996 4448 2113 4515 ani-
2141 4481 2192 4541 υ
2217 4450 2775 4515 videlicctdesiderio,
2805 4446 2952 4504 motu
2976 4462 3075 4503 suo
3102 4446 3278 4517 ipsum
3312 4442 3474 4498 ﬁnem
3510 4439 3810 4509 accipiente

526 4553 648 4594 tuae
697 4539 1169 4611 contemplativum
1207 4540 1521 4607 adduceret,
1548 4549 1606 4596 et
1639 4540 1947 4611 iuquisitiva
1989 4555 2115 4595 cou-

525 4629 862 4685 discerueret
912 4631 1140 4696 ratione,
1188 4645 1288 4701 per
1330 4632 1761 4702 intelligentiam,
1814 4632 2110 4688 secundum

525 4735 692 4791 quam
729 4730 913 4775 creata
957 4729 1085 4776 sunt
1128 4736 1369 4799 causam,
1408 4736 1515 4780 non
1540 4721 1736 4778 multas
1761 4730 2116 4792 cognosceret

526 4828 720 4868 Causas
748 4828 910 4869 uuam
944 4830 1186 4880 mnsam,
1216 4829 1428 4880 eorum,
1458 4812 1766 4885 quael'acta
1791 4822 1940 4880 sunt,
1970 4814 2116 4869 inse-

527 4903 843 4975 parabilitcr
866 4906 1309 4961 'cumdiscretatu
1341 4915 1363 4946 α
1397 4903 1752 4961 diﬂerentiam
1792 4920 1893 4976 per
1928 4917 2114 4957 eorum

528 5001 586 5049 et
621 4993 764 5051 inter
789 5010 849 5049 se
875 4995 1106 5051 invicem
1138 5003 1195 5051 et
1221 4996 1399 5067 seipsa
1446 4993 1783 5050 iuconl‘usam
1819 4992 2121 5065 proprieta-

531 5098 676 5151 tem;
702 5095 757 5142 et
785 5086 1001 5150 iterum,
1034 5102 1192 5141 unam
1223 5087 1441 5153 multas,
1463 5087 1703 5143 omnium
1730 5086 1800 5142 ad
1828 5102 1953 5141 eum
1980 5086 2119 5142 rela-
2145 5135 2151 5141 .

517 5184 701 5249 ,tiouc,
729 5194 827 5251 per
844 5180 1076 5251 seipsum
1101 5180 1380 5237 iucmd‘use
1398 5180 1719 5242 subsistens,
1744 5194 1911 5234 unum
1935 5193 2122 5235 essen-

535 5273 663 5330 tiale
681 5284 733 5329 et
747 5290 911 5329 uumn
925 5273 1283 5329 substantiale
1300 5272 1388 5328 Hei
1409 5280 1466 5327 et
1487 5270 1660 5327 Patris
1676 5270 1843 5327 Deum
1858 5268 2115 5336 Verbum,

2217 4543 2777 4619 divinam'yvisimtem,
2809 4550 2869 4595 ut
2904 4538 3133 4594 Basilius
3169 4535 3410 4593 declarat
3440 4533 3494 4589 iu
3539 4533 3806 4605 interpre-

2220 4636 2425 4693 tatione
2454 4634 2506 4689 in
2547 4643 2793 4688 sanctum
2836 4632 3154 4702 prOphetam
3197 4626 3414 4692 Isaiam,
3461 4624 3647 4687 dicens
3686 4621 3764 4676 sic
3788 4636 3805 4671 :

2221 4724 2491 4782 Sabbatha
2542 4732 2719 4777 autem
2763 4737 2882 4776 vero
2938 4728 3060 4774 sunt
3105 4716 3330 4786 reposita
3372 4714 3573 4785 requies
3617 4708 3810 4780 popqu

2218 4817 2337 4882 Dei,
2358 4832 2492 4887 quae
2516 4814 2723 4885 quidem
2745 4828 2828 4873 co,
2854 4810 2993 4883 quod
3020 4825 3144 4865 uera
3171 4815 3292 4860 sum
3310 4846 3326 4867 ,
3356 4802 3534 4873 recipit
3577 4800 3717 4856 Dens
3760 4806 3811 4851 et

2222 4908 2520 4978 manifestat
2547 4920 2751 4960 summa
2781 4900 3047 4957 Subballio
3072 4897 3279 4969 quietis,
3320 4894 3409 4949 ille
3448 4892 3535 4949 cui
3583 4890 3810 4944 mundus

2225 4998 2507 5067 cruciﬁxus
2559 5004 2657 5059 cst,
2693 4992 2963 5047 discedens
3000 4989 3232 5058 proferto
3269 5003 3303 5040 a
3343 4980 3647 5041 mundanis,
3675 4989 3722 5031 et
3754 4980 3810 5032 in

2220 5090 2491 5162 proprium
2520 5087 2691 5141 locum
2731 5081 3023 5155 spiritualis
3060 5078 3245 5147 quietis
3280 5088 3579 5136 occurrens,
3622 5069 3813 5162 inquo

2224 5158 2397 5255 factus
2423 5198 2528 5235 non
2546 5179 2664 5249 jam
2694 5174 2983 5231 movebitur
3021 5189 3061 5239 ao
3098 5185 3195 5224 suo
3222 5167 3358 5229 loco,
3387 5165 3513 5255 dunt
3545 5162 3619 5255 sit
3654 5158 3814 5255 silen-

2224 5247 2354 5329 tium
2384 5283 2430 5326 ct
2462 5247 2567 5341 prta:
2594 5269 2737 5323 circa
2764 5264 2913 5319 illum
2947 5270 3163 5316 statum.
3209 5256 3459 5313 Omnium
3484 5252 3646 5323 igitur
3665 5247 3812 5341 locus

534 5366 733 5422 merito
751 5365 1075 5437 principium
1102 5374 1155 5418 et
1181 5364 1685 5428 causamomnium,
1724 5361 1780 5417 in
1813 5377 1916 5432 quo
1942 5374 2123 5417 creata
2224 5337 2501 5436 dignorum
2529 5360 2624 5416 tali
2647 5355 2963 5413 beatitudine
3012 5352 3151 5407 Deus
3198 5356 3305 5413 est,
3348 5341 3632 5404 secundum
3670 5337 3812 5411 quod

2078 5469 2328 5532 turmae.
2578 5462 2585 5468 '
2851 5457 2855 5461 “

609 5612 635 5642 ι
677 5602 734 5655 ln
760 5597 973 5656 Graeco
1001 5597 1421 5658 ἁντισιτκοῦοθαι,
1455 5593 1493 5645 i.
1526 5608 1577 5647 ρ.
1615 5588 1981 5662 aequiparari.‘

607 5672 640 5714 δ
679 5670 900 5741 Legisse
923 5669 1118 5724 Senius
1161 5664 1605 5741 γίιΙθῑιιιςβολιάσῃ
1630 5680 1645 5730 ;
1673 5660 1778 5719 Sed
1813 5679 1868 5717 Ill
1910 5660 2119 5715 Graeco

528 5754 570 5799 ‘e
593 5744 686 5802 lito
717 5736 866 5801 citat
894 5741 1133 5815 deletion.
1161 5738 1197 5791 i.
1232 5753 1280 5793 ο.
1314 5736 1545 5791 αέίισεαι.

2296 5601 2317 5630 ι
2357 5589 2400 5642 1.
2431 5601 2481 5642 e.
2514 5583 2901 5654 cocxt'stcntrm.
3312 5652 3319 5654 Α
3456 5643 3467 5654 _

2290 5660 2316 5700 δ
2355 5659 2411 5714 lu
2440 5658 2649 5714 Graeco
2681 5652 3182 5718 aitmbumvwerte
3210 5652 3584 5718 pertranstens.

3832 29 4107 251 ’Ἷ
