4198 6234
505 308 521 360 l
533 301 638 363 ξος

1583 310 1834 368 VERSIO
1870 309 2334 370 AMBIGUORUM
2375 313 2434 371 S.
2476 313 2742 398 MAXIill.

3647 315 3790 376 i200

495 433 748 499 scriptum
789 437 864 484 est
890 442 908 483 :
939 425 1066 484 Esto
1099 427 1226 484 mihi
1269 429 1322 484 in
1361 427 1528 484 Deum
1563 440 1906 502 protectorem
1947 443 1998 486 et
2041 431 2097 486 in
2125 433 2171 492 Δ
2199 432 2354 500 quasi
2389 445 2618 510 securus
2641 432 2814 489 Deum
2838 429 3176 487 constituens
3199 429 3582 496 concionator;
3621 430 3796 504 siqui-

495 523 669 577 locn‘m
717 522 976 576 munitum
1024 519 1265 576 mirandi
1309 537 1410 576 me.
1467 522 1621 591 Apud
1661 537 1821 594 quem
1868 523 2102 578 firmiter-

495 616 740 674 omnium
788 615 1026 671 rationes
1064 614 1202 670 ﬁxae
1233 625 1381 682 sunt,
1403 629 1503 686 per
1531 631 1666 686 quas
1703 617 1870 692 etiam
1899 631 2098 686 cogno-

495 721 650 760 scere
673 705 852 760 omnia
880 716 1008 761 ante
1035 707 1436 776 generationem
1477 722 1664 762 eorum
1714 707 1930 769 dicitur,
1985 721 2096 762 me-

495 799 601 853 rito
629 800 682 852 in
709 799 828 868 ipso
868 809 916 853 et
962 801 1104 870 apud
1151 801 1324 871 ipsum
1373 803 1732 857 existentibus
1780 817 1877 872 per
1921 801 2094 872 ipsum

493 889 780 943 veritatem
809 888 1082 954 omnibus,
1116 891 1218 946 etsi
1248 905 1311 945 ea
1343 892 1546 954 omnia,
1598 899 1652 947 et
1691 907 1832 962 quae
1871 901 1996 946 sunt
2041 901 2098 946 et

493 993 636 1047 quae
665 977 844 1034 futura
870 990 1020 1046 sunt,
1046 997 1158 1060 non
1183 981 1340 1036 simul
1374 983 1488 1037 suis
1527 984 1729 1046 causis,
1779 991 1838 1038 ut
1882 983 2096 1054 cognita

495 1081 672 1126 sunta
701 1071 829 1132 Deo,
863 1071 913 1126 in
942 1059 1234 1127 essentiam
1274 1073 1504 1128 adducta
1552 1083 1696 1136 sunt,
1747 1075 1839 1129 sed
1884 1073 2098 1144 singula

493 1179 742 1235 quaeque
764 1173 1068 1236 opportuno
1101 1173 1344 1234 tempore
1377 1167 1674 1222 secundum
1702 1149 1979 1224 Creatoris
2011 1185 2098 1239 sa-

493 1255 754 1324 pientiam
792 1253 1018 1324 pulchre
1037 1253 1190 1322 juxta
1213 1243 1408 1311 eorum
1435 1271 1632 1310 causas
1654 1268 1838 1312 creata
1875 1269 2021 1322 sunt,
2044 1270 2101 1315 et

493 1359 594 1415 per
626 1360 684 1400 se
712 1360 834 1400 esse
870 1347 1187 1415 Operatione
1217 1347 1521 1417 accipiunt:
1548 1349 1806 1420 quoniam
1837 1352 1955 1421 ipse
1980 1352 2098 1422 ιιιιῑ-

495 1435 618 1490 dem
643 1449 858 1504 semper
879 1436 1176 1490 secundum
1208 1439 1578 1507 Operationem
1623 1449 1709 1494 est
1748 1451 1981 1505 creator,
2034 1459 2097 1498 ea

494 1540 627 1582 vero
667 1527 905 1595 potentia
939 1529 1159 1597 quidem
1203 1538 1348 1596 sunt,
1383 1533 1702 1600 operatione
1745 1541 1928 1588 autem
1969 1550 2102 1589 non-

494 1615 655 1682 dum;
699 1618 824 1690 quia
869 1631 1044 1689 neque
1086 1629 1310 1688 possunt
1345 1619 1733 1702 horum-simul
1766 1637 1890 1678 esse
1921 1623 2101 1678 infini—

497 1719 608 1762 tum
635 1719 689 1764 et
712 1711 884 1776 finita,
921 1726 1098 1780 neque
1121 1712 1227 1767 ulla
1263 1713 1404 1767 ratio
1431 1715 1736 1784 approbare
1785 1717 2100 1772 manifesta-

2199 521 2321 576 dem
2349 521 2642 578 universae
2671 521 2749 576 rei
2779 521 3103 592 principium
3135 531 3190 577 et
3219 520 3379 577 tinem
3409 519 3502 590 qui
3532 521 3584 576 in
3613 522 3794 595 seipse

2197 613 2378 678 videt,
2413 613 2714 669 subsistere
2741 613 2956 670 credit:
2991 611 3318 684 principium
3349 611 3567 684 quidem
3587 653 3606 675 .
3635 613 3792 684 quasi

2199 705 2324 760 inde
2379 707 2670 786 accipiens-
2713 715 2768 762 et
2819 706 3114 762 essentiam
3169 721 3266 776 per
3315 705 3792 776 participationem

2169 793 2449 852 ‘naturale
2503 795 2740 862 bonum;
2781 797 2945 856 finem
2997 811 3148 860 vero,
3181 795 3348 852 veluti
3393 812 3490 866 per
3527 795 3794 866 cognitio-

2199 895 2321 944 n'ent
2361 890 2526 960 ipsius
2557 889 2810 962 principii
2858 897 2912 946 et
2953 875 3287 961 appetitum,
3328 888 3688 952 laudabilem,
3729 889 3793 942 ad

2199 982 2374 1052 ipsum
2405 981 2524 1036 sine
2551 996 2741 1036 errore
2769 981 3058 1036 ducentem
3089 995 3214 1034 cum
3249 979 3598 1035 festinatione
3627 979 3796 1050 perii--

2198 1075 2348 1128 ciens
2379 1088 2620 1134 cursum,
2655 1087 2754 1141 per
2782 1087 2946 1142 quem
2979 1072 3038 1126 fit
3069 1072 3210 1126 Deus
3238 1085 3303 1125 ex
3337 1070 3468 1134 Deo,
3501 1070 3642 1124 Deus
3673 1083 3799 1126 esse

2199 1165 2504 1235 accipiens;
2531 1165 2722 1220 merito
2740 1165 3036 1219 secundum
3059 1163 3348 1234 imaginem
3373 1161 3602 1217 naturali
3627 1163 3794 1224 bono.

2199 1257 2474 1312 voluntate
2502 1297 2516 1318 ,
2565 1270 2660 1326 per
2689 1256 2918 1322 virtutes
2957 1254 3165 1310 addens
3196 1253 3608 1308 similitudinem
3633 1293 3648 1318 ,
3697 1266 3800 1326 per

2201 1345 2420 1402 insitam
2475 1348 2540 1400 ad
2595 1346 2876 1416 proprium
2933 1345 3258 1416 principium
3311 1343 3688 1400 ascensionem
3743 1349 3803 1398 et

2201 1439 2652 1495 familiaritatem.
2688 1441 2752 1496 Et
2783 1441 3038 1511 impletur
3061 1440 3129 1496 de
3151 1449 3334 1497 celem
3361 1441 3414 1496 in
3444 1441 3562 1512 ipso
3582 1445 3802 1511 aposto-

2203 1532 2340 1588 licus
2361 1547 2542 1588 sermo
2567 1531 2754 1588 dicens
2782 1549 2796 1585 :
2825 1531 2886 1586 In
2911 1533 3022 1602 ipso
3053 1533 3188 1587 enim
3211 1533 3426 1588 vivimus
3455 1541 3504 1586 et
3531 1545 3800 1586 movemur

2203 1633 2252 1680 et
2281 1642 2480 1680 stunus.
2539 1623 2628 1678 Fit
2664 1625 2809 1680 enim
2851 1623 2904 1678 in
2945 1626 3054 1680 Deo
3087 1611 3186 1696 per
3213 1623 3592 1680 excellentiam
3641 1632 3798 1678 ante-

2205 1715 2290 1769 exi
2328 1723 2528 1769 tentem
2573 1699 2626 1768 in
2663 1715 2773 1768 Deo
2805 1714 3080 1770 essentiae
3117 1715 3383 1768 rationem
3416 1729 3522 1768 non
3553 1725 3806 1768 corrum-

495 1801 663 1866 bitur,
699 1801 896 1858 borum
921 1803 1238 1862 simulesse
1265 1805 1450 1861 valens
1483 1809 1774 1862 essentiam
1816 1819 1872 1864 ct
1911 1825 2099 1882 super-
2133 1791 2174 1848 Β
2205 1821 2338 1874 ριἰιε
2362 1846 2377 1868 ,
2430 1815 2484 1860 et
2530 1813 2778 1860 movetur
2815 1805 2868 1860 in
2911 1807 3022 1860 Deo
3051 1805 3349 1860 secundum
3383 1803 3801 1874 praecedentem

495 1895 806 1960 essentiale,
833 1895 972 1950 etin
1011 1895 1242 1965 idipsum
1283 1897 1482 1952 dttcere
1520 1914 1708 1954 menso
1751 1900 2096 1966 itmnensum,

495 1996 548 2042 et
579 1989 650 2050 ei,
675 1987 824 2058 quod
855 1991 906 2044 in
935 1990 1120 2046 habitu
1153 1999 1258 2056 est,
1293 1994 1437 2060 quod
1478 2003 1630 2048 caret
1671 1995 2006 2062 habitudine,
2043 2005 2102 2051 et

495 2081 638 2150 quod
675 2081 874 2136 nullam
907 2083 1069 2138 habet
1099 2084 1149 2138 in
1182 2101 1241 2140 se
1265 2089 1574 2157 categoriae
1603 2089 1837 2158 speciem
1865 2087 2102 2144 aﬂirma-
2133 2161 2136 2163 Δ

499 2179 610 2225 tam
641 2182 692 2227 et
719 2188 812 2242 per
841 2189 1030 2230 omnes
1053 2191 1148 2230 eas
1173 2179 1570 2249 categoriarum
1603 2179 1854 2236 videlicet
1891 2183 2101 2252 species

497 2263 814 2320 constituto.
854 2265 1046 2322 Omnia
1073 2268 1241 2334 enim,
1266 2284 1408 2338 quae
1427 2280 1608 2324 creata
1635 2281 1780 2336 sunt,
1803 2274 2098 2327 secundum

497 2356 792 2410 essentiam
816 2365 870 2412 et
899 2360 1306 2428 generationem
1342 2361 1566 2416 omnino
1589 2363 1644 2416 iu
1669 2363 1926 2420 omnibus
1959 2363 2102 2417 aﬂir-

499 2451 718 2502 mant‘ur
747 2463 843 2516 per
869 2448 1092 2516 formas,
1129 2461 1184 2506 et
1221 2453 1580 2509 existentibus
1599 2467 1811 2518 eorum,
1839 2470 1979 2522 quae
2003 2471 2102 2509 ex-

501 2539 770 2594 trinsecus
825 2551 952 2620 sunt
1001 2543 1145 2596 circa
1195 2558 1337 2607 eam,
1397 2544 1694 2600 rationibus
1735 2545 2100 2620 continentur.

501 2626 724 2683 Sublata
761 2617 944 2701 itaque
969 2647 1178 2688 summa
1205 2644 1258 2696 et
1288 2624 1591 2690 abdicativa
1623 2617 1785 2690 Verbi
1812 2637 2100 2707 theologia,

500 2723 796 2776 secundum
841 2739 1003 2794 quam
1054 2741 1230 2796 neque
1279 2727 1482 2783 dicitur
1534 2743 1710 2798 neque
1769 2729 2098 2800 intelligitur,

499 2827 678 2882 neque
716 2821 801 2869 est
844 2817 1066 2873 omnino
1113 2817 1242 2888 quid
1287 2819 1448 2875 alicui
1501 2821 1864 2890 cognitorum,
1911 2821 2106 2877 merito

501 2909 972 2976 snperessentiale,
1002 2925 1178 2981 neque
1205 2927 1236 2967 a
1261 2913 1494 2982 quodam
1518 2913 1626 2968 ullo
1655 2915 1810 2968 modo
1841 2915 1890 2968 in
1923 2915 2106 2984 aliquo

499 2997 886 3069 participatur;
938 3003 1140 3056 multae
1177 3017 1378 3059 causae
1421 3019 1524 3058 ttna
1574 3019 1740 3059 causa
1781 3015 1884 3070 est,
1916 3015 1970 3060 et
1997 3021 2102 3060 una

500 3089 724 3144 multae.
765 3087 899 3145 Nam
929 3093 1224 3148 secundum
1253 3093 1452 3150 bonam
1487 3111 1552 3151 ac
1595 3096 1880 3168 pulchram
1917 3097 1972 3152 in
2013 3113 2100 3162 ea,

2203 1896 2256 1950 in
2300 1897 2409 1951 Deo
2451 1897 2588 1951 bene
2634 1911 2755 1952 esse
2801 1896 3087 1962 rationem,
3143 1910 3240 1965 per
3265 1894 3496 1950 virtutes
3543 1906 3802 1964 operans,

2201 1995 2256 2042 et
2303 1987 2440 2042 vivit
2487 1987 2540 2041 in
2599 1987 2708 2042 Deo
2758 1987 3056 2042 secundum
3111 1986 3530 2058 praecedentem
3583 1983 3638 2038 in
3691 1982 3804 2037 Deo

2203 2094 2417 2149 semper
2446 2094 2567 2134 esse
2603 2078 2891 2132 rationem.
2951 2077 3051 2133 llic
3088 2077 3306 2148 quidem
3349 2077 3461 2146 jam
3503 2074 3802 2130 secundum

2205 2171 2592 2242 impassibilem
2623 2151 2780 2226 valde
2811 2171 3058 2224 habitum
3091 2169 3143 2223 id
3177 2170 3350 2239 ipsmn
3388 2167 3608 2223 sibimet
3639 2173 3692 2218 et
3723 2163 3804 2218 itt—

2204 2261 2607 2318 commutabilis
2631 2271 2714 2318 est
2745 2279 2758 2316 :
2787 2249 2846 2316 in
2879 2263 3062 2316 futuro
3091 2277 3218 2316 vero
3267 2259 3452 2316 seculo
3501 2255 3805 2314 secundent

2205 2355 2386 2409 datam
2421 2354 2632 2408 theosin
2665 2353 2975 2422 praedictas
3015 2352 3067 2406 in
3109 2351 3220 2405 Deo
3251 2348 3639 2406 antecedentes
3666 2361 3804 2402 cau-

2203 2461 2314 2508 sas,
2349 2445 2520 2517 magis
2566 2453 2745 2500 autem
2797 2445 2992 2508 Deum,
3031 2443 3084 2498 in
3133 2457 3242 2512 quo
3289 2455 3488 2498 causae
3537 2439 3804 2495 bonorum

2205 2539 2479 2608 praeﬁxae
2508 2550 2658 2604 sunt,
2691 2539 2744 2593 in
2777 2538 3006 2594 caritate
3035 2552 3228 2592 amans
3255 2545 3309 2590 et
3339 2536 3718 2590 salutaturus:
3749 2541 3808 2589 et

2205 2643 2288 2692 est
2319 2647 2449 2702 pars
2477 2631 2592 2695 Dei,
2629 2641 2690 2686 ut
2714 2641 2800 2688 est
2828 2647 2924 2702 per
2949 2630 3222 2688 essentiac
3251 2644 3385 2684 suae
3409 2627 3468 2682 in
3498 2628 3610 2683 Deo
3640 2627 3810 2683 ratio-

2207 2741 2356 2792 nem,
2379 2735 2432 2780 et
2466 2734 2526 2780 ut
2552 2727 2728 2782 bonus
2753 2739 2851 2796 per
2877 2725 3015 2778 bene
3041 2722 3258 2778 essendi
3291 2721 3346 2776 in
3377 2721 3489 2776 Deo
3515 2720 3806 2783 rationem,

2207 2829 2262 2874 et
2291 2827 2350 2872 ut
2377 2818 2522 2874 Deus
2547 2832 2644 2888 per
2675 2831 2890 2886 semper
2915 2814 3130 2871 cssendi
3169 2812 3462 2876 rationem,
3495 2811 3690 2868 merito
3711 2824 3808 2866 eas

2205 2911 2511 2970 ltOttOl‘allS.
2565 2917 2620 2964 et
2665 2907 2962 2962 secundum
3007 2921 3102 2960 eas
3141 2911 3438 2974 operans,‘
3471 2913 3528 2957 et
3572 2917 3672 2972 per
3711 2889 3810 2956 eas

2207 3006 2448 3075 seipsum
2475 3004 2690 3072 quidem
2723 3001 2834 3056 Deo
2863 2999 2968 3056 soli
2999 3015 3099 3070 per
3129 3005 3301 3053 totunt
3333 2997 3601 3060 inserens,
3637 2994 3806 3049 Deum

2208 3115 2339 3170 vero
2379 3097 2553 3153 solum
2594 3095 2814 3151 sibimet
2843 3109 2940 3164 per
2969 3101 3141 3148 totum
3171 3099 3226 3146 et
3263 3087 3568 3160 imaginaris
3605 3093 3662 3142 et
3695 3084 3806 3140 for-

500 3195 641 3248 quae
664 3191 809 3264 sunt,
837 3183 996 3240 unius
1021 3194 1075 3242 et
1108 3185 1384 3242 factricem
1415 3195 1474 3244 et
1493 3167 1947 3244 continuatricem
1971 3205 2099 3258 pro-
2133 3167 2178 3228 Ο
2213 3167 2390 3252 mans,
2431 3189 2504 3244 ita
2545 3197 2606 3242 ut
2645 3197 2700 3240 et
2733 3187 2848 3258 ipse
2887 3185 2958 3239 sit
2989 3183 3163 3255 gratia
3203 3191 3258 3237 et
3295 3189 3523 3236 vocetur
3561 3178 3724 3244 Deus,
3752 3187 3810 3232 et

500 3269 804 3330 cessionem
831 3275 1033 3330 multae
1059 3292 1186 3332 una.
1215 3275 1320 3334 Per
1347 3293 1477 3334 vero
1508 3279 1560 3334 in
1587 3281 1772 3333 ‘ttnum
1807 3279 2102 3335 multorum

500 3365 909 3421 conversoriam
932 3377 987 3422 et
1011 3367 1474 3424 manuductricem
1499 3370 1818 3425 relationem
1847 3381 1900 3426 et
1925 3371 2104 3436 provi-

502 3457 762 3520 dentiam,
785 3457 928 3512 velut
945 3459 996 3512 in
1017 3459 1725 3530 principiumomnipotens,
1742 3470 1837 3516 aut
1855 3472 2100 3516 centrum

503 3561 776 3602 rectarum
808 3564 872 3604 ex
907 3563 972 3605 eo
998 3537 1263 3605 linearum
1309 3553 1571 3622 principia
1612 3551 2014 3622 praeambiens,
2049 3563 2104 3608 et

503 3643 585 3698 sic
605 3659 793 3700 omnes
813 3660 1172 3716 congregans,
1201 3661 1305 3700 una
1330 3645 1548 3702 multae.
1577 3646 1710 3700 Pars
1733 3645 1896 3716 igitur
1919 3661 2104 3700 stnnns

503 3744 560 3789 et
587 3735 822 3790 dicimur
851 3735 968 3800 Dei,
995 3751 1060 3791 eo
1081 3737 1224 3806 quod
1239 3737 1519 3794 .essentiae
1551 3747 1764 3794 nostrae
1787 3738 2023 3792 rati::nes
2051 3729 2100 3790 in

503 3825 614 3882 Deo
645 3827 1098 3895 pracsubstitutae
1121 3829 1259 3894 sint;
1283 3827 1512 3883 ﬂuentes
1535 3843 1662 3882 vero
1688 3829 1970 3884 desursum
2005 3829 2104 3882 ite-

503 3927 624 3968 rum
651 3914 904 3978 dicimur,
927 3929 994 3968 eo
1013 3915 1155 3982 quod
1177 3930 1280 3988 non
1304 3916 1598 3969 secundum
1627 3915 1676 3968 in
1709 3915 1818 3969 Deo
1845 3915 2104 3984 praestab-

503 4005 785 4061 sistentcnt
805 4019 1048 4066 causam,
1064 4021 1160 4074 per
1180 4003 1340 4073 quam
1360 4004 1482 4060 facti
1508 4021 1714 4068 sumus,
1733 4005 1861 4058 uioti
1883 4005 2098 4084 fuimus.

575 4093 883 4148 Secundum
922 4093 1153 4147 alterum
1195 4108 1410 4162 quoque
1447 4093 1663 4149 modum
1709 4092 1866 4148 facile
1905 4105 1988 4148 est
2019 4095 2105 4163 pic

509 4201 691 4238 amare
723 4200 910 4240 eorum
937 4227 952 4244 .
996 4201 1136 4254 quae
1176 4194 1341 4250 sunt,
1390 4201 1610 4240 causam
1647 4187 1860 4242 erudito
1899 4187 1965 4240 de
2006 4189 2106 4242 hoc

507 4277 772 4331 rationem
807 4291 1149 4345 percurrere.
1199 4275 1256 4332 Si
1297 4277 1442 4331 enim
1485 4277 1778 4332 essentiam
1817 4279 2107 4348 unicuique

506 4365 724 4419 virtutis
755 4381 919 4420 unum
961 4365 1262 4420 subsistere
1291 4366 1384 4421 Dei
1419 4364 1652 4422 Verbum
1691 4384 1795 4420 non
1826 4367 2107 4422 dubitatur

503 4487 577 4502 -—-
597 4473 717 4511 nam
759 4457 997 4512 essentia
1025 4459 1266 4512 omnium
1303 4459 1562 4512 virtutum
1593 4458 1706 4527 ipse
1735 4469 1818 4514 est
1845 4460 2106 4514 Dominus

2205 3283 2350 3340 Deus
2375 3285 2446 3338 sit
2473 3280 2958 3344 condescensione,
2989 3287 3044 3334 et
3071 3285 3298 3334 vocetur
3323 3291 3422 3346 per
3447 3289 3508 3330 se
3535 3273 3724 3354 homo,
3750 3280 3812 3328 et

2207 3385 2394 3430 mutuo
2427 3377 2478 3428 in
2515 3375 2617 3428 hoc
2647 3371 2840 3426 aﬂ'ectu
2876 3371 3200 3427 ostendatur
3228 3368 3424 3430 virtus,
3456 3380 3598 3437 quae
3624 3373 3678 3420 et
3710 3364 3812 3418 lto-

2207 3470 2406 3522 minem
2443 3469 2552 3522 Deo
2582 3480 2679 3533 per
2704 3463 2944 3517 divinum
2974 3475 3216 3514 amorem
3250 3457 3504 3521 deiﬁcat,
3542 3465 3598 3509 et
3633 3453 3805 3510 Deum

2205 3557 2408 3614 homini
2443 3573 2538 3626 per
2568 3558 2862 3610 humanum
2911 3567 3154 3606 antorem
3204 3551 3548 3614 inhumanat,
3574 3555 3631 3602 et
3675 3545 3810 3600 facit.

2204 3649 2533 3718 perbonam
2581 3645 2993 3700 conversionem
3043 3643 3214 3697 Deum
3259 3641 3478 3710 quidem
3527 3637 3808 3694 hominem

2205 3751 2300 3808 per
2331 3737 2568 3791 hominis
2599 3733 3020 3794 dedicationem,
3050 3739 3108 3786 et
3156 3731 3438 3784 hominem
3487 3729 3658 3782 Deum
3708 3740 3808 3795 per

2207 3831 2301 3884 Dei
2335 3828 2858 3884 inhmnanationctn.
2901 3825 3026 3880 Vult
3054 3825 3200 3880 enim
3227 3835 3442 3893 semper
3468 3829 3522 3876 et
3548 3821 3604 3874 in
3629 3819 3810 3874 omni-

2206 3922 2306 3976 bus
2339 3920 2432 3974 Dei
2466 3920 2702 3974 Verbum
2735 3927 2784 3972 et
2817 3919 2958 3973 Deus
2988 3931 3084 3972 sua
3116 3907 3559 3986 incorporatione
3590 3911 3806 3981 cperari

2207 4011 2552 4085 mysterium.
2613 4009 2715 4077 Qui
2751 4023 2880 4064 vero
2910 4025 3065 4063 suum
3099 4008 3413 4078 relinquens
3444 4001 3800 4076 principium,

2207 4119 2336 4174 pars
2367 4103 2460 4156 Dei
2499 4102 2830 4156 constitutus
2865 4115 2962 4170 per
2993 4098 3318 4153 existentem
3353 4095 3405 4150 in
3437 4095 3555 4165 ipso
3583 4091 3808 4146 virtutis

2209 4197 2470 4248 rationem
2503 4193 2796 4248 secundum
2835 4191 3100 4246 redditam
3137 4203 3362 4244 causam
3393 4227 3409 4252 ,
3437 4186 3504 4240 ad
3545 4184 3620 4251 id,
3658 4181 3806 4254 quod

2209 4300 2314 4338 non
2343 4293 2449 4348 est,
2484 4281 2933 4338 irrationabiliter
2959 4281 3154 4345 fertur,
3183 4289 3333 4334 recte
3361 4277 3430 4332 de
3457 4289 3676 4332 sursum
3706 4274 3802 4330 de-

2207 4377 2376 4432 ﬂuere
2412 4376 2632 4438 dicitur,
2669 4389 2774 4428 non
2808 4375 2876 4428 ad
2911 4389 3070 4428 suum
3103 4371 3428 4442 principium
3468 4377 3524 4423 et
3557 4382 3804 4430 causam,

2209 4484 2238 4521 a
2271 4483 2376 4538 qua
2407 4476 2463 4522 et
2495 4467 2549 4522 in
2583 4481 2687 4535 qua
2728 4474 2784 4518 et
2821 4479 2920 4534 per
2947 4479 3110 4533 quam
3143 4460 3319 4516 factus
3346 4467 3462 4523 est,
3495 4466 3710 4522 motus;
3751 4465 3808 4510 et

508 4559 696 4603 uoster
724 4561 776 4604 et
812 4551 951 4605 Deus
981 4549 1138 4604 Jesns
1173 4550 1456 4612 Chrisms.
1499 4551 1638 4606 sicut
1677 4553 1938 4620 seriptum
1978 4564 2100 4606 est:
2136 4531 2184 4588 Β
2208 4531 2370 4612 est—in
2399 4569 2579 4612 meatu
2601 4531 2856 4610 instabili
2887 4563 2942 4608 et
2967 4531 3367 4606 inordinatione
3397 4547 3566 4603 Ωιιχίιί
3593 4547 3808 4602 animae

509 4641 615 4707 Qui
647 4643 820 4709 fartus
859 4654 936 4695 es!
975 4643 1124 4696 nobis
1163 4660 1195 4696 a
1225 4641 1338 4696 Deo
1369 4645 1660 4712 sapientia.
1702 4655 1750 4698 et
1783 4645 2016 4712 jnatitia.
2057 4657 2106 4699 et

507 4735 881 4802 sanctiﬁcatio,
907 4743 954 4787 et
989 4733 1309 4803 redemptio;
1343 4733 1586 4802 proferto
1621 4736 1775 4799 haec,
1800 4753 1936 4806 quae
1963 4737 2104 4793 dicta

509 4835 668 4888 sunt,
711 4823 954 4878 absolute
985 4823 1039 4878 in
1071 4824 1252 4892 seipso
1283 4825 1444 4878 habet
1471 4825 1630 4892 jure,
1663 4827 1752 4895 qui
1794 4836 1874 4882 est
1916 4844 2012 4898 per
2049 4845 2108 4883 se

509 4915 774 4983 sapientia
810 4923 862 4968 et
888 4914 1098 4980 iustitia
1129 4925 1184 4968 et
1213 4917 1496 4980 sanctitas,
1529 4926 1582 4970 et
1617 4933 1722 4972 non
1756 4919 1899 4972 sicut
1927 4920 1978 4972 in
2015 4913 2108 4973 no-

511 5005 596 5059 his
619 5023 740 5060 cutn
769 5007 1104 5072 definitione,
1129 5009 1276 5062 vet-Li
1307 5009 1502 5079 gratia,
1528 5011 1666 5064 sicut
1697 5013 1914 5082 sapiens
1945 5014 2104 5068 homo

513 5107 606 5153 aut
627 5099 810 5167 justus
843 5101 1000 5154 homo
1028 5131 1098 5141 ——-
1125 5101 1304 5154 ontnis
1349 5103 1594 5170 profecto
1639 5103 1803 5156 hoino
1851 5105 2102 5158 virtutem

513 5193 810 5266 secundum
845 5191 1086 5246 habitum
1121 5191 1285 5246 ﬁxum
1319 5193 1670 5263 participans,
1697 5195 1816 5248 sine
1842 5195 2106 5262 ambigui-

517 5293 628 5340 tate
680 5283 845 5336 Deum
897 5285 1184 5354 participat
1233 5285 1526 5340 essentiam
1578 5287 1880 5350 virtutum,
1939 5287 2104 5342 veluti

515 5375 779 5430 naturalis
811 5391 992 5431 semen
1026 5377 1146 5431 boni
1173 5376 1400 5432 fideliter
1425 5393 1520 5448 per
1541 5377 1870 5432 voluntatem
1901 5378 2106 5444 colens,

515 5477 570 5522 et
599 5467 649 5520 id
682 5468 855 5536 ipsum
882 5468 1170 5522 ostendens
1199 5467 1466 5536 principio
1495 5467 1676 5530 ﬂuent,
1703 5477 1757 5522 et
1787 5469 2108 5536 principium

457 5623 466 5630 .
519 5560 610 5614 fini
633 5601 648 5621 ,
683 5561 854 5624 inagis
879 5575 1008 5615 vero
1039 5561 1088 5614 id
1121 5562 1296 5632 ipsum
1331 5561 1657 5632 principium
1690 5547 1810 5618 esse
1837 5572 1892 5616 et
1924 5565 2106 5622 linem.

2209 4659 2264 4704 et
2289 4649 2534 4718 Corporis
2558 4663 2588 4700 a
2609 4664 2716 4701 non
2741 4657 2961 4702 errante
2985 4653 3042 4700 et
3065 4644 3324 4698 similiter
3355 4641 3586 4698 habente
3611 4655 3802 4705 causa,

2212 4743 2278 4796 ad
2311 4743 2382 4804 id,
2415 4742 2558 4812 quod
2593 4741 2792 4794 malum
2825 4749 2930 4804 est,
2965 4737 3278 4792 voluntario
3309 4743 3586 4790 momento
3617 4733 3808 4802 expul-

2211 4835 2416 4891 sionem
2441 4850 2595 4888 suam
2622 4847 2912 4902 peragens;
2935 4847 2998 4884 es
3028 4847 3136 4900 quo
3159 4839 3212 4884 et
3246 4827 3412 4882 ﬂuere
3433 4824 3650 4895 proprie
3669 4823 3806 4878 dici—

2212 4939 2318 4990 tur,
2360 4943 2424 4980 eo
2459 4925 2600 4994 quod
2639 4924 2776 4978 inse
2811 4933 2989 4976 motae
3013 4923 3078 4976 ad
3113 4923 3280 4976 Deum
3320 4914 3802 4986 inseparabiliter“

2211 5017 2420 5070 animae
2440 5032 2658 5086 gressus
2681 5008 2947 5074 faciendo,
2973 5013 3148 5072 valido
3167 5007 3464 5078 potentiae,
3481 5005 3622 5075 quod
3654 5005 3804 5060 dete-

2213 5109 2324 5164 rius
2355 5117 2438 5164 est
2471 5117 2524 5162 et
2547 5107 2686 5176 quod
2715 5121 2818 5158 nmt
2851 5115 2954 5164 est,
2973 5119 3082 5172 pro
3112 5101 3316 5156 meliori
3337 5097 3522 5152 volens
3551 5093 3798 5150 mutavit.

2285 5199 2390 5254 ilus
2443 5208 2656 5262 autem,
2713 5213 2848 5266 quas
2904 5194 3144 5250 dixeram
3185 5191 3440 5250 rationes,
3503 5187 3618 5257 ipse
3679 5183 3802 5256 qui-

2213 5291 2334 5345 dem
2379 5289 2700 5358 Arcopagita
2760 5297 2980 5340 sanctus
3025 5281 3309 5353 Dionysius
3357 5273 3810 5352 praetlestinatio-

2217 5397 2311 5436 nos
2362 5391 2418 5436 et
2467 5381 2678 5434 divinas
2713 5379 3019 5432 voluntates
3051 5375 3232 5431 vocari
3273 5392 3300 5429 a
3328 5373 3507 5428 divina
3535 5369 3803 5438 scriptura

2213 5491 2311 5530 nos
2353 5475 2562 5530 edocet.
2612 5473 2982 5544 Similiterque
3027 5481 3082 5526 et
3125 5467 3536 5541 qnisintcirca
3573 5461 3803 5518 Pantae-

2213 5581 2341 5620 num
2389 5566 2566 5646 magni
2611 5565 2907 5620 Clementis
2951 5563 3206 5628 amicum,
3248 5561 3336 5632 qui
3379 5557 3554 5616 factus
3579 5563 3804 5612 estma-

2043 5677 2292 5734 NO'i'Ai‘l.

597 5777 618 5803 ἰ
649 5764 703 5822 ltt
735 5765 942 5822 Graeco
971 5766 1242 5842 ἀδηρίτως,
1273 5767 1324 5822 id
1354 5777 1429 5824 est
1463 5769 1572 5822 sine
1601 5767 1902 5840 oﬂ‘ensionr.
