4198 6250
489 348 624 406 1209

1566 339 1811 399 vuaszo
1847 339 2309 413 AMBlGUORUM
2347 338 2402 395 s.
2441 329 2704 443 nutat.

3607 344 3743 396 ιεὶιυ

485 463 752 535 quoddam
776 460 842 514 atl
867 456 1329 517 confirmationem
1359 471 1422 511 es
1449 455 1947 513 ratiocinationibus
1968 455 2061 510 de-
2085 463 2136 520 Α
2162 465 2310 510 ctum
2345 456 2757 526 providentiam,
2807 463 2860 509 et
2906 453 2970 508 de
3001 451 3270 522 diligendo
3313 452 3558 522 proximo
3597 463 3748 518 sicut

486 570 607 611 mus
633 551 980 622 adjutorium,
1015 551 1180 610 semel
1211 551 1263 606 in
1299 551 1410 605 Deo
1435 549 1864 605 substantialiter
1892 546 2066 604 factos

487 644 754 716 ingratam
775 657 874 712 per
898 641 1227 699 desiderium
1256 640 1534 713 accepisse
1575 641 1906 702 satietatem,
1937 640 2068 694 dum

482 737 660 791 omnis
679 735 901 792 satietas
923 734 1216 792 secundum
1245 749 1399 792 suam
1425 733 1689 789 rationem
1714 739 1771 790 et
1795 733 2069 796 deﬁnitio-

487 839 610 880 nem
653 826 947 880 constituta
991 824 1318 884 desiderium
1351 823 1653 895 extinguat,
1685 832 1743 887 et
1768 823 2070 880 secundum

486 915 620 970 duos
655 915 1017 971 constituatur
1054 913 1263 971 modos.
1309 913 1422 971 Aut
1462 914 1629 980 enim,
1656 927 1798 984 quae
1822 911 2068 982 subjecta

488 1015 634 1070 sunt,
660 1001 825 1062 veluti
866 1021 1030 1075 parva
1059 1005 1512 1063 circumscribens
1538 1004 2070 1062 desiderium-extin-

486 1099 622 1170 guit,
645 1105 737 1152 aut
758 1113 1019 1167 Sperneus
1040 1097 1202 1172 veluti
1230 1097 1405 1168 turpia
1425 1111 1492 1153 ac
1509 1095 1770 1156 deformia
1791 1095 2073 1152 abomina-

491 1199 608 1255 tur;
639 1203 706 1244 ex
734 1188 819 1244 bis
839 1173 1205 1253 satietas'lleri
1230 1189 1532 1245 consuevit.
1557 1187 1700 1246 Deus
1728 1201 1858 1243 vero
1877 1197 2072 1242 natura

489 1281 792 1337 subsistens
829 1279 1071 1338 infinitus
1118 1289 1187 1336 ac
1229 1269 1523 1352 pretiosus,
1567 1280 1860 1336 extendere
1899 1279 2073 1350 magis

492 1363 785 1425 {ruentium
803 1386 862 1426 se
873 1386 970 1441 per
979 1371 1448 1444 participationem
1467 1372 1535 1426 ad
1555 1369 1629 1436 id,
1645 1370 1787 1438 quod
1802 1365 2071 1425 inﬁnitum

489 1472 597 1528 est,
619 1463 946 1524 desiderium
971 1449 1266 1564 cpiisuevit.
1292 1461 1348 1540 Si
1369 1471 1550 1522 autem
1571 1461 1674 1518 hoc
1700 1475 1908 1528 verum,
1933 1460 2076 1517 sicut

494 1564 678 1621 etest,
704 1552 956 1612 nouerat
983 1552 1146 1628 igitur
1171 1553 1288 1622 illa,
1305 1569 1447 1628 quae
1466 1555 1611 1620 dicta
1638 1563 1746 1619 est,
1782 1555 1961 1608 unitas
1989 1568 2076 1608 ra-

497 1644 858 1713 tionabitinm,
895 1660 1036 1718 quae
1070 1645 1380 1706 satietatem
1419 1637 2076 1719 accipiensperseveran-

497 1739 622 1804 tiae,
635 1721 847 1807 quae'in
866 1734 1000 1804 Deo,
1027 1735 1227 1808 partita
1239 1743 1410 1800 est,et
1429 1747 1497 1791 ex
1514 1734 1732 1808 propria
1757 1731 2076 1787 discissione

2164 545 2396 615 seipsam
2425 543 2627 616 ,διώξω
2672 543 3006 605 mandatum,
3049 546 3344 616 prudenter
3374 562 3569 617 corpus
3601 565 3742 606 reci-

2144 638 2274 714 ‘pit,
2318 651 2416 708 per
2465 637 2693 692 virtutes
2729 637 2892 692 etiam
2939 635 3070 691 illud
3119 637 3368 692 famulari
3429 639 3542 696 Deo
3583 643 3749 705 ethctt

2165 739 2227 794 ut
2271 743 2615 795 conservum,
2655 738 2711 784 et
2755 743 2856 800 per
2889 744 3042 785 suum
3089 730 3432 786 medietatem
3486 734 3746 790 facturum
3815 782 3817 784 .

2167 821 2332 877 faciet
2358 835 2756 890 possessumm,
2780 830 2840 876 et
2861 820 2991 876 data
3024 821 3435 878 immortalitate
3475 824 3751 882 insolubili

2166 911 2385 969 vinculo
2443 912 2573 970 illud
2618 913 2724 968 sibi
2778 910 3194 982 coniunctorum
3227 955 3242 981 ,
3293 924 3353 980 ut
3407 919 3550 986 quod
3605 920 3753 975 Dens

2167 1001 2408 1069 animae,
2434 1001 2537 1057 hoc
2564 1002 2746 1057 anima
2776 1003 2990 1073 corpori
3036 1005 3232 1066 llat,.rt
3263 1020 3404 1061 unus
3433 1007 3755 1066 ostendatur

2169 1094 2412 1148 omnium
2473 1091 2718 1160 Creator,
2769 1094 3248 1162 proportionaliter
3302 1111 3401 1165 per
3450 1097 3754 1156 bumanita-é

2173 1193 2280 1240 tem
2328 1185 2511 1240 omnia
2557 1186 2866 1258 ingrediens
2908 1200 3050 1258 quae
3093 1197 3239 1251 sunt,
3282 1189 3419 1243 etin
3451 1205 3614 1243 unum
3658 1205 3755 1246 ve-

2141 1277 2327 1347 ,niant
2348 1279 2526 1333 multo.
2553 1294 2584 1332 a
2605 1292 2666 1333 se
2689 1278 2923 1333 invicem
2947 1280 3244 1333 secundum
3271 1289 3521 1335 naturam
3549 1284 3758 1340 distan-

2175 1369 2249 1424 tia
2291 1371 2446 1424 circa
2509 1385 2670 1424 unam
2744 1370 2978 1425 hominis
3040 1380 3310 1446 naturain,
3366 1373 3466 1427 sibi
3524 1373 3756 1428 invicem

2175 1462 2578 1528 convenientia,
2620 1471 2675 1516 et
2715 1461 2774 1515 fit
2819 1463 2998 1516 omnia
3047 1463 3100 1516 in
3139 1464 3391 1519 omnibus
3437 1465 3550 1534 ipse
3592 1466 3757 1531 Deus,

2178 1556 2360 1612 omnia
2398 1547 2883 1625 comprehenderis,
2914 1564 3000 1635 .et
3037 1571 3202 1610 unttm
3259 1557 3592 1614 substituens
3627 1561 3760 1616 sibi-

2178 1655 2407 1710 met,eo
2453 1645 2598 1716 quod
2647 1646 2852 1700 nullum
2903 1645 3135 1717 amplius
3161 1661 3373 1714 eorum,
3421 1664 3558 1718 quae
3610 1661 3758 1715 sunt,

2178 1733 2380 1786 sinitur
2406 1733 2684 1803 possidere
2714 1743 2944 1800 tnotum,
2973 1744 3029 1788 et
3065 1735 3232 1805 ipsius
3272 1753 3469 1808 expers
3499 1751 3759 1810 praesen.

492 1825 678 1906 nmndi
708 1826 870 1898 hujus
887 1825 1296 1896 generationem
1316 1824 1702 1890 cointroduxit,
1724 1837 1792 1879 ne
1813 1822 2076 1895 optimum
2103 1825 2154 1888 B
2182 1826 2314 1892 tiae,
2337 1838 2435 1895 per
2463 1836 2625 1894 quam
2660 1835 2715 1880 et
2735 1825 2816 1880 Dii
2845 1835 2901 1881 et
2928 1825 3020 1880 lilii
3051 1827 3102 1891 δ,
3128 1838 3182 1882 et
3216 1843 3410 1899 corpus
3441 1841 3496 1885 et
3520 1833 3762 1893 mernbra

494 1914 695 1975 bunum
724 1917 1196 1990 circumscriptum
1243 1915 1507 1976 faciamus
1534 1923 1588 1971 et
1613 1914 1749 1982 vile,
1788 1913 1950 1968 veluti
1987 1927 2077 1968 sa-

495 2022 685 2068 tietate
707 2012 940 2082 quadarn
969 2007 1414 2075 circumlinitum,
1441 2017 1499 2064 et
1536 2007 1819 2064 seditionis
1849 2020 2074 2062 causam

491 2083 692 2162 iactam
720 2103 847 2172 illis,
878 2094 1111 2178 Quorum
1135 2101 1463 2159 desiderium
1489 2100 1564 2167 id,
1596 2099 1740 2171 quod
1771 2098 2076 2156 incommu-

495 2196 657 2253 tabile
685 2205 789 2262 est,
824 2205 1006 2252 tenere
1035 2207 1142 2249 non
1166 2191 1363 2265 potuit.
1393 2191 1555 2246 Etne
1589 2191 1882 2270 vanitatem
1913 2189 2078 2246 mem

495 2290 718 2363 quidam
764 2289 830 2344 de
872 2295 1056 2345 cetero
1099 2285 1324 2349 adorent
1375 2295 1425 2350 ι,
1461 2292 1522 2339 ut
1565 2283 1972 2346 mihividetur,
2012 2295 2078 2335 ea

492 2395 634 2451 quae
649 2395 757 2435 non
783 2387 910 2436 sunt
928 2379 1210 2450 tingentes,
1234 2382 1312 2441 et,
1341 2374 1486 2446 quod
1505 2387 1572 2433 eo
1596 2371 1835 2443 gravius,
1862 2370 2080 2425 beatum

495 2473 640 2526 hunc
667 2469 906 2534 Patrem,
933 2465 1100 2522 veluti
1140 2465 1270 2522 talia
1296 2463 1618 2541 sapientem,
1656 2461 2080 2522 calumniantur,

497 2563 554 2618 in
582 2576 691 2632 quo
721 2575 831 2616 non
852 2558 1027 2614 solum
1051 2571 1112 2614 se
1129 2571 1198 2614 es
1221 2555 1392 2629 priori
1421 2555 1603 2625 specie
1633 2553 1770 2610 vitae
1789 2550 2002 2610 animas
2023 2552 2082 2607 in

495 2665 725 2723 corpora
758 2651 945 2708 venire
972 2648 1026 2708 in
1063 2647 1321 2704 ultionem
1346 2645 1558 2712 earum,
1585 2659 1726 2716 quae
1748 2649 1877 2716 ante
1891 2656 2084 2723 perpe-

499 2753 639 2800 trata
666 2750 816 2804 sunt.
847 2740 1111 2798 malorum
1141 2737 1384 2796 dicentes
1411 2744 1807 2806 consequenter
1833 2742 2082 2806 possunt,

497 2834 595 2905 sed
606 2844 661 2888 et
677 2831 812 2887 alios
825 2831 1085 2888 seducere
1100 2827 1178 2886 sic
1194 2826 1414 2894 habere,
1429 2825 1819 2882 rationabiliter
1837 2821 2086 2883 certando

496 2939 597 2999 per
612 2937 965 2996 personarum
987 2919 1333 2992 probitatem,
1355 2929 1528 2989 neque
1548 2919 1685 2973 bene
1705 2930 1881 2986 neque
1895 2922 2083 2970 sancte

428 3075 437 3081 _
499 3025 748 3091 agentes,
769 3014 863 3069 sed
881 3012 1026 3078 illos,
1049 3011 1241 3082 quisic
1263 3010 1480 3078 habent,
1505 3008 1707 3064 habere
1726 3006 2083 3070 dimittentes,

500 3123 604 3170 nos
629 3107 733 3180 ipsi
759 3107 850 3179 pie
871 3103 1204 3161 intellectum
1226 3101 1474 3175 magistri
1497 3106 1620 3157 cum
1649 3100 1758 3167 his,
1780 3112 1921 3171 quae
1939 3097 2084 3155 dicta

499 3209 652 3268 sunt,
687 3201 851 3256 etiam
877 3212 974 3272 per
998 3196 1166 3252 alium
1187 3194 1672 3267 contemplabimur
1698 3193 1938 3248 modum.

562 3289 691 3365 lion
720 3290 960 3346 arbitror
1004 3289 1171 3364 igitur
1220 3287 1490 3344 humanae
1535 3300 1661 3341 eum
1713 3282 2085 3357 generationis

502 3381 614 3449 hic,
649 3380 746 3438 sed
772 3381 1046 3454 ingenitae
1088 3379 1141 3436 ei
1185 3378 1440 3437 miseriae
1485 3393 1709 3442 causam
1738 3391 1966 3432 narrare
1994 3391 2089 3432 vo-

491 3472 687 3530 luisse.
729 3471 946 3544 Lugeus
971 3469 1118 3527 enim
1160 3467 1406 3540 corporis
1451 3464 1649 3524 nostri
1673 3465 1962 3523 miseriam
1991 3479 2090 3537 per

502 3565 626 3621 hoc.
656 3563 948 3620 dicendo:
1007 3559 1054 3617 ο
1111 3559 1530 3633 conjunctiouem
1588 3569 1638 3613 et
1682 3548 2088 3629 separationem,

503 3674 684 3731 quam,
719 3657 850 3712 dum
891 3653 1069 3722 timeo,
1113 3654 1521 3726 circumsequor,
1551 3662 1598 3707 et
1621 3652 1762 3724 quod
1786 3666 1907 3705 amo
1936 3650 2088 3719 dedi,

504 3762 562 3812 et
590 3752 820 3826 reliqua,
873 3759 930 3808 et
979 3749 1146 3806 veluti
1172 3751 1315 3820 apud
1369 3748 1722 3821 semetipsum
1772 3746 2086 3802 deliberans
2143 3739 2148 3748 ’

506 3844 574 3903 de
615 3858 778 3900 causa
812 3858 1025 3909 eorum,
1061 3842 1258 3914 quibus
1304 3842 1747 3904 dehonestamur.
1799 3838 2088 3906 malorum,

503 3949 572 3996 et,
614 3947 803 3996 contra
847 3953 970 3994 eam
1025 3935 1424 4012 sapientissime
1475 3933 1762 4005 prudentia
1811 3931 2094 4005 disputans

503 4045 606 4103 per
634 4031 736 4087 hoc
783 4031 926 4102 Quod
967 4028 1135 4085 dicit:
1202 4026 1352 4097 Quae
1403 4042 1526 4104 erga
1565 4042 1648 4080 me
1704 4023 1987 4098 sapientia,
2043 4033 2094 4078 et

507 4119 674 4198 quod'
712 4137 960 4193 magnum
1035 4118 1382 4191 mysterium?
1465 4119 1715 4183 addidit,
1768 4116 2094 4173 solutionem

508 4214 668 4286 plane
697 4210 926 4276 faciens,
977 4210 1058 4266 sic
1088 4227 1103 4265 :
1134 4211 1217 4263 An
1264 4210 1375 4263 vult
1415 4213 1616 4278 partem
1650 4223 1742 4260 nos
1765 4223 1876 4261 esse
1903 4206 2021 4271 Dei,
2046 4214 2096 4260 et

509 4305 783 4361 desursum
819 4302 1056 4374 ﬂuentes,
1113 4312 1169 4355 ut
1222 4304 1329 4356 non
1370 4315 1464 4370 per
1505 4299 1816 4370 dignitatem
1853 4297 2098 4363 excitati,

509 4410 555 4451 et
582 4396 828 4449 caelestia
868 4390 1306 4462 contemplantes;
1337 4389 1688 4460 despiciemus
1717 4387 2017 4443 Creatorem
2039 4388 2096 4442 in

478 4511 482 4514 ·
512 4489 792 4544 luctatione
813 4504 876 4541 ac
895 4501 1096 4560 pugna.
1125 4501 1260 4557 quae
1282 4493 1464 4537 contra
1484 4483 1672 4556 corpus
1696 4493 1793 4548 est,
1825 4485 1894 4533 ad
1920 4481 2093 4551 ipsum

443 4567 446 4569 i
510 4581 710 4659 semper
729 4579 1111 4656 aspiciendam,
1141 4590 1188 4635 et
1215 4578 1548 4650 conjunctant
1590 4576 1950 4648 inﬁrmitatem
1998 4594 2099 4630 nu-

437 4747 441 4750 ,
511 4681 757 4736 trituram
777 4694 886 4733 esse
925 4676 1214 4747 dignitatis.
1255 4677 1339 4729 Ac
1365 4673 1412 4729 si
1458 4673 1539 4730 sic
1569 4673 1768 4728 diceret
1800 4672 2098 4742 :quoniam

512 4770 731 4843 quidem
755 4784 821 4824 ex
851 4765 1032 4823 anima
1077 4774 1133 4821 et
1156 4778 1394 4843 corpore
1425 4779 1520 4835 per
1565 4763 1862 4819 bonitatem
1907 4779 1940 4816 a
1987 4763 2098 4818 Deo

466 4852 473 4859 ’
514 4864 692 4923 factus
743 4872 832 4918 est
882 4864 1066 4926 homo,
1113 4861 1192 4928 in,
1219 4862 1322 4916 boc
1377 4857 1744 4922 meditabitur,
1802 4857 1945 4926 quod
1992 4855 2096 4911 sibi

517 4958 798 5016 rationalis
835 4966 892 5012 et
935 4953 1316 5011 intellectualis
1362 4954 1487 5007 data
1542 4937 1637 5006 siti
1665 4952 1869 5015 anima,
1898 4951 2098 5022 quippe

443 5036 450 5041 5
516 5051 815 5108 secundum
851 5047 1140 5120 imaginem
1171 5045 1418 5101 facientis
1444 5060 1564 5100 eam
1604 5044 1920 5108 substituta,
1954 5059 2095 5114 quae

519 5157 615 5215 per
640 5139 968 5196 desiderium
1022 5138 1283 5209 quidem,
1345 5148 1402 5192 et
1445 5152 1516 5193 ex
1562 5145 1670 5192 tota
1724 5137 1926 5191 virtute
1973 5135 2098 5190 uni-

520 5227 782 5290 tersaletn
823 5232 1109 5287 caritatem
1157 5228 1386 5284 ﬁrmiter
1424 5229 1593 5283 Deum
1625 5227 1932 5299 cognitione
1972 5242 2099 5296 pos-

519 5327 696 5390 Sidet,
746 5334 803 5380 et
881 5324 1176 5379 secundum
1240 5320 1650 5378 similitudinem
1705 5321 2103 5374 dedicationem

440 5496 446 5503 ι
520 5424 789 5494 accipiet.
845 5424 1142 5478 secundum
1186 5433 1314 5474 vero
1362 5415 1751 5488 disciplinalem
1802 5415 1872 5472 ad
1921 5414 2104 5488 subje-

2179 1923 2234 1970 et
2258 1929 2386 1983 pars
2409 1915 2502 1970 Dei
2525 1926 2580 1969 et
2605 1916 2796 1970 horum
2826 1915 3020 1970 similia
3050 1927 3104 1970 et
3132 1933 3317 1974 sumus
3345 1931 3400 1974 et
3424 1922 3654 1980 dicimur
3675 1940 3758 1986 ea,

2179 2018 2322 2082 quae
2355 2006 2424 2058 ad
2451 2005 2611 2059 linem
2647 2013 2751 2070 est,
2792 2005 3055 2062 relatione
3102 2009 3316 2064 divinae
3360 2013 3763 2085 speculationis.

2251 2093 2518 2161 Quoniam
2554 2093 2720 2164 igitur
2745 2105 2801 2149 et
2831 2097 2936 2152 hoc
2960 2109 3014 2152 et
3044 2098 3100 2154 in
3135 2100 3238 2155 hoc
3273 2103 3434 2158 homo
3463 2104 3638 2161 factus
3661 2121 3763 2172 est,

2180 2183 2235 2239 in
2261 2185 2441 2256 primo
2467 2201 2596 2242 vero
2619 2197 2774 2258 patre
2810 2202 2896 2254 eo,
2950 2192 3093 2260 quod
3134 2203 3383 2262 paratum
3431 2208 3515 2251 est
3559 2202 3627 2255 ad.
3673 2181 3769 2268 po-

2183 2278 2427 2342 tentiam,
2456 2278 2658 2358 abusus
2693 2290 2780 2333 est
2821 2280 2890 2334 ad
2933 2282 3152 2346 malum,
3207 2274 3542 2348 transferens
3582 2304 3649 2345 ex
3678 2306 3768 2358 eo,

2143 2363 2148 2368 ’
2182 2369 2326 2444 quod
2370 2357 2694 2426 concessum
2732 2379 2838 2436 est,
2873 2373 2944 2427 ad
2993 2374 3067 2439 id,
3087 2420 3095 2440 ,.
3113 2377 3255 2448 quod
3298 2379 3631 2449 prohibitum
3660 2357 3770 2448 est,

2182 2455 2510 2538 desiderium
2536 2490 2608 2500 —
2633 2462 2833 2516 etenim
2861 2472 2982 2520 erat
3011 2480 3110 2535 per
3135 2481 3196 2520 se
3234 2469 3528 2538 potens,‘et
3572 2470 3773 2530 adhae—

2143 2631 2148 2633 _
2183 2563 2308 2604 rere
2341 2549 2594 2614 Domino,
2633 2559 2690 2606 et
2733 2550 2786 2606 in
2825 2552 3078 2626 spiritum
3132 2554 3280 2626 fieri;
3322 2560 3623 2618 adhaerere
3653 2577 3774 2622 me-

2185 2642 2391 2707 retrici,
2420 2643 2558 2697 etin
2585 2657 2786 2718 corpus
2813 2644 2932 2701 fieri
2965 2649 3218 2705 seductus
3262 2651 3444 2724 elegit,
3492 2663 3549 2708 et
3590 2653 3773 2710 divina

2184 2741 2242 2790 et
2294 2734 2452 2790 beata
2504 2734 2716 2791 visione
2780 2737 2968 2794 volens
3023 2739 3264 2812 seipsutn
3331 2743 3586 2816 expulit,
3649 2746 3772 2812 sic,

2183 2824 2314 2880 dum
2347 2836 2496 2883 esset
2528 2827 2672 2882 Deus
2710 2829 2910 2900 gratia,
2956 2838 3102 2886 terra
3141 2831 3262 2890 ﬁeri
3301 2847 3400 2904 per
3430 2835 3777 2903 uoluntatem

2186 2919 2990 2997 praehonorans—sapienter
3034 2923 3201 2984 simul
3247 2933 3304 2981 et
3347 2927 3779 2985 misericorditer

2188 3018 2244 3066 et
2287 3025 2420 3065 suae
2462 3013 2848 3068 convenienter
2898 3015 3124 3071 bonitati
3175 3025 3395 3072 nostrae
3438 3018 3630 3074 salutis
3659 3020 3778 3079 dis-

2191 3112 2450 3178 pensator
2473 3100 2641 3170 Deus,
2667 3103 3030 3160 irrationabill
3069 3107 3240 3163 motui
3265 3108 3646 3164 intellectualis
3671 3111 3782 3165 vir-

2111 3183 2158 3247 C
2192 3199 2347 3260 tutts,
2366 3209 2506 3266 quae
2533 3194 2588 3249 in
2617 3194 2777 3252 nobis
2796 3205 2902 3262 est,
2930 3209 3351 3268 consequentetn
3383 3201 3780 3270 opportuneaf-
3873 3235 3875 3238 -

2190 3282 2311 3338 ﬁxit
2341 3282 2656 3352 vindictam,
2685 3285 2816 3341 illud
2843 3287 3015 3357 ipsum
3045 3287 3293 3345 fortassis
3333 3289 3489 3359 juxta
3516 3294 3779 3362 rationem

2187 3378 2423 3449 puniens
2448 3387 2645 3443 morte,
2673 3393 2772 3449 pro
2801 3394 2910 3450 quo
2934 3380 3230 3436 secundum
3271 3384 3511 3439 animum
3543 3385 3642 3440 soli
3671 3385 3784 3441 Deo

2191 3467 2431 3525 debitam
2482 3470 2730 3547 caritatis
2798 3469 3129 3540 proiecimus
3178 3473 3477 3539 virtutem,
3534 3485 3594 3530 ut
3648 3455 3784 3536 nihil

2191 3570 2474 3626 amantes,
2507 3575 2607 3632 per
2653 3562 2965 3634 passionem
3019 3563 3342 3637 quandoque
3395 3563 3782 3635 poenitentiam

2193 3662 2447 3723 agentes,
2496 3654 2566 3707 ad
2593 3653 2669 3716 id,
2716 3654 2994 3726 quodest,
3043 3654 3241 3711 iterum
3271 3661 3498 3713 eandem
3522 3664 3785 3718 reducere

2193 3745 2532 3801 disceremus
2560 3745 2846 3802 virtutem.
2888 3746 3042 3822 Quod
3086 3748 3303 3821 quidem
3331 3753 3633 3822 procedens
3663 3769 3784 3808 ma-

2194 3835 2448 3892 nifestius
2492 3835 2624 3892 facit
2665 3838 2854 3894 dicens
2900 3837 3056 3896 :Setl
3105 3831 3236 3895 mihi
3285 3843 3496 3914 quidem
3551 3863 3646 3916 per
3683 3847 3784 3904 hoc

2194 3930 2399 3984 videtur
2421 3929 2555 3984 nihil
2581 3931 2667 3985 hic
2689 3931 2942 3986 bonorum
2969 3949 3081 3988 esse
3103 3933 3263 4003 ﬁdele
3289 3938 3587 3992 hominibus
3617 3956 3782 4012 neque

2194 4022 2613 4095 longaevitatens,
2637 4035 2694 4083 at
2738 4024 2785 4079 si
2823 4027 2950 4100 quid
2989 4028 3162 4095 aliud,
3204 4039 3252 4085 et
3285 4032 3382 4085 hoc
3433 4033 3559 4088 bene
3588 4034 3782 4104 ιη·ιίμὶ

2195 4115 2366 4179 verba,
2393 4125 2441 4168 et
2481 4131 2685 4170 omnem
2730 4118 3048 4173 intellectum
3085 4134 3364 4190 superante
3388 4125 3646 4194 sapientia
3672 4144 3804 4180 nia--

2195 4204 2463 4258 chinatum
2493 4215 2590 4271 est,
2620 4205 2916 4261 deludendo
2941 4225 3035 4262 nos
3081 4211 3388 4279 visibilibus,
3434 4216 3490 4268 in
3537 4216 3788 4287 aliudque

2197 4296 2354 4352 aliter
2378 4303 2742 4353 transmutatis
2784 4308 2833 4354 et
2879 4304 3353 4358 transmutantibus
3375 4345 3391 4369 ,
3421 4316 3470 4360 et
3501 4324 3709 4363 sursum
3738 4321 3788 4364 et

2196 4391 2440 4446 deorsum
2457 4390 2765 4462 ferentibus,
2791 4403 2837 4449 et
2859 4395 3220 4457 titubantibus,
3247 4407 3292 4449 et
3317 4400 3625 4468 priusquam
3647 4418 3790 4455 com-

2198 4491 2589 4562 prehendantur
2613 4501 2922 4556 abeuntibus
2949 4510 2996 4556 et
3025 4500 3347 4576 fugiuatibus
3369 4545 3384 4569 ,
3419 4514 3472 4558 ut
3518 4506 3570 4559 in
3599 4506 3680 4558 liis
3708 4507 3788 4558 in-

2204 4589 2391 4646 stabile
2410 4599 2458 4643 et
2484 4592 2785 4645 anomalum
2810 4592 3238 4663 contemplantes,
3261 4596 3332 4649 ad
3353 4596 3590 4664 futurum
3616 4607 3790 4651 trans-

2203 4695 2406 4736 eamus.
2459 4677 2600 4746 Quid
2625 4681 2763 4735 enim
2787 4681 3077 4752 faceremus
3101 4685 3156 4738 in
3183 4676 3471 4755 praesenti,
3488 4687 3615 4743 dum
3641 4687 3794 4741 nobis

2204 4762 2273 4827 a'd
2303 4769 2430 4825 bene
2457 4771 2714 4842 agendum
2745 4787 2847 4825 non
2867 4784 3198 4843 permaneat,
3222 4785 3424 4830 tantum
3459 4777 3510 4830 ei
3545 4777 3786 4834 attribui-

2178 4938 2179 4941 η
2204 4883 2344 4931 mus,
2369 4876 2418 4921 et
2461 4867 2537 4924 sic
2563 4883 2681 4920 .nos
2721 4881 2844 4936 erga
2877 4868 3048 4938 ipsum
3091 4869 3364 4926 delectatio
3389 4879 3435 4924 et
3464 4887 3612 4924 error
3635 4873 3803 4938 habet

2205 4957 2437 5014 servituti
2465 4956 2769 5026 subjiciens,
2797 4959 2872 5012 ita
2893 4968 2948 5011 ut
2975 4960 3105 5011 nihil
3135 4961 3321 5015 melius
3347 4979 3507 5032 neque
3531 4964 3792 5019 excelsius

2202 5049 2560 5121 praesentibus
2582 5048 2871 5117 intelligere
2909 5049 3192 5116 valeamus,
3221 5064 3268 5106 et
3295 5055 3338 5106 si
3365 5055 3492 5109 haec
3518 5057 3795 5113 audiente:-

2205 5150 2253 5194 et
2282 5140 2548 5194 credentes
2571 5141 2857 5195 secundum
2881 5142 3160 5212 imaginem
3189 5145 3283 5198 Dei
3315 5163 3406 5200 nos
3435 5148 3603 5215 [actos
3628 5149 3798 5215 fuisse
3841 5147 3845 5151 ’

2207 5248 2417 5287 sursum
2471 5233 2819 5287 attendentem
2872 5244 2920 5287 et
2985 5235 3054 5288 ad
3099 5235 3322 5306 seipsam
3369 5239 3678 5291 Ira/tentem.
3725 5240 3797 5293 Et

2212 5326 2408 5380 lterum
2460 5326 2512 5378 in
2548 5339 2802 5380 sermone
2843 5325 2910 5378 ad
2940 5327 3143 5382 urbane
3170 5329 3432 5390 virentes.
3463 5332 3647 5386 ilic-ens
3676 5347 3691 5384 :
3724 5331 3797 5386 Ut'

2209 5417 2464 5483 sciamus,
2491 5417 2644 5474 nihil
2670 5434 2764 5472 nos
2789 5434 2902 5476 esse
2939 5419 3010 5474 ad
3053 5437 3224 5476 ueram
3271 5423 3579 5492 sementium
3608 5436 3659 5477 et
3686 5427 3811 5496 pri:

2055 5528 2234 5586 ΝΟΤΑ
2245 5530 2307 5593 Ε.

1310 5647 1486 5704 λοιπόν
1521 5665 1665 5708 fmg-
1685 5643 1880 5712 ταύῖην
1912 5643 2097 5712 burni-

596 5670 622 5699 ι
662 5656 719 5711 In
743 5655 956 5710 Graeco
980 5652 1077 5706 Καὶ
1310 5650 1486 5704 λοιπὸν
1521 5650 1880 5712 fasc-ruinas
1918 5650 2097 5698 lieent-

596 5750 716 5784 υσιν.
753 5725 896 5785 attod
923 5723 1235 5777 vertendum
1257 5727 1374 5777 erat
1403 5718 1467 5771 Et
1515 5717 1713 5785 {rustra
1755 5729 1870 5783 eam
1909 5711 2108 5785 ιιιιιίιιιν·

525 5733 716 5796 (sueta.
753 5725 896 5797 quod
923 5717 1235 5797 vertendum
1257 5718 1467 5797 eratrEt
1515 5717 1713 5786 {rustra
1755 5729 1870 5783 eam

533 5792 664 5872 ient}
688 5792 926 5854 deinceps
951 5792 1282 5860 praedicant,
1317 5796 1430 5842 cet.
1683 5808 1685 5810 ·

2283 5639 2311 5680 δ
2367 5639 2573 5717 Deliae
2597 5654 2683 5717 ι·εὴ
2700 5639 2809 5717 egit
2844 5638 3111 5696 Maximus
3135 5644 3189 5717 in
3219 5643 3502 5717 l’rooemio
3531 5653 3596 5701 sti
3629 5661 3808 5717 quae:

2211 5710 2418 5765 stiones
2447 5709 2502 5764 in
2540 5709 2599 5764 ὃ.
2649 5708 3016 5778 Scripturatn.
3044 5723 3101 5767 et
3136 5714 3296 5779 alibi;
3323 5716 3499 5773 fusius
3521 5719 3592 5771 ibi
3623 5708 3804 5776 innuit

2209 5790 2576 5871 coacturum,
2599 5779 2743 5851 quod
2787 5781 2874 5836 hic
2904 5780 3052 5837 iecit.
3082 5782 3141 5838 ν.
3185 5783 3434 5842 Pltotium
3469 5790 3534 5843 ad
3577 5791 3636 5844 Ρ.
3669 5790 3803 5848 498-
