4198 6266
436 12 451 19 ”
510 0 1149 35 κτεῗιἸ-ι-ΡΉ-κὶπδαει
1180 18 1269 33 -ι-π,
1298 18 1367 35 υ-
1424 32 1433 35 ν

441 335 577 399 ﬁll

1805 338 2094 396 JOANNlS
2133 336 2329 399 SCOTI

3578 339 3716 399 ηιξ

435 466 602 516 suam,
634 456 725 510 sed
756 455 831 508 ad
867 464 1040 520 ipsum
1065 464 1270 521 seraper
1315 449 1649 505 inrendamus
1677 448 2027 515 solummodo,
2058 469 2102 523 Α
2134 460 2209 503 est
2237 450 2291 502 in
2316 446 2527 503 Christo
2552 489 2565 511 ,
2595 447 2855 502 suscitans
2876 464 2995 516 eam
3020 463 3086 503 ex
3128 436 3351 504 mortuis
3376 489 3391 513 ,
3420 460 3468 504 et
3492 468 3609 506 eum
3637 470 3720 507 se-

434 553 483 596 et
511 558 826 614 quaeramus
853 542 945 614 qui
994 543 1114 597 inde
1158 554 1277 597 sunt
1318 541 1684 612 splendoribus
1721 556 2023 606 coruscare,

376 700 377 703 η
434 633 692 703 siquidem
719 650 812 704 per
850 633 1274 704 inaequalitatem
1306 633 1585 687 visibilium
1611 643 1659 686 et
1685 633 2024 686 titubantium

435 721 728 777 transducit
778 740 872 776 nos
902 724 956 776 in
1003 740 1065 777 ea
1104 739 1237 793 quae
1261 732 1402 776 stant
1451 732 1498 775 et
1551 731 1876 791 permanent.
1908 719 2023 774 Non

433 809 633 883 igitur,
666 821 725 866 ut
773 806 1010 866 arbitror
1030 853 1046 877 ,
1081 812 1279 880 ipsius,
1308 827 1447 881 quae
1476 812 1772 865 secundum
1798 823 2023 879 genera-

370 922 376 933 ·
434 902 638 955 tionem
673 901 1027 955 humanitatis
1048 909 1152 964 est,
1183 916 1379 955 causae
1406 902 1456 953 in
1483 900 1702 962 talibus,
1736 912 1793 952 ut
1818 899 2020 954 dictum

431 1001 537 1056 est,
577 991 836 1062 Magister
881 990 1013 1046 facit
1054 990 1498 1053 tleclarationettt,
1537 989 1634 1045 sed
1685 990 1801 1059 ipse
1847 1006 1962 1059 usq-
1989 1006 2020 1043 e

429 1092 555 1154 post
574 1073 982 1153 generationem
1015 1091 1259 1137 nostram
1295 1092 1559 1153 aggravat
1588 1082 1751 1135 vitam
1792 1080 2023 1135 infelici-

433 1174 561 1251 tatis
587 1184 807 1245 propter
828 1175 1354 1244 praevariCationcm
1382 1214 1396 1236 ,
1442 1172 1893 1242 quemadmodum
1922 1189 2019 1226 eu-

430 1268 631 1324 riosius
660 1279 825 1337 atque
858 1267 1158 1322 studiosius
1185 1266 1398 1319 ditinas
1422 1265 1592 1334 ipsius
1636 1264 1828 1320 literas
1872 1265 2022 1333 cogi-

431 1360 670 1415 tantibus
696 1369 781 1414 est
816 1359 1182 1415 tnanifestum.
1216 1358 1378 1413 Istius
1406 1360 1555 1419 enim
1583 1372 1803 1415 causam
1835 1360 1976 1411 unde
2000 1395 2016 1422 ,

425 1462 481 1508 et
512 1468 608 1522 per
636 1454 797 1522 quid,
829 1462 885 1506 et
927 1468 995 1506 ex
1048 1469 1177 1524 quo,
1217 1462 1274 1506 et
1319 1462 1538 1521 propter
1584 1451 1715 1521 quid
1761 1466 1859 1521 per
1887 1451 2020 1507 haec

429 1545 588 1603 nobis
632 1545 840 1599 addidit
895 1544 1092 1609 verba,
1136 1555 1356 1615 propter
1400 1536 1519 1599 eam
1588 1542 2019 1599 administratam

422 1645 668 1692 nostram
712 1639 993 1707 sapienter
1023 1653 1054 1690 a
1104 1637 1214 1691 Deo
1256 1637 1482 1691 salutem
1506 1635 1838 1702 declarans;
1872 1636 2019 1691 illius

421 1740 574 1789 vero,
599 1725 654 1779 iu
684 1742 791 1794 quo
815 1726 958 1780 facta
985 1738 1068 1781 est
1096 1726 1355 1797 mysterio
1375 1766 1389 1790 ,
1420 1727 1705 1779 insinuans
1734 1726 2014 1791 virtutem,

2124 541 2246 593 dere
2267 539 2464 610 faciens
2494 540 2547 594 in
2575 541 2761 592 dextra
2783 556 2882 596 sua
2909 541 2964 593 in
2984 538 3313 604 caelestibus,
3334 559 3492 612 super
3514 562 3717 602 omnem

2123 629 2471 698 principatum
2494 638 2539 679 et
2558 638 2864 697 potestatem
2885 638 2932 681 et
2956 630 3194 683 virtutem
3221 642 3267 684 et
3286 631 3714 696 dominationem.

2121 730 2169 773 et
2204 736 2354 772 omne
2385 735 2569 772 nomen
2604 720 2932 771 nominatum
2980 736 3084 774 non
3116 721 3293 775 solum.
3320 724 3372 777 in
3400 724 3578 777 seculo
3598 726 3717 791 hoc,

2121 810 2212 864 sed
2231 809 2388 863 etiam
2438 808 2492 863 in
2535 809 2737 878 futuro.
2769 808 2836 862 Et
2875 809 3051 863 omnia
3083 810 3223 863 dedit
3266 812 3361 865 sub
3393 815 3549 881 pedes
3578 816 3717 885 ejus,

2072 922 2085 927 ‘
2121 913 2169 957 et
2199 919 2317 955 eum
2356 900 2498 954 dedit
2530 910 2686 968 caput
2713 916 2875 973 super
2926 902 3109 955 omnia
3135 901 3438 969 Ecclesiae,
3468 922 3604 975 quae
3640 918 3717 960 est

2121 1007 2311 1062 corpus
2336 992 2448 1061 ejus
2471 1003 2520 1044 et
2552 991 2824 1060 plenitudo
2853 989 2987 1061 ejus,
3036 994 3214 1047 ontnia
3254 994 3309 1047 in
3354 997 3593 1050 omnibus
3622 998 3721 1052 im-

2119 1086 2328 1156 pleatis.
2357 1086 2420 1141 Et
2442 1095 2562 1155 post
2590 1086 2870 1153 aliquanta
2896 1085 3122 1141 iterum:
3149 1085 3271 1157 Ipse
3293 1087 3431 1142 dedit
3462 1091 3718 1160 quosdam

2118 1179 2327 1248 quidem
2351 1177 2649 1248 Apostolos,
2676 1183 2932 1248 quosdam
2972 1194 3094 1233 vero
3119 1178 3434 1248 Prophetas,
3460 1185 3720 1252 quosdam

2120 1268 2521 1338 Ecangeitstas,
2589 1271 2850 1339 quosdam
2901 1278 3138 1337 pastores
3178 1279 3226 1323 et
3279 1274 3719 1341 magis:ros,ad

2120 1359 2467 1427 cognitionem
2495 1356 2813 1413 Sanctorum
2845 1358 2899 1412 in
2932 1375 3063 1429 opus
3100 1359 3578 1417 administrationis
3602 1404 3639 1429 ,,
3662 1366 3720 1419 in

2120 1447 2540 1517 aediﬁcationem
2603 1451 2839 1518 corporis
2888 1449 3125 1517 Christi,
3164 1451 3332 1508 donec
3380 1470 3721 1509 occurramus

2122 1555 2298 1593 omnes
2347 1540 2403 1594 in
2448 1541 2704 1595 unitatem
2750 1540 2911 1609 fidei,
2941 1551 2990 1596 et
3021 1543 3333 1612 cognitionis
3362 1541 3493 1599 Filii
3521 1544 3636 1609 Dei,
3666 1546 3722 1600 in

2121 1628 2291 1682 riram
2341 1631 2654 1698 perfectura,
2703 1631 2759 1685 in
2806 1647 3107 1686 mensuram
3154 1630 3720 1704 aetatis'plenitudinis

2121 1704 2320 1773 Christi
2343 1733 2363 1771 :
2398 1731 2452 1774 ut
2473 1720 2586 1790 iam
2614 1737 2719 1776 non
2743 1723 2911 1777 simus
2933 1722 3142 1793 parvuli
3166 1715 3507 1793 fluctuantes,
3539 1737 3587 1779 et
3618 1728 3721 1779 cir-

422 1814 594 1869 altero
635 1816 926 1869 verborum
974 1830 1105 1869 usus
1150 1825 1230 1870 est
1263 1817 1455 1880 modo,
1491 1824 1660 1870 totam
1682 1815 1768 1871 sui
1816 1817 1884 1869 de
1913 1817 2016 1870 boc
2047 1828 2093 1888 Β
2122 1810 2484 1880 cumlemmur
2516 1810 2659 1863 omni
2685 1821 2835 1865 vento
2866 1811 3141 1867 doctrinae
3181 1814 3234 1868 in
3284 1815 3517 1886 nequitia
3547 1817 3722 1871 homi-

416 1906 569 1978 piam
596 1906 925 1962 voluntatem
966 1905 1171 1963 faciens
1212 1907 1599 1973 manifestam;
1634 1906 1776 1960 sicut
1820 1906 1874 1960 in
1924 1922 2011 1969 eo,

416 2000 513 2071 qui
558 2011 644 2057 est
671 2002 726 2057 in
750 2003 997 2075 γενέθλιοι,
1029 2000 1081 2056 id
1108 2012 1194 2056 est
1227 2002 1564 2066 nativitates,
1614 2014 1867 2054 sermone
1900 2015 2017 2055 ma-

417 2093 647 2149 nifestat
684 2093 876 2148 dicens
908 2112 923 2147 :
965 2095 1189 2149 Animus
1221 2093 1381 2163 igitur
1395 2093 1516 2163 jam
1544 2100 1594 2145 et
1622 2106 1831 2155 sensus,
1863 2092 1941 2144 sic
1983 2107 2016 2145 a

417 2199 474 2238 se
501 2184 719 2237 invicem
751 2170 965 2237 discreti
986 2184 1215 2255 proliriis
1242 2183 1662 2251 deﬁnitionibus,
1692 2182 1833 2236 intus
1860 2191 2017 2236 stete-

418 2286 576 2343 runt,
625 2285 674 2329 et
729 2276 984 2343 creatoris
1059 2272 1209 2329 Verbi
1256 2274 1676 2345 magnitudinem
1724 2276 1783 2329 in
1829 2273 2015 2344 seipsis

414 2363 678 2437 ferebant,
708 2365 919 2421 silentes
971 2365 1264 2425 laudabant
1314 2366 1763 2437 magnificentiam
1803 2366 2012 2438 magni-

417 2458 532 2512 soci
571 2459 992 2528 praedicatores,
1037 2458 1271 2513 nondum
1318 2474 1439 2513 uero
1476 2469 1591 2514 erat
1636 2459 1898 2534 concretio
1951 2474 2017 2513 ea;

415 2547 683 2621 utrisque,
728 2564 894 2622 neque
937 2550 1196 2621 quaedam
1223 2550 1458 2606 mixtura
1505 2552 1895 2605 contrariorum
1927 2568 2016 2607 sa-

413 2639 646 2708 pientiae
691 2641 910 2712 majoris
953 2652 1001 2697 et
1042 2642 1185 2695 circa
1211 2653 1434 2712 naturas
1456 2645 1656 2698 multae
1677 2642 2015 2715 perfectionis

396 2720 646 2799 indicia,
675 2747 841 2804 neque
882 2748 1060 2788 omnes
1088 2732 1322 2788 thesauri
1348 2733 1598 2790 bonitatis
1637 2738 1853 2806 cogniti.
1897 2735 2016 2792 Hoc

414 2834 592 2877 autem
615 2826 789 2877 uolens
817 2824 1013 2893 artifex
1038 2824 1248 2878 verbum
1277 2817 1570 2892 ostendere;
1598 2827 1799 2880 animal
1827 2844 2012 2895 unum,

412 2930 482 2969 ea:
506 2913 755 2970 invisibili
777 2917 897 2970 dico
928 2925 977 2969 et
1008 2914 1196 2970 visibili
1224 2926 1440 2983 natura,
1465 2917 1731 2974 hominem
1755 2929 1933 2988 creat,
1962 2931 2011 2976 et

411 3022 479 3060 eo:
504 3008 729 3060 materia
763 3007 974 3077 quidem
1014 3008 1272 3077 accipiens
1300 3024 1487 3079 corpus
1517 3009 1639 3079 jam
1668 3021 1790 3065 ante
1823 3013 2013 3067 substi-

412 3106 527 3149 tnta
554 3136 573 3161 ,
614 3114 647 3149 a
690 3098 859 3167 seipse
916 3112 1034 3152 vero
1092 3098 1250 3154 vitam
1302 3100 1558 3172 imponit;
1606 3081 2011 3173 intellectualem

2119 1916 2265 1966 num,
2296 1900 2352 1955 itt
2378 1900 2574 1955 astutia
2619 1900 2688 1955 ad
2717 1912 2884 1957 artem
2914 1903 3110 1957 erroris
3141 1916 3161 1955 :
3185 1905 3399 1959 veridici
3445 1915 3620 1960 autent
3666 1907 3721 1960 in

2117 1991 2359 2056 caritate,
2389 2008 2686 2047 crescamus
2736 1992 2791 2047 in
2816 2009 2934 2047 eum
2963 2011 3056 2065 per
3078 1997 3277 2063 omnia,
3308 1997 3398 2067 qui
3440 2008 3515 2052 est
3564 2009 3721 2069 caput

2117 2079 2380 2148 Christus,
2406 2098 2471 2136 ea:
2498 2099 2601 2155 quo
2626 2099 2778 2138 omne
2806 2100 2997 2154 corpus
3021 2088 3454 2158 compaginatum
3486 2098 3534 2143 et
3559 2079 3732 2143 collo;

2117 2182 2291 2225 catunt
2317 2188 2410 2241 per
2433 2189 2637 2226 onmem
2666 2173 2732 2228 ab
2762 2190 2822 2226 eo
2854 2173 3400 2239 administrationem,
3431 2159 3735 2235 secundum

2123 2268 2493 2335 operationem
2512 2268 2911 2341 unuseujusque
2937 2272 3177 2339 membri,
3203 2272 3580 2330 incrementum
3606 2295 3723 2333 cor-

2115 2357 2261 2428 poris
2296 2356 2425 2427 facit
2448 2358 2501 2412 in
2541 2358 2960 2429 aediﬁcationem
2986 2363 3175 2418 suimet
3199 2364 3253 2419 in
3275 2366 3578 2423 dilectione.

2189 2448 2309 2505 Non
2334 2452 2567 2507 aesrimo
2594 2452 2660 2506 de
2689 2463 2872 2507 cetero
2898 2452 3126 2523 alicujus
3155 2455 3400 2527 indigere
3423 2457 3720 2513 testimonii

2116 2542 2208 2615 pie
2251 2544 2438 2599 vivere
2494 2555 2913 2616 cognoscentem
2962 2547 3032 2602 ad
3082 2546 3581 2604 manifestatioucm
3629 2566 3717 2606 se-

2118 2634 2357 2690 cundum
2388 2636 2732 2692 Christianos
2764 2634 2895 2692 ve're
2922 2637 3167 2694 creditae
3216 2640 3489 2706 veritatis,
3534 2651 3721 2711 aperte

2117 2726 2418 2783 discentem
2454 2742 2551 2798 per
2585 2726 2756 2783 illud:
2789 2727 2929 2793 Quia
2971 2737 3018 2783 et
3063 2729 3294 2783 membra
3343 2741 3391 2783 et
3435 2746 3626 2800 corpus
3667 2741 3716 2784 et

2118 2818 2386 2875 ulenitudo
2413 2835 2595 2874 sumus
2642 2821 2821 2874 omnia
2850 2836 2907 2875 tn
2951 2820 3195 2875 omnibus
3230 2821 3492 2889 impleatis
3520 2822 3719 2877 Christi

2119 2911 2213 2967 Dei
2242 2913 2532 2969 secundum
2560 2923 2682 2967 ante
2727 2915 2904 2968 sec'ala
2932 2914 2985 2967 in
3026 2913 3138 2970 Deo
3163 2923 3214 2969 et
3260 2911 3423 2969 Patre
3458 2915 3720 2996 occultmn

2116 3005 2434 3062 voluntatem
2481 3009 2817 3079 recapitulati
2862 3011 2917 3062 in
2963 3009 3134 3079 ipsum
3179 3025 3272 3080 per
3315 3007 3519 3064 Filium
3561 3027 3719 3072 suum

2117 3115 2164 3160 et
2217 3105 2502 3159 Dominum
2548 3103 2735 3160 Iesum
2801 3103 3068 3159 Christum
3121 3104 3406 3160 Dominum
3457 3114 3717 3161 nostrum.

408 3203 614 3259 quoque
642 3190 877 3271 animum
921 3200 969 3244 et
996 3190 1278 3261 imaginem
1317 3191 1415 3247 Dei
1460 3194 1599 3248 novit
1643 3196 1848 3250 verbum
1872 3238 1888 3264 ,
1910 3216 2009 3253 re-
2037 3196 2083 3259 C
2114 3195 2431 3269 Mysterium
2466 3197 2612 3251 enim
2651 3197 2922 3253 occultum
2963 3205 3137 3252 erata
3182 3198 3382 3254 seculis
3405 3207 3461 3254 et
3490 3214 3521 3253 a
3547 3213 3716 3271 gene-

409 3283 509 3336 luti
544 3268 804 3354 quendam
833 3286 1090 3339 mundum
1112 3290 1422 3354 secundum,
1468 3288 1524 3342 in
1545 3303 1709 3359 porro
1736 3306 2006 3363 magnum,

407 3376 468 3429 in
493 3386 634 3430 terra
672 3377 880 3442 statuit,
906 3379 1151 3449 angelum
1177 3380 1365 3447 alium,
1387 3376 1723 3438 adoratorem
1759 3387 2007 3453 mixtum,

411 3478 467 3521 et
496 3467 722 3538 reliqua.
753 3467 811 3523 ln
835 3483 902 3524 eo
937 3484 1091 3536 vero,
1114 3471 1215 3541 qui
1253 3480 1342 3527 est
1369 3471 1425 3526 in
1467 3480 1630 3546 psi-rat,
1668 3475 1775 3531 hoc
1801 3486 1888 3531 est
1915 3478 2010 3532 ba-

409 3560 962 3630 ptismata,sermone
985 3577 1000 3615 :
1026 3559 1287 3627 Quoniam
1314 3564 1550 3628 sichaec,
1570 3573 1662 3619 aut
1691 3568 1808 3620 hoc.
1839 3567 2021 3636 Oporo-

407 3650 548 3705 tebat
604 3666 724 3705 vero
776 3666 884 3705 non
929 3651 1046 3718 his,
1094 3653 1187 3723 qui
1222 3670 1434 3709 sursum
1475 3664 1627 3719 sunt,
1677 3655 2009 3712 solummodo

407 3744 778 3799 adorationem
804 3745 1190 3812 circumscribi,
1221 3747 1311 3800 sed
1338 3763 1450 3802 esse
1492 3749 1751 3819 quosdam
1775 3759 1823 3804 et
1857 3751 2011 3804 deor-

407 3836 921 3904 sunradoratores,
966 3846 1021 3891 ut
1067 3837 1407 3913 implerentur
1446 3839 1624 3894 omnia
1670 3838 1840 3910 gloria
1872 3841 2007 3909 Dei,

407 3931 660 4004 quoniam
679 3940 729 3985 et
753 3929 881 3999 Dei;
910 3940 963 3985 et
978 3940 1252 4002 propterea
1281 3940 1493 3987 creatur
1517 3934 1672 3987 homo
1698 3950 1861 3989 manu
1892 3935 2008 4000 Dei,

376 4022 788 4093 ’honoriﬁeatus
829 4024 988 4079 etiam
1030 4023 1277 4093 imagine.
1311 4022 1456 4079 Haec
1502 4025 1723 4093 quidem
1763 4024 2010 4082 subicere

408 4118 682 4186 suscipio,
713 4117 818 4171 etsi
861 4133 1028 4187 parva
1055 4118 1429 4182 constituant,
1476 4133 1582 4172 non
1611 4118 1834 4173 omnino
1874 4136 2009 4173 con-

409 4208 647 4264 tentiosa
675 4209 1033 4275 discernenti,
1079 4220 1135 4265 et
1158 4194 1504 4289 solummodo
1533 4225 1775 4282 pugnare
1804 4210 2008 4282 glorio-

405 4316 531 4357 sum
562 4316 670 4357 non
690 4300 957 4371 iudicanti
979 4341 996 4366 ,
1025 4304 1095 4357 ad
1130 4304 1522 4359 ostendendam
1557 4313 1727 4379 totam
1760 4302 2008 4374 Magistri

408 4400 477 4453 de
506 4398 608 4463 bis,
643 4413 786 4470 quae
807 4398 952 4454 dicta
985 4408 1133 4465 sunt,
1171 4398 1612 4470 intelligentiam.
1644 4397 1700 4453 Si
1732 4408 1911 4452 autem
1943 4399 2011 4453 de

406 4493 510 4548 boc
531 4532 549 4558 ,
591 4492 863 4562 quomodo
898 4492 991 4548 Dei
1037 4492 1339 4562 portionem
1367 4491 1621 4561 Magister
1652 4506 1749 4545 nos
1773 4491 2005 4556 vocavit,

2113 3288 2437 3353 rationibus,
2485 3303 2631 3343 nunc
2666 3297 2849 3344 autem
2894 3286 3301 3343 manifestatum
3344 3304 3442 3360 per
3476 3289 3598 3346 Filii
3625 3290 3717 3346 Dei

2113 3395 2299 3435 veram
2344 3390 2400 3435 et
2445 3379 2741 3452 perlectam
2783 3378 3322 3445 inhumanationem,
3352 3380 3445 3450 qui
3489 3380 3592 3436 sibi
3623 3384 3718 3436 ad.

2112 3474 2301 3555 unavit
2317 3474 2613 3530 secundum
2629 3473 2992 3530 substantiam
3013 3473 3447 3544 inseparabiliter
3458 3485 3515 3530 et
3539 3475 3715 3530 incon-

2077 3567 2233 3623 ‘l'use
2274 3575 2518 3623 nostram
2559 3576 2832 3631 naturam,
2883 3574 2939 3620 et
2982 3581 3083 3621 nos
3128 3580 3227 3637 per
3269 3580 3413 3629 eam,
3466 3580 3606 3636 quae
3645 3581 3714 3622 ex

2111 3660 2269 3717 nobis
2311 3671 2367 3717 et
2410 3668 2595 3716 nostra
2637 3668 2745 3726 est,
2792 3656 3235 3715 intellectualiter
3278 3667 3335 3715 et
3375 3659 3716 3715 rationaliter

2110 3755 2406 3807 animatam
2432 3760 2677 3807 sanctam
2713 3767 2869 3807 suam
2898 3766 3142 3817 carnem,
3184 3750 3348 3808 veluti
3389 3768 3484 3824 per
3522 3755 3715 3823 primi-

2112 3847 2216 3900 tias
2244 3844 2460 3900 sibimet
2490 3842 2802 3914 copulavit,
2844 3852 2898 3899 et
2932 3860 3101 3899 unum
3131 3852 3186 3899 et
3222 3845 3453 3916 idipsum
3499 3846 3715 3903 sibimet

2109 3954 2231 3995 esse
2252 3953 2349 4009 per
2368 3951 2525 4005 stram
2552 3938 2944 3993 humanitatem
2974 3938 3226 4010 dignatus
3249 3950 3365 4005 est;
3394 3942 3537 3996 sicut
3558 3922 3713 4011 prae-

2109 4029 2439 4086 destinatum
2465 4038 2552 4083 est
2580 4039 2709 4085 ante
2743 4029 2925 4084 secula
2962 4028 3016 4084 in
3050 4029 3167 4099 ipso
3194 4046 3316 4086 esse
3341 4031 3509 4087 veluti
3542 4048 3708 4090 mem-

2108 4123 2209 4177 bra
2240 4120 2484 4191 corporis
2526 4120 2635 4185 sui,
2670 4121 2723 4175 in
2778 4122 2998 4176 modum
3040 4122 3254 4177 animae
3302 4123 3367 4177 ad
3413 4139 3610 4196 corpus
3657 4128 3712 4181 in

2108 4212 2301 4282 spiritu
2332 4212 2731 4282 compaginarit
2758 4212 2867 4267 sibi
2916 4220 2970 4267 et
2998 4212 3224 4267 contulit
3243 4255 3258 4278 ,
3289 4223 3346 4269 et
3372 4214 3429 4270 in
3456 4232 3711 4274 mensura

2109 4302 2321 4357 induxit
2350 4302 2545 4357 aetatis
2583 4301 2881 4373 spiritualis
2922 4303 3219 4358 secundum
3270 4305 3445 4375 ipsum
3470 4306 3737 4377 plenilun-

2108 4392 2294 4457 dinis:
2330 4393 2570 4447 ostendit
2609 4393 2797 4461 etiam,
2844 4410 2944 4449 nos
2989 4396 3042 4450 in
3092 4397 3198 4451 hoc
3235 4394 3409 4453 factos
3446 4399 3631 4465 fuisse,
3657 4412 3712 4456 et

2109 4492 2236 4538 ante
2265 4482 2445 4538 secula
2480 4498 2608 4554 erga
2647 4499 2746 4540 nos
2788 4486 3046 4556 optimam
3078 4487 3171 4541 Dei
3207 4488 3561 4556 voluntatem,
3603 4508 3709 4547 non

410 4559 745 4655 repugnatur
766 4622 784 4648 ,
825 4559 1200 4652 multipliciter
1230 4559 1603 4653 quidem'jam
1650 4581 1901 4651 superius
1935 4582 2006 4637 de
2037 4559 2085 4619 Ῑ)
2112 4578 2483 4648 accipiendam
2513 4564 2610 4646 per
2637 4577 2873 4649 aliquam
2900 4581 3216 4646 novitatem,
3244 4583 3552 4655 secundum
3580 4570 3725 4655 pro?

406 4674 514 4731 boc
538 4673 749 4737 reddita
776 4681 863 4728 est
894 4667 1052 4727 ra‘tio.
1082 4671 1154 4727 Ut
1178 4681 1361 4727 autem
1394 4670 1605 4726 ﬁdelior
1626 4669 1721 4725 ﬁat
1745 4671 2005 4742 spiritua-

408 4764 552 4822 libus
573 4765 906 4821 cotttendens
935 4763 1135 4828 verbis,
1166 4772 1388 4818 sanctus
1416 4773 1472 4819 et
1498 4764 1691 4819 beatus
1714 4756 2006 4834 Apostolu's

407 4856 609 4915 Paulus
631 4856 900 4912 occultam
927 4856 981 4911 in
1010 4856 1121 4911 Deo
1151 4864 1277 4911 ante
1321 4854 1506 4910 secula
1536 4854 1765 4911 laudans
1792 4856 2006 4925 sapien-

407 4950 577 5015 tiam,
608 4960 664 5005 et
705 4963 920 5005 omnem
953 4949 1292 5004 tenebrosam
1321 4945 1614 5002 humanam
1662 4948 1827 5002 vitam
1883 4946 2004 5000 illu-

407 5042 647 5107 minans,
675 5049 731 5096 et
759 5039 1103 5113 ignorantiae
1126 5039 1415 5111 caliginem
1444 5039 1733 5094 animabus
1755 5039 2003 5110 abigens,

407 5136 479 5189 de
508 5134 613 5190 boc
657 5129 923 5189 satisfacit
949 5130 1223 5204 Ephesiis,
1266 5131 1454 5185 dicens
1510 5129 1645 5185 haec
1686 5148 1711 5184 :t
1748 5128 1816 5184 Ut
1860 5129 2004 5184 Deus

406 5226 626 5282 Domini
651 5225 816 5280 nostri
841 5224 969 5279 Jesu
1012 5220 1247 5286 Christi,
1301 5221 1462 5275 Pater
1490 5221 1715 5291 gloriae,
1746 5222 1832 5275 det
1861 5221 2004 5275 vobis

408 5318 654 5389 spiritum
680 5317 970 5389 sapientiae
995 5325 1044 5370 et
1073 5316 1427 5378 rerelationis,
1452 5317 1502 5367 in
1530 5314 1826 5384 cognitione
1844 5313 1961 5385 ejus
1984 5329 2003 5368 :

413 5411 738 5466 illaminatos
765 5408 945 5465 oculos
986 5408 1160 5462 cordis
1188 5407 1375 5472 rastri,
1429 5414 1484 5461 ut
1513 5407 1695 5460 st'iatis
1734 5422 1843 5469 ros,
1869 5422 2005 5477 quae

407 5515 477 5565 stt
505 5520 620 5574 spes
640 5502 927 5558 vocationis
953 5501 1095 5571 ejus,
1120 5510 1168 5554 et
1195 5517 1329 5571 quae
1359 5500 1576 5554 divitiae
1595 5498 1794 5569 gloriae
1822 5501 2006 5551 tmere-

408 5594 592 5650 ditatis
646 5593 764 5664 ejus
815 5596 871 5647 in
924 5593 1159 5654 sanctis,
1204 5601 1254 5646 et
1311 5605 1447 5661 quae
1495 5589 1563 5641 sit
1615 5589 2005 5659 supereminens

407 5686 716 5755 magnitudo
752 5686 956 5739 rirtutis
1001 5685 1116 5754 ejus
1158 5683 1210 5736 in
1244 5700 1358 5748 nos,
1407 5682 1673 5733 credentes
1711 5680 1998 5737 secundant

412 5782 764 5850 Opt‘mtionem
814 5791 1042 5845 potente
1094 5780 1297 5833 rirtutis
1338 5774 1487 5847 ejus,
1548 5790 1703 5844 quant
1753 5782 1999 5843 operatus

2107 4669 2281 4740 priam
2339 4683 2470 4723 vero
2525 4668 2833 4737 rationem,
2884 4668 2951 4725 in'
2987 4670 3377 4741 plenitudinem
3426 4676 3574 4731 venit
3614 4693 3711 4748 per

2110 4759 2275 4814 alium
2323 4757 2566 4829 proiecto
2619 4760 2987 4816 introductum
3038 4760 3424 4821 mirabiliorem
3465 4766 3704 4822 modum.

2108 4849 2407 4921 Oportebat
2436 4851 2584 4905 enim
2613 4850 2787 4905 Deum
2830 4852 3067 4921 quidem,
3109 4852 3330 4909 sibimet
3366 4852 3572 4911 similes
3610 4875 3707 4914 nos

2107 4940 2400 5007 iacientem
2430 4983 2442 5003 ,
2500 4930 2762 4997 habentes
2802 4944 3060 4999 bonitatis
3107 4944 3277 5014 ipsius
3314 4932 3710 5018 participaliter

2108 5044 2266 5086 acuta
2296 5031 2547 5103 insignia,
2578 5043 2633 5085 et
2664 5032 2718 5086 in
2746 5048 2806 5088 se
2830 5048 2952 5088 esse
2972 5044 3098 5087 ante
3122 5034 3305 5091 secula
3333 5037 3624 5103 videntem,
3650 5051 3706 5094 ct

2105 5125 2160 5180 in
2191 5127 2335 5180 hunc
2369 5126 2589 5181 οιιιιιὶιιο
2621 5126 2994 5182 beatissimum
3035 5132 3196 5184 linem
3242 5131 3549 5198 ducentem,
3592 5148 3706 5203 mo-

2108 5217 2236 5272 dum
2273 5218 2431 5273 nobis
2477 5233 2574 5289 per
2612 5218 2814 5271 bonum
2868 5235 3024 5274 usum
3080 5221 3417 5278 naturalibus
3450 5225 3708 5293 potentiis

2107 5309 2465 5379 largientem,
2511 5309 2731 5363 homine
2778 5326 2909 5364 vero
2930 5310 3253 5384 .voluntarie
3298 5313 3441 5368 hunc
3487 5315 3703 5370 modum

2106 5400 2411 5472 expellente
2449 5413 2547 5470 per
2583 5400 2899 5463 abusionem
2948 5403 3285 5460 naturalibus
3322 5407 3603 5475 potentiis,
3647 5415 3706 5460 ut

2106 5512 2213 5551 non
2258 5495 2413 5567 longe
2461 5511 2493 5548 a
2541 5492 2652 5548 Deo
2691 5493 2845 5549 ﬁeret
2893 5496 3245 5567 peregrinaris
3298 5498 3480 5565 homo,
3538 5499 3703 5554 alium

2106 5587 2451 5643 introducere
2483 5586 2648 5656 priori
2681 5584 3063 5641 mirabiliorem
3082 5595 3137 5642 et
3158 5587 3495 5651 divinioretn,
3528 5603 3698 5659 (pian-

2107 5689 2221 5735 tum
2265 5695 2354 5742 eo,
2395 5679 2539 5749 quod
2581 5689 2665 5732 cst
2703 5678 3000 5733 secundum
3033 5686 3305 5746 naturam,
3348 5681 3493 5750 quod
3543 5696 3705 5759 super

2106 5784 2352 5826 naturain
2379 5782 2455 5827 est
2489 5770 2755 5838 superius.
2812 5769 2874 5823 iit
2919 5771 3019 5826 ltoc
3053 5779 3140 5826 est
3179 5772 3580 5828 secretissimae
3610 5769 3697 5824 De:
