4198 6246
428 300 568 364 1213

1449 293 1697 356 VERSlO
1728 293 2196 354 AHBIGUORUM
2235 297 2296 356 S.
2334 296 2602 358 MAXIM.

3546 299 3688 365 ηις

421 415 494 472 ad
527 411 773 472 homines
817 405 1286 484 peregrinationis,
1325 411 1587 481 quantum
1613 420 1804 462 omnes
1829 403 2012 460 credi-
2033 415 2082 476 Α
2107 406 2319 479 species
2345 417 2472 464 ante
2497 419 2698 478 corpus
2720 414 2806 465 est
2830 406 3033 473 anima,
3066 413 3158 462 aut
3193 420 3392 478 corpus
3411 423 3428 476 ;
3448 408 3688 482 speciem

425 519 568 566 mus,
604 497 952 574 m'ysterium;
980 499 1026 557 si
1059 497 1227 566 enim,
1255 497 1431 568 inquit
1455 495 1670 555 divinus
1697 492 2008 566 Apostolus,

421 595 646 667 primum
685 599 1047 646 testamentum
1093 584 1323 643 maneret
1363 585 1855 649 incontaminatum,
1904 599 2011 640 non

417 691 761 759 quaereretur
803 681 1018 738 “curuli
1063 678 1232 737 locus.
1301 677 1512 734 Etenim
1557 676 1813 736 omnibus
1855 691 2012 748 prae-

417 777 628 836 clarum
668 783 772 840 est,
817 770 1088 846 quomodo
1127 771 1182 828 in
1229 769 1447 828 Christo
1473 767 1676 830 ﬁctum
1706 768 1759 824 iu
1787 767 1896 822 line
1925 764 2029 822 ser

418 869 526 926 culi
563 866 901 941 mysterium,
945 863 1063 920 sine
1111 861 1280 918 dubio
1315 849 1368 916 in
1412 861 1682 941 principio
1731 859 1896 932 seculi
1949 859 2008 914 in

417 959 596 1029 primo
621 937 898 1028 ‘parente‘
927 937 1424 1025 praevaricationis
1461 962 1544 1007 est
1598 949 1913 1022 approbatio
1952 959 2010 1004 et

416 1046 831 1106 consummatio.
871 1045 1090 1102 Utiliter
1125 1058 1255 1116 ergo
1298 1043 1500 1099 dictum
1545 1052 1632 1098 est
1665 1059 1698 1097 ιι
1751 1041 2006 1113 Hagistro

415 1140 582 1210 partis
635 1152 738 1193 eoa:
787 1133 1106 1206 secundum
1141 1133 1380 1187 redditos
1439 1131 1678 1196 modos;
1725 1138 1782 1184 et
1827 1129 2006 1184 omnis

417 1229 686 1300 ingenuus
713 1234 766 1280 et
820 1216 1060 1293 animam
1095 1231 1152 1277 et
1181 1221 1549 1277 membrorum
1589 1219 1807 1274 modum
1844 1233 2002 1273 acce-

416 1319 555 1390 perit
594 1317 672 1372 sic
711 1302 910 1372 dictam
959 1326 1172 1378 vocem,
1224 1310 1422 1366 nullam
1467 1309 1570 1364 sibi
1615 1308 2003 1380 cegitationum

415 1409 711 1483 nequitiam
743 1404 997 1468 aﬂ'erens,
1039 1402 1220 1459 sciens
1261 1401 1494 1472 idipsum
1531 1413 1656 1456 esse
1698 1399 2002 1454 membrum

412 1511 468 1556 et
498 1507 704 1572 partem
731 1497 786 1554 in
817 1497 1031 1554 talibus.
1072 1493 1130 1551 Si
1157 1495 1303 1551 etaim
1326 1491 1506 1566 portio
1545 1493 1792 1564 corporis
1824 1491 2002 1547 subsi-

411 1593 508 1649 stit
529 1591 850 1655 membrum,
877 1589 1054 1659 portio
1081 1595 1260 1643 autem
1286 1586 1518 1658 idipsum
1555 1594 1640 1641 est
1675 1594 1731 1640 et
1758 1599 1903 1656 pars,
1947 1584 2001 1640 id

412 1681 590 1754 ipsum
621 1681 802 1750 itaque
830 1677 1130 1734 membrum
1181 1684 1236 1731 et
1278 1691 1408 1748 pars
1449 1682 1554 1731 est.
1609 1674 1668 1730 Si
1713 1683 1896 1730 autem
1944 1673 1998 1728 id

2112 513 2244 556 vero
2284 498 2446 554 aliaat
2494 500 2686 556 horum
2729 508 3016 570 utrumque
3063 500 3356 555 secundum
3383 501 3598 559 animae
3618 503 3692 559 ad
3767 512 3776 519 '

2107 604 2306 661 corpus
2329 589 2790 661 compositionem,
2816 599 2909 646 aut
2933 591 3173 661 corporis
3199 591 3268 647 ad
3302 591 3535 648 animum
3561 606 3689 662 per-

2111 681 2246 747 licit,
2273 689 2377 754 aut
2401 681 2660 754 patientia
2702 682 2922 756 omnino
2955 683 3056 738 hoc
3083 681 3286 739 faciunt
3309 691 3404 738 aut
3423 683 3690 748 naturali-

2109 778 2195 826 ter
2215 771 2522 826 existentia.
2560 769 2630 826 Et
2652 771 2699 828 si
2721 773 2936 843 quidem
2967 771 3250 842 patientia,
3293 773 3572 844 patiuntur
3609 774 3684 840 id,

2107 861 2250 930 quod
2285 875 2394 917 non
2437 869 2612 928 erant,
2648 861 2900 927 existere,
2925 870 2981 918 et
3008 871 3460 936 corrumpuntur;
3487 863 3534 920 si
3556 877 3689 920 vero

2106 939 2428 1006 naturaliter
2451 950 2762 1018 existentia,
2803 965 3018 1024 semper
3033 953 3140 1024 hoc
3162 969 3251 1020 eo,
3275 955 3417 1024 quod
3443 957 3702 1013 naturam

2105 1052 2210 1108 est,
2265 1041 2509 1112 profecto
2547 1043 2956 1114 operabuntur,
3012 1054 3070 1102 et
3121 1061 3395 1116 nunquam
3445 1047 3690 1118 quiescet

2103 1133 2284 1188 anima
2307 1133 2730 1204 coincorporari,
2753 1149 2930 1205 neque
2951 1134 3302 1192 coinalimari
3325 1150 3540 1208 corpus.
3581 1135 3690 1195 Sed

2104 1240 2212 1280 non
2254 1233 2357 1290 est,
2387 1233 2446 1280 ut
2473 1227 2730 1298 arbitror,
2759 1226 3025 1299 passionis
3045 1235 3139 1282 aut
3162 1229 3398 1298 partium
3425 1229 3692 1286 naturalis

2099 1315 2374 1386 potentiae
2402 1355 2420 1384 ,
2463 1316 2760 1374 secundum
2815 1316 3040 1389 alterius
3080 1317 3290 1374 coitum
3323 1318 3394 1374 ad
3439 1319 3690 1387 alteram,

2103 1406 2270 1464 totius
2295 1407 2590 1463 secundum
2620 1407 2853 1478 speciem
2884 1408 3179 1480 plenitudo,
3210 1409 3304 1466 sed
3347 1409 3400 1465 in
3441 1409 3572 1482 ipsis
3613 1411 3692 1468 si-

2099 1501 2210 1558 mul
2236 1501 2526 1558 secundum
2546 1505 2778 1574 speciem
2799 1513 2966 1558 totam
2988 1499 3353 1576 generationis
3372 1515 3476 1562 est.
3500 1504 3690 1563 Nonne

2103 1591 2268 1663 igitur
2290 1591 2544 1664 possibile
2563 1633 2579 1656 ,
2605 1595 2720 1650 sine
2745 1595 3095 1665 corruptione
3135 1609 3203 1650 ex
3251 1595 3430 1666 specie
3461 1595 3516 1651 in
3562 1611 3690 1667 spe-

2097 1682 2234 1739 ciem
2263 1683 2630 1738 transmittere
2649 1684 3079 1756 qnalemcuuque
3100 1685 3370 1755 speciem?
3398 1685 3454 1740 Si
3481 1695 3688 1754 autem,

413 1773 587 1842 393m“
623 1770 923 1826 membrum
963 1771 1047 1824 εει
1071 1775 1127 1824 θι
1150 1781 1309 1837 Ρπδν
1340 1766 1704 1823 membrorum
1735 1780 1866 1821 "0'0
1899 1779 1996 1820 (ιη’
2023 1747 2071 1808 Β
2097 1775 2224 1846 quia
2247 1783 2368 1846 post
2389 1785 2618 1831 mortem
2641 1747 2696 1830 et
2713 1747 3034 1831 solutionem
3067 1747 3311 1844 corporis
3331 1785 3416 1830 est
3434 1775 3616 1833 anima
3634 1747 3692 1834 et
3782 1802 3787 1815 ·

410 1861 633 1916 mulatio
679 1869 736 1915 et
779 1859 1094 1929 compositio
1120 1872 1318 1929 corpus
1351 1857 1483 1912 facit
1505 1856 1844 1928 organicum,
1874 1871 1992 1912 cor-

407 1970 511 2026 pus
553 1964 732 2010 autem
779 1953 1096 2024 organicum
1134 1951 1349 2007 animae
1394 1949 1604 2004 unitum
1650 1947 1996 2005 iutellectuali

408 2047 682 2102 hominem
707 2037 1007 2117 perfectum
1031 2042 1306 2100 ostendit:
1336 2042 1501 2113 igitur
1523 2049 1734 2111 partem
1764 2038 1998 2096 hominis

407 2141 500 2210 qui
527 2140 659 2196 dicit
697 2154 822 2196 esse
859 2138 1098 2194 animam
1147 2151 1244 2192 seu
1291 2150 1492 2205 corpus
1543 2147 1638 2190 seu
1696 2131 1998 2188 membrum

405 2233 547 2305 ejus,
573 2248 603 2287 a
630 2233 861 2289 veritate
886 2247 993 2288 non
1019 2229 1314 2287 aberrabit.
1359 2228 1417 2286 Si
1445 2238 1628 2284 autem
1661 2226 2024 2292 intellectus-‘

407 2327 476 2383 lis
495 2325 730 2391 animae,
751 2333 935 2395 utpote
951 2323 1208 2390 hominis,
1233 2321 1479 2378 subsistit
1496 2335 1692 2391 corpus
1713 2333 1994 2392 organum,

405 2435 502 2492 per
530 2425 705 2474 totum
729 2431 862 2473 vero
890 2429 1088 2487 corpus
1113 2419 1225 2472 tota
1251 2413 1480 2486 impleas
1507 2413 1686 2468 anima
1725 2411 1912 2468 vivere
1945 2409 1998 2466 ei

403 2520 465 2568 et
489 2510 694 2569 moveri
732 2511 840 2575 dat,
871 2516 932 2564 ut
970 2506 1162 2580 simpla
1195 2521 1292 2579 per
1320 2514 1570 2562 naturam
1595 2511 1652 2560 et
1681 2504 1995 2574 incorpora-

403 2604 494 2668 lis,
520 2617 626 2659 non
649 2595 1035 2672 condispertita
1073 2606 1170 2654 aut
1203 2596 1457 2654 conclusa
1496 2595 1551 2652 in
1579 2609 1669 2661 eo,
1699 2593 1794 2652 sed
1819 2591 1916 2650 toti
1945 2599 2000 2647 et

403 2692 696 2763 unicuique
719 2690 1086 2747 membrorum
1114 2687 1254 2759 ejus,
1279 2687 1360 2744 sic
1378 2684 1662 2743 consuevit
1679 2697 1800 2740 eam
1826 2681 2001 2737 susci-

399 2797 531 2856 pere
577 2780 736 2852 juxta
776 2779 1102 2836 naturaliter
1142 2776 1444 2846 subiectam
1499 2775 1604 2833 sibi
1665 2773 1999 2844 acceptivam

400 2874 733 2947 operationis
757 2859 972 2927 animae
1002 2868 1287 2934 virtutem,
1315 2875 1426 2922 tota
1454 2879 1718 2937 praesens
1745 2860 2000 2920 diﬂ‘ereu-

302 3033 308 3039 .
349 3022 352 3026 ,
394 2975 488 3021 ‘ter
521 2980 640 3021 eam
679 2961 1000 3034 accipientia
1025 2959 1266 3016 membra
1289 2954 1771 3030 proportionaliter
1801 2953 1868 3010 ad
1902 2952 1998 3009 oh.

402 3058 760 3112 servationem
781 3069 944 3110 unum
968 3051 1086 3109 ﬁeri
1105 3064 1300 3122 corpus
1321 3048 1562 3120 adjungit
1584 3064 1600 3114 ;
1635 3046 1998 3102 introductum

2097 1861 2366 1934 subsistit,
2389 1865 2598 1932 dicunt,
2621 1867 2785 1922 etiam
2811 1875 3150 1936 antecorpus
3173 1880 3294 1923 esse
3313 1881 3434 1921 eam
3467 1883 3622 1940 posse
3635 1877 3694 1925 et

2099 1961 2416 2026 subsistere,
2432 1959 2850 2023 inconsiderate,
2864 1967 2924 2012 ut
2940 1958 3068 2014 mihi
3084 1959 3317 2023 videtur,
3338 1960 3476 2014 ratio
3498 1973 3688 2016 eorum

2101 2051 2360 2121 procedit.
2403 2048 2517 2104 Non
2540 2050 2682 2104 enim
2719 2049 2904 2104 eadem
2931 2059 3011 2106 est.
3033 2050 3400 2120 generationis
3419 2061 3472 2105 et
3499 2067 3702 2106 essen-s

2103 2141 2210 2197 tiae
2238 2141 2397 2197 ratio.
2431 2141 2506 2196 Ea
2541 2129 2724 2205 enim,
2743 2141 2956 2210 quando
2977 2183 2990 2206 ,
3016 2150 3071 2196 et
3093 2142 3181 2195 ubi
3210 2129 3364 2204 esse,
3392 2152 3447 2198 ct
3467 2141 3534 2196 ad
3561 2143 3692 2213 quid

2099 2242 2186 2288 cst
2213 2247 2312 2288 :ea
2339 2247 2470 2288 vero
2497 2246 2639 2298 esse,
2671 2240 2726 2286 et
2751 2233 2900 2302 quid,
2949 2233 3300 2302 et-quou‘iodo‘
3329 2250 3449 2290 esse
3469 2244 3572 2299 est,
3596 2235 3690 2290 de-

2101 2323 2293 2378 clarat.
2323 2320 2383 2379 Si
2413 2321 2594 2378 autem
2631 2323 2755 2384 hoc,
2778 2330 2862 2378 est
2886 2324 3102 2392 quidem
3137 2339 3375 2394 semper,
3404 2322 3690 2395 postquam

2102 2413 2182 2478 tit,
2223 2428 2322 2485 per
2345 2414 2639 2469 essentiam
2699 2413 2902 2478 anima,
2943 2413 3225 2472 enimvero
3275 2431 3382 2470 non
3418 2416 3684 2481 absoluta,

2099 2519 2199 2576 per
2227 2505 2654 2574 generationem,
2699 2505 2793 2560 sed
2826 2521 2949 2559 cum
2991 2504 3372 2574 conjunctione
3426 2508 3685 2578 temporis

2101 2603 2158 2652 et
2199 2593 2324 2660 loci,
2367 2605 2424 2650 et
2453 2595 2520 2649 ad
2558 2594 2782 2666 aliquid.
2812 2594 2928 2650 Non
2960 2595 3102 2650 enim
3138 2596 3458 2668 simpliciter
3489 2597 3689 2654 dicitur

2102 2685 2282 2740 anima
2314 2695 2436 2756 post
2472 2695 2703 2740 mortem
2731 2685 2975 2756 corporis
3009 2686 3122 2756 ipsa
3147 2686 3349 2752 anima,
3378 2687 3472 2744 sed
3508 2688 3687 2745 homi-

2102 2775 2190 2830 nis
2215 2775 2417 2838 auima,
2447 2784 2504 2828 et
2523 2765 3069 2844 cujusdam‘hominis
3090 2777 3268 2832 anima
3296 2793 3312 2841 ;
3344 2779 3510 2834 habet
3541 2779 3684 2835 enim

2102 2875 2159 2918 ct
2200 2874 2320 2935 post
2349 2861 2548 2934 corpus
2590 2865 2671 2921 sic
2703 2865 2938 2936 speciem
2991 2882 3144 2922 suam
3181 2877 3348 2924 totam
3389 2873 3684 2928 secundum

2102 2955 2345 3012 habitum
2375 2943 2536 3011 veluti
2560 2957 2736 3027 partis
2783 2945 3152 3028 praedicatum
3181 2959 3494 3016 humanam.
3518 2963 3684 3022 Simi-

2103 3043 2230 3104 liter
2267 3061 2449 3105 autcm
2475 3058 2531 3106 et
2574 3065 2795 3120 corpus,
2837 3060 3108 3108 mortuum
3129 3053 3345 3122 quidem
3391 3071 3489 3126 per
3530 3067 3677 3112 uatu~

319 3131 326 3136 ’
399 3157 483 3208 est
529 3151 586 3206 in
630 3163 883 3220 magnum
925 3155 982 3202 et
1025 3141 1294 3201 ineﬁabile
1333 3141 1762 3198 Christianorum
1805 3136 2000 3193 beatae
2026 3125 2071 3187 C
2104 3154 2242 3204 riitn,
2295 3154 2402 3218 non
2430 3154 2561 3195 vero
2607 3140 2914 3196 absolutum
2959 3157 3056 3210 per
3101 3125 3531 3214 generationem.
3571 3145 3685 3203 Non

368 3227 373 3232 ’
401 3245 518 3316 spei
547 3241 888 3314 mysterium,
915 3247 973 3295 et
991 3236 1174 3308 parvis
1205 3245 1263 3292 et
1289 3233 1584 3292 secundum
1615 3245 1735 3296 nos,
1769 3244 1996 3300 magnas

401 3345 457 3391 et
504 3349 667 3406 supra
706 3347 808 3388 nos
855 3345 964 3386 non
1015 3327 1222 3384 alienas
1265 3323 1539 3395 accipiens
1587 3319 1994 3390 similitudines,

401 3425 492 3496 qui
522 3425 759 3495 quietam
789 3431 846 3478 et
867 3422 1003 3477 bene
1026 3417 1240 3475 facilem
1271 3417 1339 3473 de
1344 3413 1561 3496 talibus
1585 3413 1764 3468 adhuc
1789 3409 1994 3468 intelli-

401 3516 636 3588 gentiam
675 3513 899 3570 crcavit.
935 3511 1014 3568 Ac
1054 3511 1122 3566 de
1153 3511 1278 3576 hoc,
1311 3489 1456 3580 quod
1477 3505 1692 3562 animae
1714 3510 1840 3558 ante
1871 3516 1996 3558 cor-

399 3623 533 3680 pora
567 3607 885 3672 subsistant,
911 3600 1334 3660 irrationabilem
1359 3597 1667 3671 opinionem
1685 3591 2017 3664 relinquens,

401 3699 681 3754 nobiscum
709 3697 896 3752 credat
919 3692 1154 3751 Domino
1178 3688 1382 3746 dicenti
1415 3687 1482 3743 de
1517 3686 1625 3751 his,
1669 3683 1763 3754 qui
1811 3684 1868 3738 in
1913 3697 1996 3738 re-

401 3790 792 3846 surrectionem
855 3791 1076 3856 surgent
1101 3823 1118 3850 ,
1187 3797 1294 3838 non
1351 3794 1512 3854 posse
1563 3779 1700 3835 mori
1772 3764 1996 3850 propter

401 3881 572 3950 ipsius
622 3878 872 3935 videlicet
909 3873 1346 3948 purgatissimam
1385 3872 1510 3942 jure
1556 3867 1832 3926 novissimi
1881 3867 1991 3921 dati

405 3969 894 4034 niauifestationem
947 3976 1004 4026 et
1055 3963 1547 4036 participationem.
1623 3959 1689 4014 Et
1747 3959 1988 4012 itcrtnn:

402 4061 608 4125 Omnis.
658 4062 748 4132 qui
799 4059 916 4116 sirit
957 4066 1006 4113 et
1051 4056 1214 4112 credit
1261 4055 1317 4109 in
1359 4069 1461 4117 me,
1507 4070 1612 4108 non
1650 4051 1908 4106 morietur
1935 4049 1990 4104 in

401 4165 688 4210 aeternum.
741 4150 893 4220 Quod
941 4147 1180 4220 quidem,
1219 4146 1264 4201 si
1305 4153 1430 4201 ante
1473 4145 1628 4200 ﬁeret
1673 4141 1988 4212 aliquando,

403 4244 732 4324 impossibile
771 4252 936 4308 esset,
977 4250 1037 4297 ut
1071 4251 1197 4297 ante
1220 4242 1401 4296 datum
1424 4245 1530 4302 est,
1560 4227 1656 4308 per
1681 4236 1990 4292 conversio-

401 4357 523 4396 nem
568 4320 840 4410 quaadam
877 4334 1308 4408 qualemcunque
1351 4320 1592 4402 recipere
1631 4335 1882 4384 mortem.
1921 4325 1990 4381 Et

401 4441 553 4488 extra
584 4428 857 4486 naturales
887 4441 992 4482 non
1020 4423 1327 4497 egrediatur
1362 4421 1617 4485 rationes,
1650 4433 1746 4490 per
1781 4417 1989 4495 vanita-

403 4510 509 4579 tem
549 4539 658 4588 non
705 4519 1028 4575 existentcm
1057 4517 1124 4571 de
1151 4515 1330 4570 anima
1377 4504 1989 4584 opinioucmdivinitus

400 4612 693 4666 admirans.
736 4608 795 4664 Si
830 4607 980 4663 enim
1002 4605 1238 4663 hominis
1270 4612 1470 4694 partes,
1493 4599 1636 4658 sicut
1658 4607 1786 4654 ante
1813 4595 1988 4653 reddi-

401 4715 514 4760 tum
541 4711 643 4770 est,
665 4716 861 4772 corpus
882 4707 936 4756 et
957 4699 1136 4754 anima
1157 4697 1575 4758 constituuntur,
1598 4698 1782 4763 partes
1803 4697 1986 4744 autem

403 4795 707 4852 net-essurio
750 4791 1066 4847 relationem
1116 4787 1186 4842 ad
1226 4783 1428 4856 aliquid
1476 4782 1782 4852 accipiunt;
1816 4787 1987 4833 totum

399 4888 544 4940 enim
573 4887 733 4940 habet
757 4881 978 4936 omnino
1004 4877 1520 4952 praedicamentum.
1573 4873 1723 4940 Quae
1753 4887 1879 4956 vero
1905 4870 1987 4924 sic

399 4977 653 5031 dicuntur
683 4974 752 5028 ad
775 4971 996 5042 aliquid,
1023 4984 1212 5025 eorum
1244 4975 1394 5032 sunt,
1418 4978 1560 5036 quae
1591 4961 1752 5018 simul
1782 4960 1980 5030 ubique

397 5081 452 5124 et
477 5081 688 5135 semper
712 5053 1006 5120 secundum
1033 5059 1438 5131 generationem
1462 5065 1610 5120 sunt,
1631 5050 1981 5123 quemadmo-

400 5163 524 5216 dum
560 5165 742 5230 partes
779 5153 1014 5224 speciem
1043 5159 1208 5207 totam
1235 5149 1376 5204 coitu
1409 5145 1713 5218 perficiunt,
1744 5142 1859 5198 sola
1899 5142 1974 5196 in-

400 5247 688 5319 telligentia
735 5245 800 5298 ad
850 5245 954 5298 hoc
989 5239 1409 5312 dignoscendum
1438 5277 1454 5302 ,
1495 5235 1624 5307 quid
1672 5235 1742 5290 sit
1783 5248 1969 5288 secun-

399 5345 526 5397 dum
550 5337 837 5395 essentiam
860 5331 1298 5401 unumquodque,
1319 5347 1350 5384 a
1374 5343 1433 5384 se
1451 5326 1680 5383 invicem
1695 5332 1973 5396 separata;

398 5429 635 5484 animam
659 5425 821 5497 igitur
843 5431 898 5480 et
925 5436 1123 5492 corpus
1149 5419 1344 5475 merito
1373 5423 1552 5488 partes
1577 5413 1809 5471 hominis
1839 5412 1980 5467 inter

399 5533 459 5573 se
503 5516 734 5572 invicem
786 5524 914 5570 ante
958 5511 1252 5566 subsistere
1297 5505 1666 5578 temporalifer
1715 5511 1807 5558 aut
1859 5510 1980 5572 post

398 5609 714 5671 subsistere,
741 5603 1068 5676 impossibile
1110 5610 1214 5665 est,
1259 5599 1458 5668 alioqui
1492 5597 1631 5651 ratio
1677 5594 1789 5658 illa,
1836 5609 1980 5663 quae

399 5703 474 5756 sic
511 5702 703 5755 dicitur
747 5701 814 5755 ad
849 5698 1050 5769 aliquid
1083 5696 1338 5752 solvetur.
1383 5694 1444 5748 lit
1474 5694 1688 5754 iterum,
1717 5689 1760 5744 si
1797 5703 1893 5759 per
1917 5701 1978 5742 se

2099 3231 2242 3285 enim
2273 3221 2597 3300 simpliciter
2641 3232 2839 3287 dicitur
2884 3249 3081 3304 corpus
3128 3244 3248 3305 post
3287 3238 3683 3308 scparationem

2097 3323 2168 3380 ab
2194 3324 2376 3378 anima
2423 3339 2644 3394 corpus,
2672 3324 2768 3380 sed
2809 3324 3045 3381 hominis
3068 3339 3284 3397 corpus,
3321 3337 3376 3384 et
3401 3330 3682 3401 cujusdam

2099 3414 2335 3471 hominis
2383 3429 2618 3484 corpus,
2667 3413 2773 3470 etsi
2822 3420 3233 3486 corrumpatur,
3287 3427 3343 3474 el
3381 3419 3443 3474 in
3481 3437 3568 3485 ear,
3613 3438 3682 3478 cx

2095 3505 2291 3578 quibus
2317 3515 2424 3570 est,
2448 3504 2644 3561 resolvi
2667 3505 2933 3561 elementa
2962 3515 3323 3572 consuescat;
3359 3508 3520 3565 habet
3536 3513 3682 3566 enim

2095 3591 2151 3652 et
2177 3597 2258 3652 sic
2303 3595 2458 3665 quasi
2510 3595 2744 3666 speciem
2785 3603 2950 3650 totam
2990 3611 3142 3651 suam
3187 3598 3482 3654 secundum
3527 3599 3684 3656 habiv

2095 3698 2234 3754 tum,
2257 3690 2424 3746 veluti
2451 3689 2629 3758 partis
2663 3689 3029 3760 praedicatum
3068 3691 3378 3747 humanam.
3407 3690 3466 3746 lu
3496 3693 3684 3746 ambo-

2093 3781 2197 3838 bus
2225 3781 2406 3851 itaque
2447 3772 2698 3845 habitus,
2733 3779 2910 3835 anima
2958 3779 3079 3834 dico
3118 3787 3175 3834 et
3216 3794 3468 3851 corpore,
3514 3781 3684 3837 veluti

2095 3876 2261 3927 tutius
2297 3871 2505 3926 formae
2553 3872 2822 3926 humanae
2864 3876 3074 3940 partes,
3125 3869 3560 3939 inseparabiliter
3597 3871 3684 3926 it:-

2097 3965 2363 4027 tellecltts,
2415 3953 2754 4017 demonstrat
2799 3971 2856 4016 et
2898 3959 3058 4014 simul
3104 3974 3293 4015 eorum
3345 3961 3588 4031 genesin,
3623 3973 3682 4016 et

2092 4052 2388 4109 secundum
2455 4049 2748 4106 essentiam
2804 4049 2873 4105 ad
2919 4063 2978 4104 se
3028 4048 3257 4105 invicem
3321 4047 3678 4105 differentiam

2091 4144 2349 4206 ostendit,
2391 4143 2538 4198 notio
2569 4142 2728 4199 modo
2753 4140 3048 4198 secundum
3075 4139 3364 4196 essentiam
3403 4141 3455 4195 in
3485 4141 3566 4197 eis
3594 4141 3680 4196 in-

2089 4237 2224 4292 sitas
2267 4234 2546 4291 offendens
2591 4234 2847 4290 rationes.
2895 4232 3061 4304 Igitur
3097 4232 3318 4286 omnino
3346 4232 3676 4304 impossibile
3737 4251 3743 4258 ο

2089 4347 2288 4402 corpus
2309 4339 2405 4385 aut
2430 4329 2666 4410 animum
2709 4327 2954 4403 invenire
2981 4336 3074 4382 ant
3097 4327 3288 4384 dicere
3315 4329 3434 4385 sine
3459 4329 3671 4395 habitu,

2091 4421 2252 4476 simul
2347 4421 2492 4476 enim
2563 4435 2686 4474 cum
2765 4419 2942 4474 altero
3011 4419 3371 4474 introducitur
3444 4419 3673 4487 alicujus

2089 4525 2210 4568 esse
2237 4511 2487 4564 alterum.
2534 4507 2720 4580 Itaque
2749 4507 2796 4564 si
2842 4507 3069 4563 alterum
3111 4507 3370 4564 subsistat
3391 4519 3519 4564 ante
3539 4509 3672 4564 alic-

2087 4618 2225 4665 rum,
2253 4602 2550 4672 quomodo
2585 4609 2644 4654 ut
2700 4599 2928 4670 alicujus
2963 4589 3419 4656 auscultandum?
3444 4599 3673 4660 Habitus

2084 4695 2229 4750 enim
2265 4691 2615 4748 immutabilis
2643 4701 2746 4748 est.
2777 4690 3051 4749 Hactenus
3076 4691 3145 4748 de
3174 4693 3278 4748 his.
3307 4693 3372 4748 Et
3400 4693 3670 4766 siquidem

2083 4801 2114 4840 a
2163 4783 2392 4840 veritate
2449 4793 2630 4838 sermo
2676 4798 2782 4838 non
2835 4783 3100 4846 recessit,
3155 4783 3266 4838 Deo
3316 4784 3523 4855 gratias
3573 4801 3671 4856 per

2081 4883 2291 4930 vestras
2341 4872 2722 4934 orationesad
2761 4872 2901 4929 bene
2959 4873 3361 4944 intelligendum
3407 4875 3665 4941 ducenti;

2079 4964 2126 5020 si
2152 4979 2281 5020 vero
2318 4962 2514 5030 alicubi
2561 4979 2591 5018 a
2617 4963 2848 5019 veritate
2867 4963 3072 5031 deﬁcit,
3121 4979 3216 5020 vos
3244 4962 3551 5020 reformate
3581 4982 3668 5021 ra-

2082 5051 2246 5108 tionis
2263 5050 2610 5120 diligentiam,
2643 5067 2711 5107 cx
2740 5051 2852 5106 Deo
2878 5051 3064 5106 talium
3088 5051 3334 5126 iuspirati
3357 5053 3662 5110 scientiam.

2601 5181 3003 5240 CAPITULUM
3047 5184 3129 5240 ill.

2561 5310 2631 5350 EX
2681 5309 2860 5351 EODEI
2916 5309 3178 5350 ειειωθςε.

2079 5407 2140 5464 In
2165 5408 2300 5477 hoc:
2329 5407 2468 5464 Dum
2489 5408 2644 5463 etiam
2671 5425 2704 5462 α
2723 5407 2894 5477 seipse
2917 5407 3162 5460 materies
3176 5405 3280 5477 [ert
3304 5405 3664 5462 inordinatum

2639 5477 2796 5534 relati
2822 5478 3106 5547 iii/iurum.

2149 5591 2405 5646 Arbitror
2417 5605 2654 5662 quoque,
2671 5599 3009 5659 praesentem
3024 5589 3290 5644 sermonis
3311 5589 3664 5646 intentionem

2082 5681 2281 5753 prioris
2308 5681 2639 5738 intellectum
2677 5681 2877 5759 habere
2895 5679 3140 5749 capituli.
3173 5680 3309 5750 Quia
3335 5680 3478 5738 enim
3503 5697 3661 5736 orae-
