4198 6232
425 233 571 314 tati
1068 268 1081 282 -
1774 246 2348 311 Abutrsusmtm.
3575 254 3716 312 tm

1463 468 2408 589 ADDITAMENT
2430 474 2627 593 ΗΜ
2643 555 2673 589 .

498 718 681 779 Codeit
718 720 1098 781 Laudonénsis
1123 721 1213 789 8|,
1253 729 1289 777 e
1332 728 1441 793 quo
1481 718 1552 776 Μ.
1595 717 1659 792 F,
1698 717 1999 778 Rsvaisson
2027 734 2080 775 γ.
2113 719 2183 775 cl.
2221 718 2448 779 Joannis
2481 723 2630 781 Scoti
2668 724 3133 784 Commentarium
3174 726 3230 783 in
3258 726 3320 785 8.
3363 725 3715 803 Evangelium

428 812 725 871 secundum
755 812 1020 872 Joannem
1053 814 1232 868 minus
1281 821 1538 867 accurate
1576 810 1765 876 edidit,
1805 823 1934 867 cum
1975 824 2101 867 sero
2146 811 2200 864 in
2242 826 2439 869 manus
2466 828 2615 883 meas
2640 816 2874 882 venerit,
2905 818 3224 874 varietatem
3270 817 3518 875 lectionis
3545 826 3714 874 totam

424 904 837 979 diligentissime
868 907 968 976 hoc
999 905 1117 962 loco
1159 903 1568 959 describendam
1595 902 1801 959 curavi.
1846 902 2134 959 Praeterea
2183 901 2427 972 ejusdem
2461 904 2859 963 Commentarii
2914 906 3284 980 fragmentum
3332 906 3536 964 codicis
3579 907 3715 967 calci

426 1000 755 1074 “ilicetum,
785 1005 932 1074 quod
961 1002 1051 1060 ille
1079 1000 1421 1076 neglexerat.
1449 1000 1816 1074 adjiciendum
1844 1013 1970 1058 esse
1993 998 2202 1073 putavi.
2241 997 2438 1057 Varias
2468 1000 2731 1058 lectiones
2766 1003 3029 1060 varietate
3057 1005 3438 1063 characterem
3467 1005 3714 1064 distinxi.

1999 1156 2109 1252 ,1.

1563 1365 1938 1448 VARIAE
2014 1364 2592 1446 LECTIONES

2030 1520 2099 1567 1N
3432 1566 3435 1571 .

770 1629 1057 1691 JOANNIS
1075 1626 1290 1690 .SCOTI
1324 1588 1882 1686 COSIMENTARIUM
1919 1625 1988 1683 1N
2027 1627 2086 1684 S.
2128 1626 2580 1685 EVANGELIUM
2620 1627 2995 1689 SECUNDUM
3033 1607 3373 1707 JOANNEM.
3478 1650 3481 1653 '

1479 1765 1557 1817 se
1580 1760 1723 1815 adem
1743 1763 1928 1817 codicis
1950 1776 2041 1815 ms.
2064 1761 2123 1813 st
2151 1761 2270 1839 bibl.
2297 1746 2657 1814 Laudunensis.

424 370 3669 407 Μ

497 1913 613 1973 001.
645 1913 752 1971 298
796 1913 831 1968 l.
860 1913 895 1969 8
930 1923 992 1969 ut
1029 1911 1335 1983 per'ipsum
1372 1909 1693 1968 ascenderet
1740 1909 1904 1967 homo
1954 1909 2008 1965 in
2040 1913 2086 1974 Α
2120 1906 2232 1963 Dei.
2272 1904 2374 1965 Ubi
2403 1908 2564 1963 datur
2586 1908 2831 1982 intelligi,
2863 1925 2969 1966 non
3003 1910 3149 1969 aliud
3182 1928 3305 1970 esse
3324 1924 3432 1972 cet.
3464 1915 3593 1999 1.47
3623 1918 3713 1977 in-

430 2009 617 2069 Denm.
652 2007 798 2062 Haec
828 2006 1125 2078 etmngelica
1161 2004 1414 2061 sententia
1452 2004 1846 2077 proloquiorum
1872 2017 2017 2058 more
2119 1999 2474 2069 corruptiliile
2503 2011 2794 2071 ceteroque,
2826 2016 2985 2071 quae.

426 2100 667 2156 recurrit.
715 2097 871 2155 Sicut
901 2099 1047 2155 enim
1078 2098 1347 2153 dicimus:
1381 2096 1616 2155 Verbum
1644 2110 1773 2152 caro
1813 2093 2018 2151 factum
2189 2089 2308 2147 Col.
2346 2090 2449 2146 5ιῖ
2488 2090 2525 2146 1.
2566 2092 2637 2147 55
2670 2094 2764 2165 qui
2797 2108 2904 2149 non
2947 2103 3033 2150 est
3080 2106 3243 2157 natus
3289 2098 3469 2157 adhuc
3520 2101 3711 2182 spiritu

427 2184 537 2256 est,
572 2190 646 2247 ita
671 2201 958 2261 posmmus
987 2184 1169 2248 dicere
1198 2206 1213 2246 :
1241 2197 1299 2245 et
1316 2204 1450 2247 caro
1476 2188 1709 2244 Verbum
1740 2183 1886 2244 facta
1909 2198 2013 2244 est.
2121 2182 2210 2256 (de
2242 2183 2396 2240 deest
2432 2185 2487 2240 in
2512 2184 2685 2256 cod.).

428 2273 495 2340 Et
525 2282 789 2337 habitavit
818 2282 870 2335 in
898 2279 1079 2346 nobis,
1099 2279 1215 2336 hoc
1237 2288 1348 2345 est,
1372 2287 1755 2336 conversatum
1784 2287 1890 2334 eet.
1923 2277 2018 2350 (Et
2188 2274 2303 2333 Col.
2340 2274 2447 2334 520
2485 2277 2524 2332 1.
2565 2277 2601 2334 5
2639 2279 2887 2336 umbram
2918 2296 3072 2337 suam
3097 2281 3270 2367 ipsum
3296 2297 3494 2357 corpus
3521 2281 3709 2356 operit.

428 2370 657 2429 Verbum
685 2389 809 2427 caro
834 2373 1033 2444 factum
1067 2382 1142 2428 est
1163 2413 1180 2439 ,
1208 2373 1339 2428 haec
1376 2402 1448 2413 -—
1468 2372 1686 2427 recurrit
1709 2370 1746 2425 1.
1803 2371 1886 2428 l0.
1931 2370 2013 2427 11.
2117 2368 2155 2423 1.
2188 2367 2254 2425 i9
2284 2367 2546 2442 ﬁguratur
2571 2388 2633 2427 ea
2663 2370 2849 2427 forma.
2888 2371 2921 2427 l.
2948 2372 3017 2428 40
3043 2375 3343 2445 consepulti
3370 2391 3560 2433 sumus
3586 2393 3713 2435 cum

428 2466 495 2523 12
521 2468 720 2523 desunt
768 2464 825 2521 in
876 2464 1105 2523 codicel.
1150 2464 1191 2521 1.
1236 2464 1309 2522 40
1356 2464 1450 2523 sed
1501 2464 1870 2547 subsistentia
1924 2460 2018 2521 de-
2116 2456 2335 2519 Christo
2362 2478 2455 2533 per
2479 2465 2873 2534 boptismumin
2900 2477 3117 2523 mortem
3141 2468 3267 2542 (nisi
3289 2470 3440 2527 deest
3462 2472 3516 2529 in
3537 2470 3706 2544 cud.).

421 2552 618 2616 clarat.
2115 2552 2155 2609 l.
2192 2551 2263 2609 47
2293 2568 2457 2612 causa
2490 2566 2565 2612 est
2604 2557 2873 2614 humanae
2896 2559 3089 2615 salutis

490 2643 605 2711 Col.
637 2650 736 2710 501
773 2651 812 2706 1.
844 2648 910 2707 I9
936 2644 1030 2710 sed
1059 2650 1127 2709 de
1156 2660 1267 2707 tota
1296 2646 1584 2707 Trinitate.
1628 2648 1662 2704 l.
1707 2644 1780 2706 26
1821 2648 2017 2705 incun-
2186 2646 2304 2705 Col.
2343 2646 2443 2706 521
2483 2651 2519 2706 l.
2558 2651 2630 2708 50
2663 2650 2929 2722 Quamvis.
2950 2648 3096 2709 enim
3118 2652 3385 2723 judicium
3410 2657 3546 2724 eius,
3577 2673 3706 2728 quo.

421 2753 634 2810 ctanter
654 2742 861 2801 usserit.
891 2743 928 2800 1.
958 2744 1022 2801 41
1055 2735 1267 2800 dicatur
1286 2744 1355 2799 de
1378 2745 1526 2801 deest
1554 2740 1608 2799 in
1630 2743 1838 2801 «dies.
1876 2742 1911 2797 1.
1941 2736 2013 2799 45
2116 2740 2155 2799 1.
2181 2740 2254 2800 48
2281 2740 2371 2813 qui
2403 2753 2582 2799 autem
2615 2759 2789 2815 neque
2824 2761 2943 2798 eum
2972 2747 3145 2800 credit
3176 2745 3249 2818 (in
3283 2744 3433 2803 deest
3459 2750 3512 2803 in
3535 2750 3706 2818 cod.).

418 2838 510 2909 qui
541 2846 780 2908 semper.
1615 2910 1618 2914 Α
1942 2834 1947 2839 ’
2183 2834 2299 2894 001.
2342 2836 2448 2892 525
2482 2836 2517 2891 1.
2554 2833 2617 2892 l6
2638 2832 2761 2891 Non
2788 2838 2934 2892 enim
2966 2839 3163 2893 missus
3189 2851 3301 2894 erat
3324 2840 3379 2896 in
3402 2857 3704 2899 carcerein.

490 2924 609 2989 Col.
639 2929 747 2988 502
775 2929 814 2985 l.
848 2931 916 2986 15
942 2928 1049 2987 hoc
1078 2928 1242 2987 estin
1268 2924 1466 2987 divinis
1492 2925 1938 3001 apparitionibus.
1970 2920 2009 2981 l.
2114 2926 2153 2984 l.
2179 2925 2250 2985 5-1
2285 2929 2349 2985 ab
2377 2927 2624 2987 Joanne?
2662 2930 2934 3002 Suﬁcerat
2976 2930 3132 3004 (sic!)
3166 2934 3331 2986 enim.

421 3022 490 3096 18
514 3016 648 3101 Item
679 3024 895 3080 virtutes
928 3021 1454 3095 purgatissimarum.
1479 3014 1595 3077 1.51
1622 3021 1677 3078 in
1713 3015 1852 3077 sinii.
1885 3016 2014 3091 l.;58
2184 3016 2300 3077 Col.
2340 3019 2447 3078 521
2486 3022 2523 3075 1.
2565 3015 2597 3075 7
2618 3008 2701 3076 ἀὑ
2728 3020 2957 3079 Joanne.
2988 3022 3025 3078 l.
3062 3024 3119 3079 11
3154 3022 3380 3079 Joannis
3406 3023 3708 3094 baptismati

416 3111 522 3171 Ille
551 3112 846 3171 enarravit.
922 3188 925 3189 ν
990 3126 993 3127 ⁷
1724 3127 1728 3132 '
2110 3104 2373 3170 olfecisse.
2414 3113 2450 3169 1.
2500 3110 2565 3171 51
2626 3114 2723 3172 sed
2771 3125 2841 3175 tte
2887 3115 2986 3170 Itoc
3023 3128 3277 3177 errarent
3331 3118 3408 3190 (in
3454 3118 3607 3174 deest
3653 3118 3707 3173 in

488 3205 606 3262 Col.
642 3201 810 3262 51151.
843 3205 870 3262 1
899 3204 1144 3263 doctrina
1170 3215 1227 3263 et
1265 3201 1708 3279 manifestationii.
1749 3199 1791 3260 l.
1836 3203 1904 3260 15
1937 3205 2006 3260 ab
2110 3207 2278 3277 cod.).
2776 3244 2781 3247 ν

414 3296 767 3371 Jerosolymis
793 3303 841 3355 et
867 3309 1058 3356 cetera.
1088 3298 1156 3356 Et
1173 3309 1260 3356 εει
1285 3298 1440 3355 ordo.
1460 3296 1500 3353 1.
1522 3291 1594 3355 29
1622 3292 1802 3353 Helias
1821 3312 1881 3353 es
1909 3294 2003 3352 tu?
2033 3286 2080 3347 Β
2179 3293 2296 3356 Col.
2336 3294 2442 3356 523
2478 3296 2518 3355 l.
2556 3292 2626 3355 47
2663 3294 2862 3359 Datum
2911 3300 2964 3357 in
3012 3301 3117 3363 hoc
3159 3298 3280 3357 loco
3304 3318 3405 3374 pro
3455 3301 3706 3361 donatum

416 3389 560 3446 Dicit
585 3389 606 3445 ἓ
631 3388 750 3446 Non
785 3406 904 3447 sum
933 3387 1026 3464 (Et
1057 3406 1170 3448 om.
1200 3387 1372 3463 cod.).
1410 3389 1448 3444 l.
1478 3388 1542 3459 5,1
1581 3388 1780 3445 virtute
1819 3386 2008 3443 Heliae
2108 3388 2347 3446 Joannes
2375 3391 2575 3460 posuit.

419 3480 567 3538 veni.
1365 3527 1371 3535 .
2178 3480 2294 3536 Col.
2336 3479 2440 3536 sse
2479 3480 2516 3539 ι.
2556 3480 2626 3536 55
2657 3480 2750 3552 qui
2780 3497 2925 3537 nunc
2953 3482 3178 3553 baptizet
3209 3482 3262 3539 in
3297 3482 3521 3540 Judaea.
3612 3465 3623 3472 ’

486 3572 605 3630 001.
629 3572 737 3631 504
765 3572 801 3630 1.
823 3574 860 3631 2
885 3573 1591 3632 humanamsnbsistentiaut
1615 3568 2003 3629 consideravit.
2176 3571 2295 3630 001.
2336 3570 2441 3631 527
2482 3572 2514 3628 1.
2553 3571 2618 3629 21
2662 3572 2903 3628 Putastis
2932 3574 3196 3647 majorem
3224 3588 3374 3631 esse.

485 3667 603 3724 Col.
628 3667 866 3741 505l.5_7
885 3668 1055 3738 thui
1082 3668 1236 3725 missi
1262 3664 1497 3740 fuerant,
1520 3675 1696 3722 erant.
1722 3665 1761 3720 l.
1789 3661 1859 3722 59
1885 3665 2010 3723 Ideo
2176 3660 2294 3724 Col.
2334 3665 2439 3723 528
2477 3664 2513 3720 1.
2553 3665 2613 3722 11
2658 3666 2760 3734 Qui
2790 3665 2945 3723 caelo
2972 3668 3141 3733 venit,
3172 3665 3339 3741 super
3373 3684 3566 3725 animos
3593 3678 3699 3725 est.

416 3760 724 3831 specialiter
764 3738 1043 3817 Pharisaei
1090 3760 1236 3817 missi
1264 3738 1394 3816 sunt
1433 3758 1557 3832 quia
1593 3754 1873 3814 Pharisaei
1903 3773 2005 3813 au-
2034 3826 2052 3844 ο
2105 3754 2360 3844 Eandem
2399 3757 2710 3844 sententiam
2766 3759 2984 3830 repetit,
3031 3774 3187 3829 quam
3244 3738 3406 3829 paulo
3462 3761 3703 3829 superius

400 3853 629 3917 ,dieutes
656 3853 1134 3925 praedicationem.
1936 3912 1939 3921 ν
2036 3842 2047 3844 ἡ
2104 3842 2650 3914 άὶεέι,ᾳυίάεδκηαιιι
2668 3844 2819 3909 venit.
2838 3852 3313 3915 superonmesest;
3332 3861 3471 3900 nunc
3492 3847 3699 3923 iterum.

487 3942 603 3999 001.
630 3942 735 3998 506
764 3943 803 3997 l.
824 3942 896 3999 24
921 3942 1170 4015 justitiae
1204 3942 1333 3999 solet
1362 3942 1502 4000 ﬁeri.
1538 4002 1551 4013 1
2036 3952 2039 3955 '
2105 3937 2196 4008 qui
2216 3939 2282 3992 de
2300 3936 2445 3991 caelo
2468 3936 2794 4009 venit,super
2816 3953 2996 3992 omnes
3022 3947 3118 3992 est.
3137 3936 3341 3993 Eadem
3369 3939 3530 3994 verba
3553 3952 3699 4006 sunt,

486 4036 603 4091 001.
634 4035 738 4091 5οἹ
767 4035 804 4091 1.
839 4037 905 4092 15
931 4046 1014 4092 est
1039 4038 1220 4105 divina
1247 4038 1549 4109 Scriptura.
1574 4038 1610 4093 l.
1641 4037 1713 4095 28
1749 4015 2004 4111 perplexa
2105 4038 2324 4100 praeter
2348 4030 2490 4101 quod
2512 4039 2622 4087 cet.
2662 4028 2698 4085 l.
2735 4029 2798 4085 51
2835 4038 2891 4086 et
2927 4028 3198 4103 aequalem
3226 4031 3394 4101 ipsius
3423 4047 3547 4088 esse

412 4130 704 4186 admodum
736 4129 1083 4203 investigatio,
1115 4132 1290 4204 cujus.
2173 4119 2289 4177 Col.
2327 4122 2432 4179 529
2471 4122 2504 4177 1.
2554 4123 2618 4180 18
2650 4122 2747 4193 (tui
2794 4123 2993 4195 accipit
3030 4122 3149 4193 ejus
3178 4124 3588 4192 testimonium,
3621 4126 3698 4181 si-

487 4218 604 4277 Col.
640 4220 747 4277 509
785 4222 821 4276 l.
861 4222 927 4276 12
963 4230 1017 4277 et
1040 4222 1279 4278 discerne
1311 4222 1473 4280 inter.
1500 4223 1537 4279 1.
1567 4222 1634 4279 16
1669 4225 1962 4280 violentiae.
2104 4214 2307 4286 εηθνίι,
2336 4215 2463 4286 (illia
2508 4214 2649 4272 Dens
2676 4230 2838 4271 verax
2878 4224 2983 4273 εει.
3031 4216 3096 4271 ΕΙ
3137 4217 3265 4287 quid
3316 4226 3391 4272 eu
3436 4220 3704 4290 sigmtt'it?

486 4311 603 4369 Col.
643 4313 748 4370 510
787 4315 823 4369 1.
860 4314 931 4369 52
967 4323 1050 4371 est
1073 4317 1234 4370 totius
1272 4316 1542 4371 humanae
1575 4324 1823 4373 naturae.
2104 4303 2217 4361 Hoc
2244 4316 2327 4360 εει
2360 4306 2412 4359 Ῐιι
2443 4307 2606 4361 corde
2643 4321 2745 4361 ⁵υο
2772 4314 2883 4361 εει·

487 4402 605 4462 Col.
645 4408 742 4461 5H
788 4405 826 4460 1.
872 4406 933 4459 ιι
974 4406 1115 4462 Ecce
1155 4423 1327 4478 agitus
1377 4408 1491 4471 Dei,
1543 4424 1659 4464 ρει-ε
1698 4409 1792 4480 qui
1842 4409 1998 4467 ιοιιῖι,
2172 4397 2292 4454 001.
2333 4397 2439 4453 550
2475 4398 2510 4453 1.
2548 4399 2584 4454 5
2620 4416 2687 4453 ea:
2711 4413 2987 4455 mensura.
3030 4387 3067 4452 l.
3107 4398 3178 4455 56
3202 4409 3257 4455 et
3289 4415 3512 4457 omnino
3558 4403 3699 4457 veri-

413 4494 452 4552 1.
494 4496 567 4553 25
620 4496 892 4569 erucillgit
933 4497 1137 4552 sibimet
1192 4496 1460 4554 Christum
1502 4504 1696 4572 (ipsum
1742 4501 1896 4557 deest
1944 4503 1998 4557 in
2104 4491 2232 4547 tatis
2258 4493 2607 4563 ignorantiae.

414 4588 584 4661 eod.).
950 4628 955 4633 ρ
1671 4617 1688 4627 -
2033 4652 2071 4661 _
2171 4587 2288 4643 001.
2328 4585 2428 4642 551
2471 4587 2509 4641 1.
2547 4586 2618 4643 28
2656 4586 2742 4643 lex
2781 4587 2927 4643 enim
2964 4587 3234 4644 neminem
3281 4587 3346 4645 ad
3397 4589 3700 4660 perfectum

344 4748 349 4751 _
487 4652 603 4736 001.
642 4678 750 4735 512
789 4680 825 4733 l.
868 4678 937 4733 15
983 4686 1147 4750 atque
1200 4679 1558 4752 intelligentia
1631 4683 1995 4751 provehentur.
2027 4652 2075 4715 (ἶ
2108 4679 2294 4748 duxit;
2323 4691 2370 4736 et
2400 4678 2528 4736 abiit
2560 4681 2750 4736 iterum
2791 4680 2846 4736 in
2888 4682 3209 4738 Galilaeam.
3251 4681 3287 4736 1.
3326 4652 3413 4739 52-
3439 4681 3701 4740 Posthaer

416 4768 455 4824 1.
486 4770 556 4826 55
586 4784 806 4827 carnem
840 4783 982 4837 esse,
1013 4771 1263 4843 quoniam
1282 4769 1417 4843 jam.
1466 4771 1503 4826 1.
1534 4773 1595 4826 41
1652 4773 1707 4826 in
1750 4775 2008 4845 mysteria
2108 4775 2278 4829 venit.

418 4864 883 4920 introductiouem.
2173 4860 2298 4918 Col.
2322 4861 2428 4917 555
2463 4860 2505 4916 1.
2531 4857 2604 4912 22
2656 4857 2857 4914 dehinc
2885 4874 3048 4929 usque
3066 4857 3133 4913 ad
3158 4856 3356 4912 altare.
3389 4857 3427 4912 l.
3453 4858 3514 4912 51
3549 4855 3688 4911 inci-

490 4953 607 5012 Col.
647 4938 751 5012 515
788 4955 823 5011 1.
867 4956 1173 5043 l8.gratiae
1201 4955 1561 5027 baptismatis.
1587 4955 1623 5009 l.
1652 4955 1722 5012 48
1749 4955 1907 5012 Aliud
1929 4965 2007 5012 est
2098 4957 2236 5031 pita
2258 4952 2520 5025 martyrio
2542 4950 2700 5007 Abel.
2728 4950 2771 5007 l.
2805 4949 2874 5006 45
2906 4952 3161 5022 appetitu.
3190 4948 3229 5003 1.
3262 4949 3324 5005 51
3368 4948 3609 5004 abierunt
3631 4948 3687 5003 in
3750 5010 3754 5015 ,

419 5050 579 5103 enim.
2102 5049 2409 5108 civitatem.

490 5142 604 5197 Col.
643 5141 747 5196 514
782 5140 821 5196 1.
855 5140 930 5196 22
967 5140 1066 5196 llic
1101 5139 1244 5196 venit
1282 5140 1348 5195 ad
1390 5156 1507 5195 eum
1538 5150 1714 5197 nocte.
1756 5142 1790 5195 l.
1830 5141 1906 5196 25
1946 5143 1999 5197 in
2172 5142 2269 5198 001
2298 5142 2403 5196 551
2426 5142 2459 5193 1.
2482 5138 2553 5195 26
2575 5138 2960 5201 adorariDeum
2984 5139 3267 5207 putabant.
3292 5138 3324 5191 l.
3353 5135 3691 5191 5lCliristnm

392 5234 396 5239 ’
422 5233 590 5306 ﬁgura
619 5236 1002 5291 catecuminum
1025 5234 1261 5304 ponitur.
1288 5233 1324 5288 1.
1347 5232 1419 5288 42
1450 5234 1646 5304 quibus
1679 5234 2006 5297 Nieo'lcntus
2102 5238 2140 5293 l.
2176 5236 2244 5292 25
2276 5235 2341 5290 de
2372 5234 2605 5287 humana
2636 5231 3008 5286 substitutione
3065 5230 3383 5286 sensibilive
3416 5239 3687 5284 creatura.

420 5342 570 5381 Orsus
595 5335 679 5381 es!
702 5323 977 5383 Christum
1000 5322 1218 5400 alloqui.
2174 5329 2290 5383 001.
2322 5327 2427 5381 553
2462 5329 2495 5379 I.
2528 5325 2595 5379 21
2622 5341 2729 5396 qua
2758 5338 2862 5397 ego
2892 5325 3052 5378 dabo.
3086 5325 3121 5376 Ι.
3149 5324 3219 5377 29
3249 5340 3354 5393 qua
3418 5322 3563 5377 dalio
3615 5321 3690 5386 ei,

491 5420 606 5475 (Iol.
641 5419 748 5476 515
782 5419 817 5473 l.
862 5419 928 5475 15
959 5422 1113 5479 διηυυᾶ
1142 5432 1249 5474 non
1274 5418 1487 5488 legitur.
2104 5422 2200 5490 ﬁat
2230 5421 2283 5474 in
2314 5435 2398 5471 eo.

490 5510 605 5567 Col.
647 5511 753 5566 516
785 5510 820 5565 l.
859 5511 931 5566 25
965 5527 1072 5568 non
1100 5518 1278 5582 potest
1311 5509 1533 5565 introire
1557 5508 1609 5563 in
1636 5524 1857 5581 regnum
1884 5510 2003 5564 Dei.
2173 5513 2289 5570 Col.
2343 5512 2511 5568 5361.
2548 5506 2611 5565 111
2645 5509 2994 5565 habitudines
3025 5511 3395 5587 ρζαειρηώιηι.
3431 5513 3467 5564 l.
3498 5510 3568 5565 26
3600 5528 3692 5564 su-

425 5600 585 5661 Pn‘us
614 5605 769 5670 dixit,
796 5620 898 5659 non
919 5614 1081 5676 potest
1106 5605 1275 5679 ridere
1299 5620 1511 5673 regnum
1539 5602 1654 5668 Dei;
1679 5619 1814 5656 nunc
1831 5611 2007 5662 autem
2109 5607 2309 5679 periuri
2342 5623 2395 5659 se
2445 5607 2609 5675 parti.
2642 5605 2679 5659 l.
2712 5605 2784 5660 29
2841 5602 3344 5673 quinquepertitum.
3385 5602 3421 5659 l.
3450 5605 3517 5659 «11
3570 5607 3692 5674 quia

424 5700 575 5773 quasi
616 5707 817 5753 mutate
846 5697 1043 5753 verba:
1082 5712 1183 5751 non
1221 5704 1384 5767 potest
1435 5695 1653 5749 introire
1690 5697 1743 5749 in
1795 5709 2007 5765 regnum
2094 5704 2233 5756 rere
2258 5700 2439 5756 dixsti
2505 5700 2541 5757 1.
2573 5700 2633 5756 51
2666 5712 2861 5755 sensus
2893 5702 3182 5751 auctorum
3214 5699 3482 5754 variatur.
