4198 6248
586 20 725 57 ,ῥηεε-
748 34 799 46 ..η
838 28 883 49 -.-
904 28 1079 53 canar..-
1110 28 1185 51 ιν,
1224 32 1383 51 ὦνερ

559 259 691 316 Im

1923 277 2205 341 ADRIANI
2237 282 2440 343 ΡΑΡΞ
2470 285 2522 349 ll

3668 315 3810 384 l2.“

561 394 664 435 nec
696 379 779 435 eis
805 394 839 437 a
875 380 1307 453 quibuscnnqoe,
1350 383 1432 439 vel
1472 387 1956 459 quomodocumque
1992 390 2142 459 (iam,
2173 397 2227 463 Α
2256 403 2340 452 ιοι·
2373 404 2433 453 ιιι
2464 398 2617 471 pacis
2660 409 2714 455 et
2746 400 3052 461 dilectionis
3082 405 3379 476 vinculum;
3405 424 3527 480 qure
3557 412 3728 484 major

566 482 741 528 meum
766 470 1031 529 interesse
1057 473 1271 537 mentis,
1309 476 1388 531 vel
1417 478 1765 543 definitionis,
1783 490 1883 561 aut
1912 482 2145 554 disposi-

560 563 726 619 tionis
772 563 1051 620 allectum.
1104 566 1423 636 Quanquam
1474 570 1521 623 si
1564 570 1788 640 quilibet
1836 575 2147 644 apostolicae

558 651 707 723 aedis
751 653 1179 708 miscricordiam
1222 657 1497 714 humiliter
1536 662 1953 730 postulaverint,
2000 665 2143 722 circa

566 742 656 796 ltus
682 738 958 812 praituissa
1001 744 1371 803 satisfactione
1407 742 1590 804 mitius
1617 765 1779 821 agere
1808 753 1955 807 nullo
1984 755 2145 810 modo

561 832 787 895 velimus
812 832 1135 891 inﬂexibiles
1159 823 1439 908 apparere.
1475 840 1705 896 Tantum
1738 859 1803 899 ne
1837 845 2141 916 bnjusmodi
2178 892 2182 896 .

561 922 804 980 homines
829 926 910 980 sic
933 926 1298 983 innocentiam
1327 944 1480 985 suam
1513 947 1756 992 asserere
1785 938 2062 1005 studeant,
2085 929 2157 995 ut.

553 1015 605 1068 in
651 1016 1052 1072 accusationem
1097 1020 1229 1074 tanti
1278 1022 1549 1088 pontilicis
1580 1025 1926 1097 maximeque
1962 1028 2015 1082 in
2047 1029 2142 1085 Dei

548 1107 753 1177 judicio
776 1109 1041 1173 collocati,
1066 1126 1282 1182 quoquo
1302 1129 1463 1169 motio
1490 1122 1845 1189 prorumpere
1864 1120 2136 1178 audeant:

547 1200 820 1272 praecipue
854 1188 1187 1269 camillum,
1228 1207 1354 1262 dum
1398 1209 1637 1273 advixit,
1680 1227 1841 1291 nemo
1884 1212 2144 1284 impetere

543 1302 973 1368 pra-sumpserit,
1005 1301 1090 1355 vel
1131 1316 1253 1356 cum
1292 1304 1359 1358 ile
1403 1304 1601 1374 injuste
1641 1305 1845 1374 judicio
1889 1324 2136 1381 arguere,

544 1391 630 1445 vel
680 1390 915 1447 tenuiter
960 1409 1125 1449 ausus
1170 1395 1469 1462 exstiterit;
1518 1396 1803 1458 nisiforte
1841 1399 1985 1454 hunc
2016 1401 2139 1470 quis

542 1481 824 1538 humiliter
852 1483 1006 1548 adiit,
1037 1484 1123 1538 cui
1154 1484 1241 1538 ille
1274 1485 1647 1543 satisfactione
1685 1492 1920 1546 nondum
1948 1501 2135 1546 curata

516 1568 521 1572 ’
532 1571 660 1642 jure
707 1574 984 1630 remittere
1023 1592 1129 1631 non
1183 1579 1478 1633 consensit.
1526 1579 1715 1636 Estote
1769 1580 1939 1651 igitur
1986 1582 2135 1637 circa

540 1666 656 1719 haec
703 1666 923 1738 vigiles,
972 1677 1146 1724 estote
1192 1670 1387 1735 fortes,
1438 1682 1494 1727 et
1546 1673 1645 1729 ista
1696 1674 1947 1730 omnibus
1993 1676 2132 1731 ultra

2245 488 2496 545 omnibus
2521 491 2811 548 virtutibus
2838 504 2895 550 ct
2916 495 3436 556 ltolocautomatibus
3462 502 3548 574 (ΙΙ
3591 503 3839 578 Pen-.1).

2245 575 2611 635 insolabiliter
2634 581 2695 643 in
2738 598 2935 640 omnes
2958 586 3290 649 .ettinvieem
3328 590 3623 650 observare
3656 575 3833 668 gloria

2247 676 2336 721 tua
2361 672 2675 734 contendat,
2697 681 2751 726 et
2771 665 2916 728 inier
2940 675 3215 746 subjectos
3239 682 3550 742 medullitus
3569 665 3831 745 custodiri

2243 770 2461 828 semper
2504 761 2813 820 adnmncat.
2865 765 2920 821 ln
2962 764 3244 839 boceuitn
3275 775 3427 847 regni
3460 779 3626 837 vestri
3655 791 3831 841 statim

2243 849 2443 917 poterit
2472 851 2762 911 incolumis
2783 858 2949 913 tutius
2977 875 3321 935 permanere,
3346 868 3392 924 si
3425 884 3522 926 vos
3553 874 3826 931 nemiuem

2242 942 2615 1001 concutientes
2637 960 2666 999 a
2696 947 2842 1009 nullo
2868 954 3085 1006 concuti
3108 955 3524 1026 dignoscamini.
3552 944 3843 1027 Praeterea

2243 1030 2493 1087 nolumus
2518 1033 2766 1105 ignorare
2801 1037 3180 1098 celsitudinem
3212 1057 3380 1114 tuam,
3409 1049 3823 1111 dilectissimum

2241 1135 2297 1183 et
2326 1128 2629 1199 spiritalem
2661 1132 2831 1189 tilium
2860 1146 3107 1193 nostrum
3133 1138 3488 1212 Ludovicum,
3516 1148 3825 1218 piissimum

2241 1227 2296 1273 et
2315 1236 2345 1274 a
2376 1222 2486 1278 Deo
2510 1235 2817 1293 protectum
2845 1228 3251 1301 imperatorem,
3277 1251 3383 1292 non
3409 1238 3675 1298 adversus
3696 1259 3825 1300 san-

2240 1321 2342 1369 eta:
2373 1313 2651 1394 religionis
2674 1317 2849 1384 lilios,
2868 1326 2927 1375 ut
2955 1321 3193 1390 quidam,
3213 1340 3479 1396 pugnare,
3505 1346 3608 1390 nec
3626 1344 3819 1389 contra

2240 1404 2365 1460 fidei
2394 1405 2721 1465 Christiana:
2755 1410 3109 1479 domesticos,
3140 1414 3236 1472 sed
3263 1419 3522 1476 adversus
3549 1421 3694 1483 filios
3720 1425 3823 1481 Be-

2240 1495 2352 1559 lial,
2382 1508 2439 1552 et
2470 1499 2735 1557 adversus
2769 1500 2971 1560 Christi
3003 1507 3236 1563 nominis
3266 1509 3535 1577 inimicos,
3571 1530 3670 1585 pro
3690 1532 3823 1573 san.

2238 1596 2340 1641 nec
2369 1588 2640 1657 Ecclesiae,
2677 1600 2732 1647 et
2760 1595 3034 1667 praecipue
3057 1608 3244 1655 nostra
3267 1588 3590 1672 securitate,
3611 1622 3823 1680 proque

2240 1677 2475 1737 ﬁdelium
2525 1680 2843 1740 liberatione
2884 1686 3201 1753 multorum,
3246 1692 3337 1761 qui
3375 1707 3515 1764 pene
3544 1693 3657 1766 jam
3685 1677 3822 1753 filic-

536 1757 703 1828 Alpes
748 1760 1060 1814 constitutis
1100 1762 1369 1831 episcopis
1424 1765 1771 1829 nuntiantes,
1825 1775 1881 1821 ut
1929 1776 1983 1822 et
2034 1768 2133 1839 ipsi
2166 1767 2210 1826 Β
2241 1778 2397 1827 tenns
2432 1774 2575 1843 apud
2612 1774 2894 1832 Samnium
2942 1757 3411 1850 periclitabantur,
3444 1786 3514 1841 ita
3544 1757 3608 1846 ιιι
3650 1788 3820 1845 etiam

442 1888 445 1889 ν
536 1865 751 1921 quoque
779 1867 942 1919 super
980 1854 1065 1909 his
1106 1854 1319 1910 solliciti
1362 1855 1661 1922 ct_intenti
1705 1870 2131 1931 prOpugttatorcs

535 1941 662 1998 sint.
697 1942 1022 1997 salutaribus
1050 1945 1268 1999 monitis
1298 1947 1544 2003 incitare.
1580 1948 1712 2014 tivo,
1742 1961 1897 2021 parte
1928 1968 1976 2015 v,
2004 1968 2125 2023 cap.

533 2028 653 2099 54.)
682 2032 947 2097 Quoniam
987 2033 1031 2086 si
1071 2034 1217 2089 sedis
1260 2035 1569 2104 apostolicae
1605 2040 1821 2107 praesul,
1847 2040 1931 2095 vel
1962 2041 2131 2111 ipsius

529 2121 769 2183 decreta.
789 2124 1131 2179 detestationi
1159 2124 1238 2181 vel
1266 2129 1594 2182 abdicationi
1618 2131 1905 2195 habentur,
1931 2131 2129 2188 nullius

528 2221 771 2268 vestrum
801 2214 885 2268 vel
910 2229 1105 2271 nomen
1134 2218 1214 2271 vel
1239 2218 1541 2275 institutum
1572 2221 1784 2276 lirmmn
1815 2234 1906 2277 aut
1932 2225 2128 2280 stabile

527 2314 854 2372 permanere
886 2306 1104 2361 valebit.
1140 2306 1279 2375 Quin
1310 2310 1489 2377 potius
1524 2319 1577 2366 cl
1606 2308 1966 2383 dogmatibus,
2004 2332 2128 2386 qum

527 2394 597 2446 de
631 2404 818 2448 sancta
863 2404 915 2449 et
962 2396 1235 2451 individua
1268 2397 1533 2455 'lit'initale
1568 2417 1599 2455 tt
1637 2392 1957 2471 praesulibus
1983 2406 2127 2460 sedis

528 2485 838 2550 apostolica:
869 2486 1301 2556 promulgantnr,
1331 2489 1586 2545 nonnulla
1616 2502 1843 2561 possunt
1880 2495 1995 2549 lieri
2027 2495 2125 2549 de.

526 2573 805 2640 trimenta,
854 2578 899 2631 si
940 2562 1359 2648 prrccetlentinm
1402 2593 1845 2654 quorumqucet
1888 2586 2124 2642 maxime

528 2666 715 2730 primat
764 2667 905 2721 sedis
950 2667 1261 2736 pontiﬁcum
1305 2679 1506 2726 statuta
1563 2671 1643 2726 vel
1688 2672 1802 2736 ulli,
1841 2677 1985 2743 quod
2016 2675 2119 2730 dici

526 2757 683 2811 nefas
708 2767 810 2823 est,
841 2760 1054 2827 quidet
1094 2760 1211 2829 ipso
1238 2761 1420 2818 auditu
1453 2779 1675 2833 prorsus
1705 2765 2058 2831 horrendum,
2087 2783 2120 2822 a

528 2847 981 2917 subsequentibus
1008 2851 1330 2921 quibusque,
1359 2853 1469 2908 itno
1506 2863 1559 2909 et
1597 2852 1961 2919 inferioribus,
1992 2859 2123 2924 abo-

524 2936 703 2996 litioui
740 2940 953 2995 cuidam
986 2941 1070 2996 vel
1104 2943 1441 3015 damnationi
1481 2944 1858 3014 subjiciuntur,
1895 2947 1980 3003 vel
2014 2948 2119 3002 im-

522 3034 628 3103 piae
658 3037 979 3101 temeritatis
1004 3055 1140 3095 ausu
1171 3040 1361 3096 saltem
1389 3040 1486 3097 soli
1518 3041 1852 3115 derogatioai
1886 3043 2121 3114 prodan-

2236 1862 2373 1919 lines
2417 1874 2633 1922 nostros
2688 1867 2968 1925 infestatio
3006 1870 3117 1941 jam
3151 1872 3376 1945 jamque
3414 1875 3817 1935 Saracenorum
3900 1953 3916 1961 θ

2232 1954 2532 2013 invaderet.
2570 1959 2847 2031 Egressus.
2877 1978 2909 2017 a
2948 1978 3162 2020 summo
3201 1968 3550 2029 sublimitatis
3596 1976 3822 2046 proprio

2230 2047 2392 2111 solio,
2426 2056 2481 2102 et
2514 2065 2544 2102 a
2582 2052 2946 2119 pa’eatissimae
2977 2055 3176 2123 quietis
3201 2072 3313 2114 sua:
3352 2058 3685 2132 fundamine,
3716 2079 3820 2122 nec

2230 2139 2446 2206 corpori
2482 2140 2678 2207 parcit,
2730 2157 2831 2199 nec
2858 2145 3104 2211 testibus,
3141 2163 3243 2205 nec
3274 2150 3567 2221 algoribus,
3599 2170 3696 2213 nec
3720 2156 3812 2212 de-

2229 2227 2394 2299 nique
2428 2229 2550 2285 ullis
2580 2232 2864 2289 eventibus
2889 2236 3066 2302 cedit;
3097 2239 3191 2293 sed
3234 2241 3416 2296 omnia
3448 2242 3815 2313 incommoda,

2226 2318 2406 2371 omnia
2438 2319 2753 2376 discrimina
2781 2339 2878 2394 pro
2900 2324 3103 2381 Christi
3134 2330 3352 2389 nomine
3382 2332 3649 2399 tolerans,
3672 2336 3810 2392 nihil

2226 2415 2311 2460 est
2345 2410 2488 2478 quod
2515 2426 2613 2480 pro
2635 2412 3075 2474 Christianorum
3104 2419 3381 2491 ereptione
3418 2434 3634 2481 recuset.
3672 2429 3813 2484 arri-

2225 2510 2373 2567 pere,
2400 2501 2534 2555 nihil
2562 2512 2645 2557 est
2665 2504 2807 2573 quod
2834 2514 2933 2575 pro
2972 2506 3208 2564 fidelium
3230 2512 3415 2581 quiete
3458 2530 3522 2568 ac
3550 2532 3684 2585 pace
3713 2517 3810 2574 de.

2222 2590 2387 2645 clinet
2431 2609 2724 2652 assumere.
2767 2597 3011 2671 Denique
3061 2617 3167 2659 non
3217 2604 3487 2660 modicam
3552 2608 3810 2666 Ecclesia:

2223 2692 2423 2735 Sttttcltn
2450 2683 2686 2752 quietem
2716 2702 2815 2757 per
2840 2701 2964 2743 eum
2994 2690 3175 2747 divina
3214 2690 3328 2760 jam
3362 2695 3538 2764 pietas
3581 2709 3804 2769 operata

2222 2784 2324 2835 est,
2352 2792 2458 2830 non
2490 2778 2717 2833 modica:
2745 2794 3076 2850 paganorum
3104 2784 3248 2841 vires
3272 2785 3589 2844 fortitudine
3614 2805 3803 2859 snper-

2220 2882 2289 2920 na
2318 2878 2600 2937 prostrate
2626 2881 2773 2926 sunt.
2797 2871 3075 2944 Siquidem
3093 2878 3288 2949 sacpius
3302 2880 3519 2937 eosdem
3545 2891 3802 2956 tanquam

2224 2970 2405 3012 mures
2426 2972 2458 3012 e
2485 2960 2737 3016 cavernis
2762 2962 2876 3019 suis
2899 2979 3150 3035 egressos
3177 2967 3245 3023 ad
3268 2983 3365 3026 sua
3395 2969 3618 3028 latibula
3644 2984 3801 3047 terga

2223 3058 2436 3103 vertere
2461 3052 2742 3123 compulit,
2771 3062 2828 3109 et
2872 3055 3094 3113 brachia
3124 3068 3314 3115 contra
3351 3068 3579 3119 nostros
3604 3067 3816 3121 exerta'

469 3190 480 3201 ⁸
524 3133 633 3181 tur.
670 3124 928 3182 Sanctam
967 3126 1363 3185 fraternitatem
1402 3141 1641 3187 vestram
1687 3141 1937 3203 optamus
1975 3148 2118 3187 nunc
2151 3143 2195 3205 (ζ
2227 3142 2435 3210 potenti
2464 3146 2664 3202 virtute
2686 3146 2926 3203 resolvit.
2967 3149 3107 3220 Quin
3134 3162 3188 3208 et
3226 3154 3381 3211 nobis
3408 3158 3683 3224 omnibus,
3708 3161 3802 3231 qni

518 3227 576 3271 et
604 3232 822 3289 semper
840 3218 896 3274 in
923 3219 1140 3277 Christo
1167 3224 1304 3277 bene
1333 3222 1535 3279 valere.
1570 3224 1699 3279 Data
1732 3239 1784 3279 tv
1811 3222 1996 3281 Nonas
2022 3223 2130 3280 Fe-

519 3309 749 3377 bruarii,
785 3309 1077 3369 iudieiionc
1100 3314 1295 3383 prima.

1276 3425 1364 3481 IV.

824 3526 897 3569 AD
934 3529 1234 3572 LUDOVICCM
1272 3533 1447 3573 unum
1488 3535 1795 3577 GERIMNLI.

1134 3610 1323 3682 (Anno
1350 3612 1501 3681 868.)

526 3713 605 3771 De
630 3716 855 3791 ‘rirloriis
883 3715 1135 3791 Ludovici
1160 3723 1489 3791 imperatoris
1517 3726 1765 3779 adiret-sus
1792 3725 2107 3791 Saracenos,

590 3791 743 3855 cujus
787 3788 997 3845 interim
1038 3802 1088 3846 et
1128 3788 1367 3848 Lodmrii
1410 3792 1578 3851 ‘ratris
1619 3813 1739 3865 quo:
1767 3811 1925 3864 sunt,
1966 3788 2113 3870 tangi

590 3869 750 3914 vetet.
1065 3928 1077 3937 _
1328 3922 1333 3925 _
1702 3924 1705 3927 .

588 3970 867 4030 Δοιιιιιιςε
890 3974 1203 4047 episcopus,
1233 3990 1426 4033 servus
1454 3992 1736 4035 servorum
1762 3981 1878 4048 Dei,
1911 3981 2109 4060 dilecto

518 4058 631 4119 filio
657 4061 931 4120 Lnnovtco
957 4065 1191 4134 glorioso
1213 4068 1346 4138 regi.

585 4153 735 4211 Inter
775 4156 999 4212 exordia
1032 4157 1292 4213 divinitus
1315 4159 1573 4229 ordinati,
1622 4161 1748 4219 licet
1777 4163 1832 4219 in
1883 4164 2104 4236 indigno

513 4246 788 4311 ministro,
816 4247 1164 4318 pontificatus
1192 4250 1316 4314 mei,
1351 4252 1499 4320 pacis
1529 4253 1766 4307 studium
1804 4269 1917 4315 ora:
1943 4264 2105 4311 cete-

512 4340 592 4395 ris
619 4340 905 4396 virtutibus
920 4341 1245 4411 praedicandi
1268 4344 1638 4414 condendique
1651 4346 1782 4401 mihi
1805 4348 2104 4404 necessitas

428 4496 429 4499 η
514 4444 626 4485 non
670 4429 1116 4486 inconvenienter
1147 4432 1434 4488 incumbit.
1471 4432 1738 4491 Nimirum
1779 4453 1902 4492 cum
1936 4440 2102 4496 etiam

2223 3233 2379 3305 longe
2402 3251 2591 3292 smnus
2613 3246 2669 3293 et
2691 3239 2782 3308 qui
2813 3254 3001 3311 prope,
3027 3258 3235 3313 magna:
3263 3247 3573 3303 securitatis
3608 3250 3801 3320 ιιι-ωεξ-

2220 3326 2368 3382 dium
2421 3329 2789 3401 condonavit,
2836 3333 2965 3390 dum
3012 3336 3218 3392 scilicet
3270 3338 3554 3396 nonnullos
3609 3355 3802 3397 eorum

2220 3420 2535 3487 prostravit,
2565 3422 2852 3478 nonnullos
2891 3423 3055 3479 etiam
3082 3428 3153 3482 ab
3193 3412 3383 3483 eorum
3424 3430 3801 3501 superstitioso

2221 3512 2325 3566 ritu
2349 3504 3082 3580 conﬁtrtensSClu-istilidei
3110 3527 3165 3574 et
3207 3536 3351 3577 verte
3391 3522 3668 3597 religionis
3713 3525 3799 3579 iti-

2217 3619 2346 3659 nera
2397 3608 2602 3661 seetari
2636 3610 2936 3677 perdocuit.
2985 3609 3099 3679 Qua
3129 3611 3197 3667 de
3238 3627 3296 3668 re
3335 3621 3512 3669 ratum
3548 3615 3798 3672 ducimus

2215 3707 2450 3752 vestram
2480 3714 2829 3756 commonere
2849 3717 3046 3773 magno
3074 3717 3238 3776 opere
3266 3704 3668 3774 celsitudinem,
3688 3724 3799 3780 quo

2213 3803 2323 3842 non
2364 3788 2562 3844 vestris
2613 3791 2888 3856 inmitius,
2934 3795 3045 3849 nun
3090 3794 3321 3851 aliorum
3356 3798 3794 3869 snggestionibus

2214 3878 2445 3945 incitati,
2469 3881 2766 3952 quidquam
2789 3900 2916 3954 qua:
2937 3884 3082 3943 illius
3111 3895 3239 3945 sunt
3263 3898 3558 3946 concutere
3583 3905 3790 3961 praesa-

2209 3972 2393 4027 matis.
2435 3971 2552 4028 Non
2602 3974 2777 4031 solum
2825 3986 3008 4032 autem
3046 3994 3169 4049 quae
3216 3979 3361 4035 illius
3403 3991 3569 4046 sunt,
3603 3997 3789 4039 verum

2208 4060 2372 4115 etiam
2398 4078 2518 4131 quae
2541 4060 2725 4120 fratris
2749 4064 2938 4136 ipsius,
2981 4067 3226 4123 Lotharii
3277 4070 3528 4126 videlicet
3566 4071 3788 4145 gloriosi

2210 4150 2372 4219 regis,
2404 4152 2729 4219 consistunt,
2757 4153 2905 4210 nullo
2931 4170 3275 4215 commovere
3317 4158 3598 4229 patiamini
3632 4174 3788 4231 pror-

2209 4255 2302 4296 sus
2333 4242 2610 4299 instinctu.
2659 4243 2761 4311 Qui
2793 4245 2940 4300 enim
2990 4234 3161 4320 tangit
3202 4263 3266 4303 ea
3304 4264 3427 4320 qua:
3451 4248 3641 4305 fratris
3667 4247 3788 4320 ejus

2206 4342 2355 4399 sunt,
2380 4334 2467 4388 illa
2488 4350 2607 4405 qua:
2640 4336 2807 4406 ipsius
2830 4349 2956 4394 sunt
2982 4341 3180 4411 tangit;
3214 4349 3274 4396 et
3296 4342 3389 4411 qui
3421 4340 3569 4397 illum
3616 4342 3790 4400 livore

2206 4423 2382 4479 victus
2419 4435 2761 4492 commovet,
2815 4428 2960 4484 hunc
3006 4430 3193 4501 procul
3236 4431 3400 4486 dubio
3442 4446 3788 4490 commovere

512 4521 568 4577 in
626 4521 798 4592 ipsius
844 4520 1138 4579 Dominicis
1186 4525 1485 4581 nativitatis
1538 4516 1809 4600 principio
1858 4533 2100 4589 cmlestis

2221 4515 2560 4587 lignoscitur.
2603 4518 2967 4584 Quamobrem
3008 4523 3297 4577 suademus
3338 4531 3394 4578 et
3438 4522 3784 4583 dilectionem

508 4600 789 4669 exercitus
830 4613 1035 4669 militiae
1058 4616 1191 4671 visa:
1221 4615 1359 4677 sint.
1397 4631 1517 4687 quae
1542 4618 1836 4677 clamarent
1863 4636 1879 4676 :
1914 4621 2100 4679 Gloria

511 4703 567 4757 in
592 4703 807 4759 excelsis
840 4702 971 4770 Deo,
1002 4706 1120 4759 etin
1148 4717 1290 4760 terra
1307 4724 1414 4778 prta:
1432 4709 1731 4765 hominibus
1749 4711 1899 4767 bona
1922 4711 2102 4767 volun-

514 4797 643 4848 tatis
670 4794 820 4865 (Luc.
854 4795 917 4865 ι).
969 4795 1065 4851 Ubi
1113 4795 1361 4866 profecto
1402 4799 1632 4855 solerter
1669 4802 1987 4859 intuendum
2017 4811 2102 4860 est

512 4887 643 4959 quia
687 4889 829 4943 sicut
859 4898 989 4945 tunc
1027 4900 1305 4960 pastores,
1351 4890 1443 4961 qui
1492 4907 1655 4962 super
1692 4907 1908 4963 gregem
1939 4908 2097 4947 suum

512 4994 627 5051 [me
651 4980 865 5035 caeteris
892 4981 1448 5053 vigilaverunt,tanti
1494 4983 1715 5053 tripudii
1759 4984 1940 5040 videre
1985 5000 2096 5055 pne

508 5071 724 5125 caeteris
746 5073 937 5141 gaudia
965 5083 1314 5129 meruerunt:
1342 5075 1413 5130 ita
1445 5091 1543 5130 nos
1566 5084 1694 5130 tunc
1720 5063 1905 5145 procul
1934 5076 2096 5134 dubio

509 5162 811 5218 emiestinm
842 5164 1106 5219 bonorum
1135 5163 1376 5220 laetitiam
1403 5165 1629 5236 adipisci
1659 5167 2010 5230 merebimur,
2048 5167 2093 5223 si

509 5266 668 5323 super
684 5266 814 5310 oves
838 5252 1145 5310 Dominicas
1160 5255 1386 5311 sollicite
1408 5257 1691 5327 vigilemus
1715 5275 1731 5311 :
1757 5272 1825 5312 ne
1845 5257 2096 5313 videlicet

514 5344 611 5401 bas
634 5344 717 5401 vel
754 5360 849 5415 per
876 5345 1101 5403 insidias
1128 5349 1247 5406 odii
1276 5363 1375 5404 seu
1412 5348 1697 5406 discordiae
1726 5365 1897 5426 vorax
1937 5350 2094 5420 lupus

509 5437 750 5499 Iovadat,
779 5437 864 5491 vel
885 5452 983 5506 per
1004 5438 1354 5507 cupiditatem
1378 5440 1567 5495 avidus
1596 5439 1792 5495 illeleo
1812 5439 2091 5511 deglutiat,

514 5527 607 5596 qui
656 5526 884 5584 docente
916 5529 1283 5596 apostolorum
1318 5530 1562 5600 principe
1600 5530 1797 5586 circuit
1841 5545 2095 5603 querens

507 5630 671 5685 quem
698 5616 937 5673 devoret.
971 5616 1204 5689 ideoque
1227 5636 1386 5686 mute,
1421 5620 1493 5676 lili
1526 5620 1867 5683 charissitne,
1898 5636 2095 5691 oppor-

511 5713 640 5762 tune
665 5707 970 5775 importune
991 5709 1213 5785 suadeo,
1240 5712 1503 5768 admoneo
1531 5710 1582 5766 et
1609 5713 1875 5769 instanter
1898 5714 2094 5771 adhor-

2204 4615 2439 4662 vestratn
2468 4606 2554 4665 bis
2578 4608 2823 4679 apicibus
2846 4611 3216 4678 cohortantur,
3248 4620 3307 4668 ut
3338 4612 3540 4683 iniquis
3564 4615 3782 4679 suasio-

2202 4697 2360 4753 nibus
2386 4713 2491 4754 non
2519 4700 2749 4765 cedatis,
2781 4716 2884 4757 nec
2903 4701 3123 4758 sinistra
3154 4694 3594 4760 machinantibus
3622 4720 3786 4762 aures

2202 4790 2622 4846 accommodctis
2659 4808 2672 4844 :
2705 4792 3200 4865 sedunusquisque
3241 4805 3485 4852 vestrum
3513 4810 3618 4852 suo
3655 4794 3783 4867 jure
3808 4858 3821 4866 ο

2202 4890 2510 4947 contentus,
2545 4898 2667 4953 quae
2713 4882 2937 4939 alterius
2965 4894 3090 4941 sunt
3136 4902 3404 4956 usurpare
3433 4903 3538 4943 non
3581 4897 3776 4950 tentet.

2204 4987 2305 5026 nec
2334 4972 2586 5030 invadere
2606 4988 2926 5045 quocunque
2949 4978 3108 5033 modo
3124 4979 3346 5042 nitatur,
3371 4980 3514 5049 quod
3533 4981 3781 5036 invasam

2203 5078 2311 5118 non
2363 5064 2632 5120 modicum
2661 5077 2840 5135 potest
2866 5067 3099 5123 invasori
3145 5083 3405 5140 generare
3428 5071 3545 5126 sine
3568 5071 3781 5126 dubita-

2205 5157 2350 5210 tione
2379 5156 2692 5213 discrimen.
2720 5159 3004 5215 Provideat
3032 5178 3160 5233 ergo
3190 5163 3475 5232 prudentia
3505 5171 3688 5219 vestra
3714 5178 3781 5219 no

2192 5243 2310 5315 jam
2349 5248 2460 5303 fato
2497 5247 3013 5308 desiderabilissimo
3053 5254 3162 5309 lilio
3207 5262 3392 5310 nostro
3431 5267 3649 5326 semper
3675 5255 3784 5309 Au-

2201 5350 2385 5412 gusto,
2416 5356 2638 5397 causam
2675 5341 2770 5397 Dei
2800 5329 3150 5416 exsequenti,
3194 5345 3647 5402 et-btereditatem
3674 5345 3781 5402 Do.

2200 5434 2333 5489 mini
2359 5433 2687 5498 vindicanti,
2719 5449 2783 5491 ac
2812 5434 2982 5507 ipsius
3007 5435 3145 5492 bella
3187 5436 3474 5507 pratiianti,
3500 5434 3781 5507 quodlibet

2198 5524 2580 5581 oﬂ‘endiculum
2609 5537 2979 5598 praeparetur,
3022 5544 3133 5600 quo
3172 5538 3372 5609 sanctae
3400 5528 3498 5585 Del
3524 5526 3779 5585 Ecclesia

2200 5616 2393 5684 quavis
2436 5632 2504 5671 ex
2533 5626 2687 5686 parte
2715 5618 3070 5689 impediatur,
3114 5620 3199 5674 vel
3226 5618 3504 5691 profectus
3534 5617 3775 5675 ﬁdelium

2200 5708 2555 5770 excludatur:
2588 5710 2678 5765 sed
2700 5712 2881 5781 potius
2917 5711 3018 5768 tela
3050 5721 3227 5768 vestra
3268 5729 3598 5785 paganorqu
3628 5711 3775 5767 acies
