4198 6232
375 296 517 358 1265

1595 302 1965 364 ενιετοιιε
2003 305 2094 364 E'l'
2134 305 2310 365 θεαὶ
2318 304 2472 363 ΕΤᾹ.

3536 299 3677 368 ηας

380 419 639 484 paveam,
668 420 723 468 et
746 409 928 479 iacula
958 418 1132 469 vestra
1162 412 1215 470 bi
1238 414 1329 486 qui
1365 415 1482 472 sine
1508 414 1618 473 Deo
1654 425 1781 473 sunt
1799 427 1961 473 acuta
1996 422 2042 481 Α
2071 431 2127 476 et
2150 438 2251 492 pro
2280 422 2630 491 simulatione
2680 425 2878 497 potiori
2938 440 3079 483 nexu
3138 426 3409 500 ligaberis.
3453 428 3677 487 Etenim

383 504 681 577 reperiam.
711 504 852 571 Quin
875 504 1113 577 penitus,
1144 508 1443 563 secundum
1467 508 1811 580 Apostolum,
1865 526 1989 565 non.

380 596 456 653 sit
479 596 637 655 vobis
662 596 972 654 colluctatio
996 599 1258 656 adversus
1280 586 1503 656 carnem
1538 611 1595 658 et
1626 602 1974 674 sanguinem,

382 688 438 744 id
462 697 553 746 est
580 688 852 753 homines.
882 690 978 746 sed
1006 691 1267 747 adversus
1284 692 1558 773 principes
1575 701 1632 747 et
1651 702 1973 763 potestates,

381 781 647 844 adversus
669 781 856 839 mundi
885 791 1127 840 rectores
1153 783 1503 840 tenebrarum
1537 786 1753 851 harum,
1782 793 1972 842 contra

381 870 649 947 spiritalia
674 872 933 945 nequitia:
951 872 1007 929 in
1030 872 1343 948 celestibns
1359 873 1577 945 (Εριιεε.
1602 874 1697 948 vt).
1722 875 1975 947 Alioquin

383 946 612 1022 manum
657 962 971 1037 apostolicae
1003 966 1152 1022 sedis
1170 978 1303 1024 cum
1320 946 1523 1024 \eodem
1547 946 1797 1038 piissimo
1828 946 1977 1040 prin,-

377 1057 507 1130 cipe
528 1055 744 1114 fortiter
762 1048 886 1115 esse
904 1059 1238 1130 cognoscite,
1261 1066 1320 1116 et
1347 1073 1500 1115 arma
1529 1068 1718 1115 nostra
1748 1060 1823 1115 illi
1854 1076 1976 1115 mu-

379 1147 591 1205 nimina
619 1148 955 1206 validissima
989 1142 1360 1214 eonl’erenitia‘.
1392 1168 1608 1209 summo
1649 1153 1977 1223 agonotbeta

379 1239 539 1298 nobis
565 1251 917 1299 eoucertante
933 1283 948 1307 ,
967 1252 1025 1298 et
1050 1244 1333 1299 beatorum
1357 1245 1662 1316 principmn
1694 1245 1971 1316 apostolo-

378 1346 505 1388 rum
533 1332 922 1391 intercessione
948 1344 1298 1405 cooperante,
1341 1345 1643 1407 praeparata
1668 1339 1786 1392 sine
1814 1351 1977 1392 cune-

382 1422 591 1481 tatioue
613 1425 957 1496 praenoscite.
988 1422 1261 1498 Optamus
1308 1428 1541 1500 gloriam
1564 1440 1806 1487 vestram
1833 1447 1980 1486 nunc

379 1526 438 1574 et
459 1531 680 1589 semper
720 1515 778 1575 in
815 1516 1037 1575 Christo
1074 1519 1288 1586 valere,
1318 1522 1672 1578 dilectissime
1697 1520 1796 1578 illi.
1840 1523 1976 1580 Data

380 1609 557 1681 pridie
567 1608 691 1669 ldus
717 1609 1063 1679 Februarias,
1089 1612 1387 1671 indictione
1410 1614 1611 1687 prima.

756 1714 763 1717 ⁷
1154 1748 1222 1806 v.
1350 1718 1356 1723 ’

937 1876 1010 1917 ΔΙ)
1044 1878 1404 1921 νινΑιυιιΑιηιι.

987 1976 1164 2048 (Ληυο
1210 1964 1365 2052 ses.)

385 2082 756 2161 Waldmdam,
780 2088 905 2161 quia
943 2091 1221 2160 resipuisse
1264 2092 1553 2153 dicebatur,
1589 2092 1846 2149 Ludovici
1872 2096 1973 2148 iut-

451 2160 710 2234 peratoris
774 2160 994 2234 rogatu.
1038 2164 1392 2234 communioni
1442 2163 1694 2230 Ecclesia:
1726 2167 1971 2234 restituit,

449 2217 515 2283 eo
552 2227 661 2299 lege
690 2239 746 2284 ut
775 2217 858 2286 ad.
878 2217 1115 2287 Lotlmrii
1140 2217 1454 2289 societatem
1476 2217 1583 2290 non
1608 2217 1805 2293 redeat.

2077 513 2264 572 divino
2289 514 2465 571 fertur
2515 516 2747 573 oracqu
2766 515 2829 589 (1·
2847 515 2977 589 Reg.
3020 518 3158 587 xvi),
3183 518 3310 590 quia
3336 520 3500 577 homo
3528 520 3673 577 videt

2043 621 2051 627 ·
2076 606 2133 662 iu
2189 606 2403 671 faciem.
2439 609 2581 665 Deus
2609 617 2792 665 autem
2818 623 2916 666 cor
2963 608 3226 665 intuetur.
3256 608 3401 685 Ergo
3425 603 3494 668 ite
3520 611 3672 669 dele-

2076 700 2244 757 cteris
2264 701 2319 757 in
2347 700 2569 767 inlimis,
2596 702 2694 758 sed
2724 716 2959 774 superna
2980 701 3163 759 cordis
3195 702 3410 761 intuere
3454 690 3673 776 semper

2075 794 2372 851 obtutibus.
2432 793 2647 851 Caduca
2697 803 2824 851 sunt
2873 810 2996 867 qua:
3039 804 3360 864 cernuntur,
3387 810 3512 867 quas
3538 808 3674 854 vero

2076 902 2181 941 non
2212 887 2467 944 videntur
2484 897 2689 944 aeterna
2714 886 3040 944 consistunt.
3071 876 3191 945 Noli
3221 904 3351 961 rogo
3378 905 3477 961 pro
3500 898 3676 946 terre-
3767 920 3775 929 -

2074 978 2163 1035 uis
2190 978 2458 1048 cmlestia,
2486 995 2587 1053 pro
2612 979 2916 1036 visibilibus
2945 979 3158 1051 gaudiis
3178 979 3407 1050 perdere
3433 980 3651 1052 gaudia,

2074 1084 2197 1139 qua:
2217 1070 2434 1141 quidem
2462 1086 2561 1125 nec
2582 1068 2814 1139 cogitari
2844 1068 3139 1124 sulliciunt.
3170 1068 3375 1126 Nullus
3392 1069 3490 1125 tibi
3520 1068 3673 1127 blan-

2077 1149 2424 1229 diatur;‘qni
2475 1160 2621 1216 enim
2674 1167 2727 1215 te
2777 1158 3117 1224 hastilicant,
3146 1158 3246 1231 ipsi
3278 1168 3332 1216 te
3371 1160 3670 1231 decipiunt.

2080 1251 2323 1322 Denique
2347 1252 2781 1322 quantiscunque
2829 1251 3190 1309 velaminibns
3215 1251 3427 1321 iustitia
3449 1259 3505 1309 et
3533 1254 3676 1326 veri.-

2079 1348 2163 1396 tas
2188 1341 2511 1410 occultetur,
2539 1342 2867 1416 quandoque
2894 1351 3077 1399 tamen
3129 1342 3476 1415 splendorem
3527 1343 3673 1401 foras

2078 1447 2193 1489 suae
2243 1432 2509 1490 claritatis
2560 1428 2794 1498 emittet,
2824 1448 2925 1490 nec
2974 1435 3173 1505 poterit
3200 1436 3425 1492 omnino
3467 1434 3676 1494 diutius

2078 1522 2265 1578 nubilo
2287 1539 2446 1579 sava:
2467 1523 2802 1604 detensionis
2825 1524 3042 1581 obduci.
3067 1524 3245 1593 Quod,
3273 1524 3491 1581 favente
3537 1526 3671 1592 Deo,

2080 1622 2195 1670 tam
2223 1614 2371 1670 sedis
2393 1612 2706 1686 apostolicae
2736 1613 2935 1681 studio,
2957 1631 3124 1686 quam
3151 1617 3439 1673 rectissimi
3465 1616 3671 1688 princi-

2082 1705 2187 1776 pis,
2236 1704 2543 1768 ebarissimi
2590 1703 2842 1763 videlicet
2885 1705 2981 1762 lilii
3030 1708 3225 1771 nostri,
3272 1707 3357 1763 cui
3393 1723 3673 1779 nunquam

2011 1773 2055 1832 Β
2084 1773 2345 1853 tortitudo
2371 1796 2626 1868 quadibet
2649 1797 2941 1870 aliquando
2960 1798 3179 1869 placuit,
3216 1801 3309 1856 sed
3335 1816 3433 1856 nec
3456 1773 3674 1873 placere

2079 1905 2295 1961 quoquo
2342 1891 2505 1948 modo
2553 1892 2779 1963 poterit,
2812 1891 3200 1960 sollicitudine,
3233 1893 3417 1952 radios
3445 1910 3575 1989 suos
3615 1905 3676 1955 ut

2077 1983 2209 2039 solis
2235 1983 2441 2040 candor
2464 1984 2739 2042 extendet.

2837 2121 2924 2179 Vi.

2510 2256 2589 2294 AD.
2619 2254 2900 2298 EPISCONB
2939 2255 3225 2298 ΕΕΒΞΞᾹΧΙΞ
3235 2282 3249 2297 .

458 2338 627 2397 Nemo
654 2342 813 2413 plane
831 2344 1043 2401 dubitat
1079 2345 1280 2403 nullum
1308 2349 1520 2405 l‘aditms
1542 2366 1683 2417 esse,
1710 2351 1852 2422 quod
1880 2352 1979 2409 Ec-
2049 2350 2348 2407 Absolutum
2378 2370 2410 2408 α
2437 2368 2495 2407 se
2513 2351 2889 2426 Ναὲιίηηιαηι,
2928 2365 2977 2408 ct
3021 2357 3429 2426 congruentibus
3458 2358 3671 2415 monitis

377 2432 546 2490 clesia
572 2432 697 2491 data
722 2433 826 2490 sibi
852 2435 1113 2492 divinitus
1139 2446 1408 2509 potestate
1452 2440 1523 2496 ab
1550 2456 1617 2495 eo
1654 2440 1971 2497 desistenti-

378 2524 485 2582 bus
516 2542 624 2583 non
644 2526 817 2599 possit
844 2528 1148 2594 absolvere,
1178 2540 1236 2585 et
1281 2532 1671 2601 ptenitentibus
1705 2534 1973 2601 relaxare,

336 2647 340 2650 ’
380 2618 470 2673 cui
490 2608 691 2675 dicitur
722 2635 736 2673 :
763 2617 1105 2691 Quu'cuuque
1129 2606 1437 2679 dimiseritis
1462 2641 1621 2695 super
1660 2637 1875 2690 terram,
1895 2627 1979 2680 di-

380 2711 543 2765 misso
561 2719 716 2766 erant
739 2698 787 2766 et
820 2712 880 2767 in
909 2698 1052 2767 ccli:
1073 2731 1093 2768 :
1110 2724 1159 2769 et
1192 2731 1517 2787 quacunque
1541 2717 1798 2773 solrcrt'tt's
1820 2716 1981 2789 super

380 2812 597 2871 terram,
622 2804 796 2861 solute
820 2816 1040 2861 erantet
1064 2808 1118 2861 in
1146 2810 1288 2864 catis
1319 2808 1337 2881 (
1371 2808 1567 2864 Matth.
1612 2826 1771 2875 xvm,
1811 2809 1973 2867 Joau.

383 2892 501 2965 20).
532 2892 591 2949 lu
637 2894 1050 2966 quibuscunque
1082 2898 1264 2952 omnia
1295 2907 1442 2963 sunt,
1473 2908 1893 2971 quantacunque
1922 2909 1978 2956 ct

381 2986 780 3061 qualiacunque
826 2988 955 3044 sint.
983 2987 1137 3059 Quod
1165 2992 1330 3046 etiam
1383 2991 1438 3047 io
1465 2994 1736 3050 sententia
1767 3004 1857 3049 tua
1886 3009 1973 3050 ra-

381 3076 715 3136 tidnabiliter
761 3078 1162 3137 observandum
1189 3090 1294 3147 est,
1323 3097 1432 3154 qua
1488 3081 1618 3139 licet
1640 3081 1801 3140 fuerit
1833 3085 1972 3141 obli-

380 3179 532 3241 gata,
553 3172 684 3243 quia
713 3180 919 3237 tamen,
949 3174 1090 3229 sicut
1116 3173 1432 3241 multorum,
1459 3175 1555 3232 sed
1597 3175 1868 3249 praecipue
1889 3175 1973 3233 di-

378 3260 661 3327 lectissimi
687 3264 783 3323 tllii
806 3268 976 3324 nostri
1004 3267 1261 3325 Ludovici
1284 3260 1693 3326 clementissimi
1719 3271 1970 3344 Augusti,

381 3355 469 3411 cui
502 3355 636 3431 lides
657 3356 713 3412 in
733 3357 989 3416 omnibus
1015 3359 1318 3418 adhibenda
1345 3368 1449 3426 est,
1484 3360 1752 3417 relatione
1783 3362 1974 3418 didici-

379 3466 527 3518 mus,
554 3470 586 3509 a
609 3467 781 3521 naevo,
803 3470 914 3526 quo
937 3456 1215 3514 teneberis
1242 3455 1531 3518 obstricta.
1563 3456 1858 3529 resipuisse
1884 3457 1971 3513 di-

380 3544 545 3609 ceris,
574 3553 629 3601 et
654 3547 726 3603 ab
753 3545 1136 3611 obstinatione.
1161 3563 1266 3619 qua
1285 3548 1562 3604 videbaris
1606 3563 1840 3616 annexa,
1862 3549 1974 3605 dis-

379 3637 612 3696 cessisse
637 3639 900 3706 narraris,
926 3639 1149 3711 pietatis
1171 3640 1266 3696 tibi
1287 3640 1494 3697 viscera
1520 3642 1740 3697 noveris
1765 3649 1823 3697 et
1843 3656 1975 3711 apo-

380 3728 588 3785 stolica:
628 3728 777 3786 sedis
804 3738 1011 3801 aperta,
1042 3738 1097 3787 et
1120 3739 1230 3786 tam
1263 3730 1490 3787 vinculis
1524 3732 1893 3789 anatbematis
1917 3743 1975 3788 et

381 3818 963 3875 exctuumunicationis
982 3828 1227 3886 exutam,
1253 3836 1413 3891 quam
1445 3831 1765 3879 cunctorum
1813 3821 1974 3880 Chri-

378 3909 706 3978 stianorum,
739 3911 845 3970 Dei
860 3919 917 3967 et
946 3912 1230 3969 beatorum
1259 3913 1560 3985 primorum
1598 3914 1967 3989 apostolorum

378 4001 722 4069 auctoritate,
756 4003 1004 4065 societati
1058 4004 1344 4071 redditam,
1398 4014 1565 4077 atque
1604 4006 1972 4064 communioni

377 4101 432 4150 te
451 4093 629 4167 gaude
652 4094 931 4153 reductam
959 4112 973 4149 :
1003 4095 1078 4152 ita
1108 4104 1170 4152 ut
1198 4095 1456 4167 deinceps
1484 4096 1773 4154 ecclesiam
1795 4098 1975 4170 ingre-

376 4181 580 4248 diendi,
612 4192 669 4242 et
710 4185 924 4250 orandi,
982 4186 1434 4258 convivendique,
1464 4202 1561 4244 seu
1588 4203 1711 4246 cum
1760 4191 1975 4247 caeteris

375 4272 704 4353 Christianis
734 4274 1009 4346 loquendi,
1039 4276 1115 4331 sit
1138 4277 1233 4333 tibi
1261 4288 1488 4345 auctore
1510 4278 1623 4335 Deo
1646 4279 1770 4335 data
1798 4279 1962 4337 liceo.

376 4364 449 4420 tia
476 4384 490 4419 :
519 4366 729 4438 μυωταιί
753 4366 1018 4424 duntaxat
1042 4369 1186 4441 regis
1211 4369 1481 4436 societati,
1504 4379 1725 4446 propter
1766 4373 1972 4442 antiqui

376 4456 556 4515 hostis
597 4460 890 4527 versutias,
939 4459 1296 4531 nullo,pacto
1344 4462 1581 4537 penitus
1634 4461 1964 4518 adluerendi.

360 4550 529 4620 'Quod
558 4560 738 4611 tamen
784 4554 1128 4622 beneﬁcium,
1162 4550 1470 4627 quanquam
1508 4558 1612 4614 boc
1664 4558 1967 4615 moderatio

371 4640 675 4715 ﬂagitasset
723 4645 1115 4713 ecclesiastica,
1144 4663 1267 4719 quia:
1290 4648 1433 4704 sicut
1466 4648 1788 4705 incorrectis
1812 4647 1970 4705 intle-

373 4736 579 4802 xibilis,
603 4738 678 4794 ita
698 4738 963 4794 correctis
990 4753 1210 4813 semper
1230 4739 1394 4798 debet
1430 4756 1552 4797 esse
1586 4741 1857 4807 ﬂexibilis,
1885 4742 1968 4798 in-

373 4826 630 4881 stantiam
655 4841 878 4900 precum
909 4837 966 4883 et
992 4826 1473 4900 incomparabilem
1501 4829 1846 4887 dilectionem
1874 4831 1970 4887 de-

374 4918 683 4975 siderabilis
711 4925 767 4974 et
793 4919 1092 4990 spiritualis
1122 4918 1220 4975 lilii
1245 4921 1417 4976 nostri
1438 4919 1552 4989 iam
1602 4924 1888 4978 memorati
1913 4931 1968 4977 et

372 5008 574 5082 iugiter
601 5011 943 5067 memorandi
970 5010 1220 5085 Augusti,
1245 5019 1356 5069 tam
1394 5014 1492 5068 tibi
1516 5012 1770 5070 celeriter
1797 5010 1967 5085 impe‘

374 5109 551 5158 trasse
574 5116 862 5174 cognosce.
888 5101 1056 5174 Cujus
1100 5103 1309 5161 scilicet
1343 5105 1657 5176 postulatio,
1685 5106 1829 5162 sicut
1857 5123 1965 5163 non

372 5193 477 5248 nisi
499 5193 647 5273 justa
674 5182 936 5261 creditur,
989 5195 1062 5250 ita
1112 5211 1330 5269 quoque
1385 5199 1549 5255 modo
1592 5200 1968 5271 postponenda

373 5301 484 5343 neu
508 5284 748 5343 ducitur.
781 5284 980 5348 Verum
1009 5297 1065 5343 tu
1097 5289 1178 5344 sic
1198 5296 1252 5346 te
1278 5289 1355 5346 de.
1395 5297 1599 5348 extero
1642 5292 1804 5348 stude
1849 5308 1969 5349 mu-

374 5378 512 5445 nire,
535 5387 595 5437 ut
620 5380 824 5439 donum
861 5383 1169 5452 solutionis,
1221 5383 1368 5456 quod
1421 5385 1475 5442 in
1512 5393 1657 5441 terra
1684 5385 1969 5457 percipere

371 5471 637 5535 carueris,
660 5468 718 5527 in
740 5470 883 5549 cmlo
906 5470 1018 5529 Deo
1038 5483 1266 5532 auctore
1288 5476 1563 5533 veraciter
1616 5490 1814 5548 capere
1848 5489 1966 5533 me-

373 5558 565 5614 rearis.
588 5557 730 5619 Nam
753 5560 802 5619 si
835 5569 890 5618 te
912 5576 1096 5618 coram
1118 5564 1370 5622 humanis
1391 5565 1566 5622 oculis
1584 5564 1966 5622 absolvendam

370 5647 623 5717 exhibes,
644 5658 703 5707 et
726 5664 912 5711 coram
943 5652 1039 5710 Dei
1065 5655 1446 5726 conspectibus
1498 5657 1735 5729 obligata
1786 5657 1965 5716 cousi-

375 5739 496 5808 ttis,
527 5756 632 5800 nec
658 5741 803 5801 nodo
827 5759 1005 5815 cares,
1036 5762 1142 5804 nec
1169 5748 1385 5807 veniam
1412 5749 1694 5821 impetras,
1720 5751 1966 5819 quinimo

2562 2424 2870 2480 instructam
2906 2424 3187 2497 signiﬁcat.

2147 2535 2426 2592 Auernos
2478 2530 2788 2606 episcopus,
2815 2552 3007 2592 servus
3037 2553 3320 2594 servorum
3365 2539 3480 2603 Dei,
3515 2555 3673 2596 rere-

2079 2626 2407 2682 rentissitnis
2449 2634 2505 2681 et
2543 2626 2901 2683 sanctissimis
2944 2628 3311 2684 coniratribus
3352 2631 3554 2687 nostris
3582 2647 3674 2687 ar-

2075 2719 2435 2790 chiepiscopis
2462 2731 2520 2776 et
2554 2715 2823 2791 episcopis
2851 2720 2906 2775 in
2941 2736 3107 2793 regno
3151 2721 3405 2778 Ludovici
3451 2722 3673 2796 gloriosi

2079 2810 2221 2881 regis
2246 2811 2579 2868 constitutis.
3388 2822 3397 2832 ‘
3654 2800 3657 2803 ’

2151 2902 2305 2956 Sicut
2330 2902 2620 2958 obstinatis
2640 2911 2698 2959 et
2724 2902 3185 2977 incorrigibilibus
3228 2891 3455 2962 debetur
3499 2906 3673 2964 vituli-

2076 3003 2187 3054 ctu,
2232 2992 2303 3046 ita
2336 3007 2366 3046 a
2392 2993 2672 3049 conversis
2698 3003 2861 3063 atque
2917 2994 3185 3050 correctis
3241 2996 3543 3071 amovenda
3587 3004 3672 3052 est

2078 3086 2212 3140 ultio
2237 3094 2292 3140 et
2319 3084 2624 3165 adhibpnda
2651 3087 2883 3141 curatio.
2910 3087 3259 3159 Quapropter
3281 3103 3381 3143 nos
3401 3069 3673 3144 lValdra.
3757 3156 3763 3161 ν
3799 3069 3802 3073 ’

2076 3178 2181 3243 dm,
2210 3191 2330 3248 qua:
2354 3178 2646 3232 multorum
2688 3186 2748 3232 ut
2794 3178 3029 3235 refertur
3052 3182 3402 3238 aues-latione
3420 3198 3452 3236 a
3480 3183 3670 3253 pristi-

2074 3270 2160 3326 nis
2178 3280 2233 3325 et
2261 3269 2464 3325 illicitis
2492 3269 2779 3327 all'ectibus
2820 3271 2887 3326 ad
2930 3273 3268 3328 s-diuifcrum
3313 3275 3672 3338 correctionis

2073 3363 2176 3419 iter
2214 3358 2472 3419 conversa
2502 3374 2611 3428 est,
2652 3366 2887 3420 remedia
2949 3365 3315 3424 miserationis
3361 3367 3673 3438 apostolica

2071 3456 2219 3511 sedis
2248 3456 2510 3511 exhibere
2530 3456 2894 3521 consensisse,
2927 3456 3184 3529 illanupie
3212 3457 3427 3514 vinculo
3452 3474 3665 3519 escom-

2072 3546 2456 3603 tnnnicatiouis
2506 3546 2586 3601 vel
2661 3548 3025 3602 auatbetuatis
3080 3546 3409 3604 auctoritate
3462 3548 3557 3605 Dei
3608 3560 3668 3607 et

2072 3633 2372 3709 principum
2400 3636 2767 3709 apostolorum
2794 3638 3094 3694 absolvisse
3121 3640 3434 3711 cognoscite
3458 3658 3471 3695 :
3502 3642 3575 3695 ita
3602 3648 3668 3697 ut

2071 3730 2329 3800 deinceps
2353 3729 2566 3785 Domini
2596 3728 2896 3785 Ecclesium
2926 3730 3284 3801 ingrediendi,
3331 3740 3388 3787 et
3439 3733 3665 3794 orandi;

2073 3819 2526 3892 convivandique,
2554 3836 2647 3877 seu
2674 3835 2795 3877 eum
2822 3823 3036 3879 ueteris
3055 3822 3385 3878 Christianis
3409 3823 3667 3895 loquendi

2072 3913 2144 3966 sit
2178 3911 2227 3968 ei
2258 3919 2481 3967 auctore
2526 3911 2635 3966 Deo
2678 3926 2933 3967 concessa
2965 3911 3200 3968 licentia.
3228 3912 3328 3969 Cui
3360 3911 3668 3969 Waldradte

2073 4003 2323 4059 videlicet
2346 4004 2712 4075 competentia
2742 4002 2945 4060 monita
2971 4002 3401 4069 destinavimus,
3435 4011 3495 4059 et
3547 4019 3669 4077 qua:

2073 4094 2470 4151 conveniebant
2498 4095 2695 4151 litteris
2739 4094 3059 4151 inculcanda
3118 4095 3503 4164 prasvidimus;
3532 4109 3667 4166 qua-

2074 4202 2194 4243 rum
2235 4186 2444 4242 scilicet
2489 4185 2794 4242 litterarmn
2824 4195 3032 4242 textura
3059 4185 3161 4241 sibi
3184 4192 3368 4243 vestra
3409 4185 3668 4243 fraterni-

2074 4289 2156 4334 tas
2199 4278 2452 4341 exhiberi
2510 4293 2856 4349 summopere
2901 4276 3161 4349 postulet.
3189 4277 3256 4333 Et
3307 4278 3566 4350 quoniam
3592 4280 3666 4334 ita

2071 4372 2345 4453 congenit,
2370 4388 2403 4426 a
2430 4370 2581 4427 vobis
2603 4368 2930 4440 exigendum
2954 4377 3010 4424 et
3040 4357 3440 4441 agnoscendum
3469 4368 3657 4428 decer.

2074 4462 2272 4524 nimus.
2295 4470 2562 4531 quatenus
2614 4475 2713 4531 per
2746 4462 2849 4516 hoc
2871 4459 3013 4515 scire
3044 4459 3220 4515 valeat
3251 4467 3433 4515 vestra
3460 4458 3668 4517 sancti-

2076 4564 2158 4609 tas
2183 4552 2494 4624 apostolicas
2534 4555 2683 4611 sedis
2728 4552 3063 4609 austeritatis
3102 4560 3159 4608 et
3210 4552 3642 4609 mansuetudinis

2076 4646 2411 4715 remissionis
2431 4654 2486 4701 et
2513 4644 2894 4701 refrenationis
2924 4644 3146 4711 indicia,
3206 4651 3263 4700 et
3311 4644 3674 4703 moderantis-

2071 4739 2224 4794 simte
2248 4737 2592 4793 discretionis
2616 4752 2843 4807 prorsus
2869 4736 3122 4809 insignia.
3150 4735 3416 4807 Optamus
3459 4736 3665 4794 sancti-

2076 4836 2245 4884 tatem
2290 4836 2528 4884 vestram
2558 4830 2613 4882 in
2639 4826 2859 4895 Christo
2905 4826 3047 4883 bene
3096 4824 3299 4884 valere.
3328 4825 3465 4883 Data
3488 4826 3669 4900 pridie

2076 4918 2197 4982 ldus
2220 4923 2569 4990 Februarias,
2601 4923 2896 4980 indictione
2924 4923 3119 4993 prima.

2816 5032 2926 5089 Vll.

2449 5144 2516 5185 AD
2554 5141 2801 5182 CMlOLUI
2839 5141 3052 5183 ΟΜΝΗ.
3092 5140 3288 5182 πίσω.

2689 5220 2869 5293 (Auno
2898 5219 3051 5292 868.)

2075 5310 2364 5383 Respondet
2402 5311 2589 5383 litteris
2615 5328 2753 5383 quas
2780 5311 2850 5383 ad
2878 5309 3161 5383 Nicolaum
3185 5310 3251 5365 de
3279 5307 3491 5366 Ebboue
3525 5312 3660 5365 srri-

2147 5380 2355 5459 psemt;
2382 5381 2603 5459 pullium
2628 5380 2855 5459 ‘Wlfado
2894 5380 3164 5459 concedit;
3203 5383 3331 5459 petit
3352 5389 3407 5435 ut
3429 5382 3690 5459 Acterdo.

2148 5450 2320 5524 litt-eat
2342 5450 2412 5509 ad
2435 5463 2704 5508 recentem
2727 5450 3002 5507 ecclesiam
3020 5450 3435 5525 adipiscendum.

2145 5534 2423 5623 Auantisz
2447 5565 2757 5639 episcopus,
2785 5562 2977 5622 servus
3008 5575 3289 5623 servorum
3317 5564 3435 5631 Dei,
3466 5564 3663 5624 dilecto

2075 5658 2191 5713 lilio
2212 5656 2434 5713 Canum
2457 5656 2691 5730 glorioso
2715 5656 2830 5728 regi
3448 5696 3459 5708 .

2143 5748 2414 5809 Actaralus
2457 5750 2782 5809 venerabilis
2816 5746 3467 5823 quondam'Nsmnctica
3508 5748 3667 5805 urbi:
