4198 6292
738 48 767 91 -.‘
780 68 811 93 δῖ
870 48 1123 97 —_:=nd-;

433 355 570 417 i367

1751 356 2035 417 Al)le
2068 358 2273 421 ιἈΡιΕ
2311 360 2354 420 ll

3574 370 3713 429 1268

441 469 742 541 episcopus,
789 469 856 526 ad
891 471 1182 545 apostolica
1218 474 1538 542 perveniens
1576 474 1781 540 limina,
1816 456 2021 532 vestrae
2051 481 2095 537 Λ
2125 479 2487 548 apostolorum
2516 522 2530 546 ,
2590 497 2797 554 necnon
2844 495 2895 541 et
2949 486 3207 543 honorem
3250 485 3396 541 sedis
3433 484 3731 556 ipsorum.-

439 560 775 640 celsitudinis
808 562 1086 633 epistulam
1115 564 1323 628 detulit,
1346 580 1507 644 qt‘tm
1536 566 1749 635 quidem
1778 581 1873 622 vos
1895 582 2023 625 san-

437 662 540 707 cta'
564 654 838 709 memoria:
875 654 1145 709 decessori
1187 670 1309 712 meo
1350 671 1504 727 papae
1536 655 1758 713 Nicolao
1781 657 2022 716 destina-

437 743 568 809 stis;
596 744 700 800 sed
731 760 828 798 nos
848 744 961 814 jam
989 746 1104 801 vice
1129 744 1269 801 illius
1289 747 1343 801 in
1372 746 1665 818 apostolica
1690 749 1817 803 sede
1831 748 2022 822 digna-

438 835 586 900 tione
633 852 696 892 ac
742 836 1087 894 miseratione
1126 838 1323 893 divina!
1363 840 1749 912 magnitudinis
1780 841 2018 898 ordinati

434 925 789 995 suscepimus.
825 923 979 982 Unde
1004 943 1125 996 qua!
1147 928 1215 983 ab
1242 929 1333 982 illo
1358 927 1592 1003 flagitant
1621 940 1766 996 sunt,
1798 947 1896 987 nos
1921 948 2021 1003 pro

433 1017 664 1081 viribus,
683 1018 884 1088 indigni
913 1017 1038 1073 licet
1060 1019 1335 1083 luet-cdes;
1352 1020 1620 1091 supplere,
1645 1030 1702 1077 et
1719 1022 2018 1093 opitulante

432 1107 674 1175 Christo,
703 1109 842 1165 forte
885 1119 1138 1181 tanquam
1190 1126 1299 1167 non
1345 1112 1541 1191 ingrati
1590 1112 1681 1168 filii
1735 1123 2017 1184 paternum

431 1200 671 1257 debitum
731 1201 1037 1271 persolvere
1099 1203 1513 1259 maturavimus.
1569 1204 1814 1271 Quandiu
1870 1208 2015 1263 enim

430 1294 628 1349 merita
674 1292 815 1348 beati
854 1292 997 1357 Petri
1041 1294 1271 1364 apostoli
1313 1294 1444 1360 Deo,
1484 1290 1569 1350 citi
1598 1295 1781 1355 omnia
1807 1296 2016 1363 vivunt,

429 1396 537 1440 non
567 1381 887 1443 moriuntur.
914 1398 1252 1456 nequaquam
1284 1383 1405 1441 fidei
1435 1400 1547 1441 sua:
1582 1384 1665 1441 vel
1696 1382 2014 1442 sollicitudi-

340 1475 343 1478 ’
428 1473 514 1528 nis
554 1473 795 1531 heredes
834 1474 1116 1540 deficient;
1158 1491 1258 1532 nec
1303 1477 1531 1532 dcerunt
1560 1491 1782 1549 prorsus
1810 1478 1898 1548 qui
1931 1494 2016 1533 re-

426 1562 628 1634 gulam,
671 1579 833 1634 quam
879 1564 1021 1620 circa
1067 1566 1237 1621 Deum
1278 1558 1692 1623 ferventissimae
1733 1567 2013 1624 cbaritatis

426 1657 680 1721 ostendit,
729 1673 827 1726 pro
866 1659 1170 1729 quantitate
1217 1658 1433 1727 virium,
1468 1674 1673 1731 proque
1713 1661 2014 1730 capacitate

425 1745 685 1803 divinitus
722 1747 910 1825 collati
939 1749 1063 1806 doni
1097 1761 1409 1819 sequantur.
1448 1751 1563 1823 Ipse
1599 1765 1830 1822 namque
1858 1751 2014 1821 quid-

2125 588 2341 631 manum
2380 575 2657 647 porrigere
2702 577 2865 632 alacri
2916 578 3093 634 Studio
3136 577 3461 650 procuravit.
3507 576 3709 647 Quam:-

2122 661 2307 717 olirem
2340 664 2735 734 postulantibus
2764 664 2877 733 iam
2921 668 3103 731 vobis,
3146 676 3209 722 ut
3247 667 3454 743 primus
3493 681 3707 731 eorum.

2124 749 2370 809 Wll‘adus
2418 752 2627 811 scilicet
2666 755 2835 811 frater
2862 764 2917 811 ct'
2942 757 3292 830 coepiscopus
3320 765 3526 822 noster,
3554 754 3706 827 pallii

2123 857 2220 896 usu
2272 857 2425 901 more
2470 844 2815 904 decessurum
2852 861 3074 903 suorum
3119 856 3320 907 nostra:
3368 846 3709 904 auctoritatis

2121 929 2404 1001 largitione
2467 932 2713 989 decorari
2771 935 3077 1003 potuisset,
3130 935 3326 1000 merito
3375 934 3709 1007 condescens

2121 1022 2291 1079 sionis
2330 1039 2490 1081 aures
2530 1026 3079 1086 accommodarimus.
3121 1025 3186 1081 Et
3227 1024 3482 1095 quaniam
3518 1024 3573 1077 in
3622 1038 3705 1078 rc-

2119 1112 2404 1168 stituendis
2438 1114 2536 1175 his
2589 1129 2708 1171 eum
2766 1115 2909 1171 sedis
2967 1114 3273 1184 apostolicae
3331 1114 3527 1171 studiis
3573 1110 3703 1168 cou-

2119 1204 2385 1261 cordastis
2421 1211 2477 1260 et
2518 1205 2871 1263 concerlaslis
2922 1205 2990 1260 ad
3040 1204 3447 1277 percipiendum
3489 1217 3707 1275 quoque

2119 1297 2264 1365 quod
2289 1296 2499 1362 deerat,
2526 1307 2761 1357 vestram
2794 1296 3184 1370 noctsijiettclere
3211 1297 3550 1359 dilectionem
3574 1298 3706 1351 satis

2120 1385 2509 1444 inconveniens
2555 1388 2829 1444 duximus.
2864 1387 3182 1444 Innumeras
3213 1388 3561 1445 nihilominus
3594 1387 3707 1458 pic-

2119 1480 2221 1534 tati
2246 1489 2438 1535 vestraa
2468 1479 2669 1549 gratias
2701 1480 3061 1551 rependimus,
3086 1480 3340 1553 quoniam
3377 1487 3522 1539 tanta
3551 1495 3705 1534 com-

2117 1569 2384 1639 passionis
2422 1569 2627 1623 viscera
2658 1569 2801 1625 circa
2840 1568 3155 1639 praedictum
3196 1565 3418 1624 fratrem
3457 1577 3703 1622 nostrum

2117 1662 2493 1732 coepiscopum
2522 1660 2837 1726 Actarduin,
2867 1661 3008 1716 sicut
3038 1675 3103 1716 ex
3134 1658 3394 1721 relatione
3419 1660 3620 1732 ipsius,
3648 1670 3708 1716 et

2116 1769 2183 1809 ex
2205 1751 2444 1824 epiStolte
2462 1760 2657 1807 vestrm
2671 1738 2760 1822 pio
2782 1751 2976 1807 affectu
3001 1753 3159 1806 datur
3177 1750 3423 1823 intelligi,
3446 1751 3705 1806 exhibere

424 1837 555 1906 quid
588 1838 658 1894 ab
704 1837 936 1909 indignis
978 1838 1242 1897 ministris
1283 1840 1617 1912 negligenter
1656 1829 2012 1913 agiiur,~sup-
2044 1829 2086 1888 Β
2114 1844 2406 1910 contendit,
2433 1853 2490 1898 ut
2508 1842 2751 1899 dolorum
2771 1850 2824 1897 et
2840 1858 3200 1897 aerumnarum
3219 1842 3385 1912 ipsius
3407 1842 3699 1920 maximam

425 1928 534 1999 plet
578 1946 590 1983 :
632 1929 745 2000 ipse
795 1931 1003 1995 locum,
1054 1946 1213 2001 quem
1268 1932 1398 1989 olim
1444 1934 1768 1992 deliliatione
1811 1935 2009 2005 proprii

423 2020 666 2089 corporis
696 2020 923 2076 Domino
954 2021 1313 2087 consecravit,
1337 2024 1744 2094 quibuscunque
1772 2025 1849 2078 \el
1881 2040 2013 2093 qua-

423 2107 706 2181 liscunque
748 2112 981 2180 vicarius
1025 2122 1220 2177 exstet,
1270 2130 1380 2169 suae
1419 2123 1596 2169 tamen
1634 2115 1895 2170 claritatis
1930 2116 2009 2169 lu-

424 2202 566 2256 mine
592 2202 858 2273 hodieque.
884 2204 1259 2259 iudeficienler
1284 2205 1536 2261 illustrat.
1569 2205 1669 2273 Cui
1688 2206 1787 2261 etsi
1816 2206 2011 2261 desunt

423 2294 613 2350 merita
642 2297 989 2359 successoris,
1026 2298 1121 2364 sed
1156 2295 1352 2352 adsunt
1388 2297 1646 2352 beneﬁcia
1686 2297 2006 2361 decessoris,

420 2385 672 2456 ac‘pritni
715 2386 860 2443 sedis
906 2385 1145 2454 ejusdem
1182 2387 1430 2442 sessoris.
1461 2388 1645 2457 Itaque
1668 2388 1733 2442 de
1775 2386 2015 2445 Eblmnis

422 2475 697 2545 (piandum
730 2475 1053 2532 Rheniensis
1090 2476 1476 2547 archiepiscopi
1509 2477 1897 2548 qualiscunque
1922 2492 2010 2531 re-

419 2564 719 2623 stitutionis
744 2569 962 2636 negotio
1010 2564 1361 2636 benignitatis
1405 2574 1598 2643 vestrae
1644 2565 1842 2621 litteris
1876 2565 2010 2624 satis

418 2654 618 2725 e'locti,
650 2660 1008 2716 obedientiam
1029 2668 1084 2714 et
1108 2660 1368 2724 studimn,
1391 2660 1533 2729 quod
1558 2648 1681 2714 hinc
1697 2660 1851 2730 juxta
1879 2659 2011 2729 defi-

420 2749 679 2811 nitionem
702 2750 1007 2819 apostolica:
1029 2748 1172 2804 sedis
1198 2749 1542 2813 exhibuistis,
1566 2740 2009 2821 approbavimus,

408 2848 474 2913 et
499 2839 729 2903 auctori,
760 2854 791 2891 a
828 2853 933 2908 quo
968 2848 1161 2895 cuncta
1192 2839 1329 2905 bona
1366 2840 1683 2909 procedunt,
1718 2839 2010 2895 immensus
2039 2867 2043 2870 ~

418 2929 717 3001 gratiarum
740 2928 980 2993 actiones
1001 2929 1377 3000 persolvimus.
1399 2926 1593 2985 Verum
1619 2929 1707 2984 illa
1731 2930 1776 2985 si
1800 2940 2007 2996 essent,

417 3019 712 3091 apostolica
761 3019 916 3076 sedes
956 3021 1024 3076 de
1080 3021 1303 3077 Ebbone
1343 3020 1414 3078 ad
1463 3020 1724 3092 liquidum
1766 3021 2009 3079 invenire

416 3106 722 3181 Satagebat,
765 3125 888 3180 qua:
933 3110 1281 3166 restituendis
1322 3126 1352 3166 a
1389 3109 1559 3167 fratre
1595 3120 1650 3167 et
1690 3112 2008 3183 coepiscopo

2112 1943 2331 2003 partem
2383 1948 2479 1987 vos
2510 1942 2727 2003 gestare
2755 1931 2873 1986 luce
2908 1931 3105 1987 clarius
3139 1931 3465 1987 innotescat.
3498 1929 3701 1985 Verum

2111 2038 2212 2076 nos
2240 2021 2378 2077 vctis
2398 2019 2729 2076 excellentia:
2758 2028 2952 2077 \‘CSilm
2985 2029 3341 2077 consonantes
3366 2061 3381 2085 ,
3411 2036 3516 2075 non
3546 2020 3699 2074 duci-
3751 2034 3755 2038 ”

2110 2127 2234 2168 tuus
2262 2119 2473 2166 tantum
2509 2112 2719 2176 virum,
2748 2120 2801 2166 et
2840 2110 3093 2166 Ecclesia:
3117 2110 3313 2169 Christi
3339 2125 3695 2181 pernecessa-

2110 2203 2275 2268 rium,
2292 2202 2489 2257 debere
2504 2203 2666 2257 tantis
2683 2200 2877 2256 involvi
2902 2194 3150 2265 miseriis,
3168 2199 3253 2256 vel
3271 2200 3435 2254 tantis
3456 2201 3670 2271 gravari
3683 2240 3698 2261 .

2111 2309 2233 2348 eum
2261 2293 2333 2349 sit
2357 2293 2521 2351 etiam
2567 2293 2743 2351 aetatis
2786 2293 3462 2367 maturitale'maceratus,
3496 2292 3701 2347 ineoru-

2112 2386 2305 2451 modis,
2328 2385 2629 2459 praesertim
2680 2400 2804 2445 cum
2832 2392 2887 2438 et
2916 2384 3145 2439 scientia
3172 2398 3275 2439 non
3302 2384 3699 2452 contemnenda

2109 2460 2327 2546 polleat,
2372 2484 2426 2531 et
2467 2475 2614 2530 hunc
2645 2472 2807 2530 vestri
2839 2472 2991 2549 regni
3019 2468 3374 2528 ecclesiarum
3405 2472 3697 2544 prtesulum

2112 2569 2301 2623 relatio
2346 2583 2453 2623 non
2511 2566 2945 2637 parvipendenda
2981 2568 3342 2623 commendet.
3375 2565 3489 2633 Qua
3515 2567 3580 2620 de
3610 2580 3692 2631 re,

2111 2660 2155 2715 si
2179 2658 2298 2728 ejus
2318 2656 2581 2720 Ecclesia,
2612 2665 2669 2710 ut
2710 2655 2897 2726 ipsius,
2923 2663 2980 2710 ct
3020 2655 3418 2725 metropolitani
3464 2655 3693 2727 proprii,

2112 2766 2176 2807 ac
2199 2745 2492 2810 multorum
2541 2747 2868 2813 antistitum,
2915 2760 3125 2801 necnon
3168 2754 3225 2801 et
3262 2743 3567 2800 litterarum
3598 2759 3696 2801 vc-

2111 2850 2345 2900 strarum
2391 2835 2794 2899 circumstantia
2851 2836 3050 2901 innuit,
3103 2834 3348 2890 funditus
3398 2835 3604 2900 diruta,
3634 2840 3695 2888 ot

2110 2947 2209 3005 per
2235 2914 2491 2986 nonnulla
2535 2927 2804 2985 curricula
2837 2925 2953 2995 jam
2999 2925 3055 2982 in
3091 2926 3436 2983 solitudinem
3474 2927 3695 2982 redacta

2112 3035 2232 3077 esse
2261 3018 2620 3093 dignoscitur:
2645 3017 2872 3089 paganis
2897 3016 3148 3072 videlicet
3175 3032 3280 3072 non
3315 3015 3487 3089 solum
3518 3024 3700 3072 trans‘

2115 3114 2273 3178 itum,
2311 3112 2407 3169 sed
2452 3110 2617 3167 etiam
2659 3110 2948 3167 stationem
2988 3108 3189 3165 ibidem
3240 3107 3581 3170 facientibus,
3626 3122 3694 3165 ac

418 3211 606 3256 nostro
642 3200 936 3258 llincmaro
968 3200 1096 3257 olim
1136 3202 1357 3273 dejeCtis
1402 3202 1612 3261 clericis
1651 3213 1872 3276 possent
1907 3205 2007 3260 ali-
2037 3183 2082 3246 C
2114 3219 2211 3275 per
2244 3205 2345 3258 hoc
2374 3199 2709 3272 depopulatis
2745 3200 3142 3270 undique'locls
3170 3200 3477 3256 habitatore
3501 3193 3717 3256 careo-5

418 3293 546 3360 quid
574 3308 834 3369 generare
877 3292 1225 3350 discriminis.
1273 3294 1346 3350 At
1391 3310 1519 3350 vero
1561 3311 1684 3353 cum
1732 3285 1831 3353 nec
1863 3297 2006 3351 idem

417 3384 569 3463 Ebbo
596 3385 797 3441 erroris
829 3382 1053 3454 alicujus
1080 3386 1403 3461 defensioni,
1442 3402 1553 3458 quo
1576 3388 1864 3446 baireticus
1888 3389 2010 3459 quis

416 3474 669 3542 emt-itur,
697 3477 901 3532 dederit
944 3492 1185 3546 operam,
1224 3476 1327 3536 nec
1357 3477 1471 3548 jam
1503 3481 1785 3536 memorati
1824 3481 2007 3536 clerici

416 3567 559 3622 aliud
593 3568 645 3624 in
696 3570 798 3625 hoc
839 3567 943 3624 nisi
983 3569 1340 3626 [inutilitatem
1380 3581 1435 3629 et
1463 3572 1823 3644 obedientiam
1850 3574 2007 3629 exhi-

415 3660 652 3723 bueriut,
703 3660 788 3714 illa
829 3676 949 3730 qua!
984 3661 1050 3717 de
1089 3661 1310 3719 Ebbone
1345 3662 1453 3719 dici
1490 3674 1735 3737 possunt,
1772 3665 1922 3737 quia,
1950 3674 2009 3722 ut

418 3750 726 3820 opinamur,
753 3749 885 3804 nihil
926 3751 992 3805 ad
1026 3746 1322 3807 utilitatem
1349 3752 1654 3823 proficiunt,
1678 3754 2009 3826 jamjamque

415 3838 635 3895 silentio
662 3847 1017 3910 contegantur
1047 3858 1059 3894 :
1089 3842 1322 3897 maxime
1351 3856 1465 3896 cum
1495 3850 1549 3899 et
1574 3843 1709 3913 ipse,
1741 3852 1794 3899 et
1819 3860 2009 3902 omnes

417 3929 678 3999 episeopi,
702 3936 898 3999 praeter
919 3928 1245 3995 linthadum,
1277 3930 1368 3996 qui
1398 3947 1574 3987 causze
1595 3932 1737 3989 illius
1758 3935 2006 3992 notitiam

420 4018 681 4084 habuere,
704 4019 1054 4084 decesserint,
1078 4029 1134 4075 et
1161 4037 1272 4092 pra:
1300 4016 1633 4092 longitudine
1662 4026 1920 4095 temporis
1940 4027 2008 4082 ad

419 4108 682 4182 liquidum
704 4110 943 4176 indubie,
963 4127 1080 4181 qua:
1104 4124 1231 4168 tunc
1254 4121 1373 4167 acta
1394 4127 1556 4184 super
1573 4114 1673 4169 hoc
1698 4124 1818 4170 sunt
1846 4130 2009 4188 nego-

419 4203 518 4266 tio,
533 4203 660 4258 sciri
684 4217 786 4257 non
812 4203 1038 4273 possint,
1057 4211 1220 4273 atque
1235 4203 1301 4260 de
1323 4204 1406 4258 his
1422 4204 1514 4275 qui
1528 4204 1594 4260 ad
1607 4204 1891 4261 Dominum
1906 4208 2010 4263 tui-

416 4302 711 4363 graverunt
730 4282 884 4349 nobis
898 4293 1055 4350 facile
1067 4295 1314 4366 judicare
1329 4311 1435 4351 non
1451 4294 1628 4351 liceat.
1646 4296 1780 4353 Cum
1792 4297 1936 4353 enim
1951 4298 2008 4355 in

378 4430 389 4439 .
419 4400 582 4440 manu
605 4384 796 4455 judicii
828 4385 921 4440 Dei
953 4385 1276 4452 consistant,
1305 4385 1350 4441 si
1387 4386 1639 4443 humanis
1674 4378 2007 4444 dilflnitioni-

419 4477 521 4532 bus
550 4475 843 4547 quidquam
874 4477 940 4533 de
969 4477 1054 4532 his
1080 4475 1368 4544 tribuatur,
1394 4466 1505 4533 non
1534 4476 1705 4535 solum
1740 4494 2003 4549 praesum-

418 4567 641 4638 ptionis,
671 4568 767 4623 sed
787 4574 844 4622 et
871 4566 1232 4623 damnationis
1254 4572 1338 4622 est
1366 4581 1588 4636 prorsus
1614 4566 1889 4623 indicium.
1913 4568 2008 4625 Ille

419 4657 621 4729 quippe
651 4650 803 4712 Ebbo
830 4671 928 4711 suo
950 4654 1065 4727 jam
1095 4654 1321 4711 Domino
1357 4666 1451 4712 aut
1478 4665 1603 4722 stat,
1637 4665 1730 4713 aut
1759 4658 1955 4715 cecidit
1989 4676 2004 4714 :

417 4748 566 4817 quod
611 4747 658 4802 si
708 4756 837 4813 stat,
886 4746 1011 4823 quis
1052 4747 1195 4803 hunc
1228 4756 1452 4803 conetur
1495 4746 1763 4816 dejicere?
1793 4749 1839 4804 si
1879 4762 2009 4807 vero

415 4842 638 4904 cecidit,
675 4841 797 4910 quis
837 4840 1042 4896 nitatur
1076 4839 1321 4912 erigere?
1362 4839 1473 4896 nisi
1497 4839 1634 4897 forte
1679 4841 1726 4898 is
1770 4841 1863 4912 qui
1907 4857 2007 4898 sua

422 4933 607 4990 divino
626 4932 829 5005 judicio
853 4948 1167 5003 prmponcre
1196 4932 1356 5003 impia
1391 4932 1697 4987 temeritate
1719 4931 2005 4988 deliberat.

424 5022 786 5094 Relinquetur
827 5039 957 5093 ergo
993 5022 1296 5097 hujusmodi
1339 5021 1433 5078 Dei
1478 5030 1797 5078 cunctarum
1832 5023 2012 5078 inten-

423 5117 631 5171 tionum
663 5113 982 5170 scrutatoris
1014 5112 1217 5184 judicio
1245 5132 1258 5167 :
1289 5112 1542 5171 nimirum
1574 5112 1688 5183 qui,
1717 5113 2013 5169 secundum

422 5208 766 5279 Apostolum,
805 5208 1132 5263 constitutus
1166 5217 1251 5263 est
1278 5224 1309 5262 a
1343 5208 1457 5263 Deo
1486 5207 1648 5278 judex
1682 5207 1930 5263 vivorum
1958 5215 2016 5262 et

424 5309 783 5365 mortuorum,
812 5300 1013 5370 quique
1034 5299 1189 5371 juxta
1220 5300 1340 5355 lidei
1370 5308 1571 5356 nostra
1598 5299 1792 5357 stabile
1820 5298 2012 5355 funda-

428 5402 667 5448 mentum
698 5391 1040 5461 judicaturus
1080 5402 1165 5448 est
1200 5392 1353 5448 vivos
1388 5400 1442 5448 et
1488 5400 1730 5450 mortuos
1760 5390 1896 5463 (Act.
1928 5389 2004 5460 ι).

421 5484 695 5543 Praeterea
724 5500 832 5545 non
857 5485 1097 5543 modicas
1125 5484 1329 5556 gratias
1357 5495 1551 5541 vestrae
1579 5484 1897 5555 benignitati
1926 5499 2013 5540 re-

427 5580 670 5647 ferimus,
698 5579 951 5651 qnoniam
980 5581 1216 5650 prrelatis
1244 5581 1591 5642 restituendis
1622 5579 1860 5643 clericis,
1888 5580 2008 5650 qui-

424 5669 527 5725 bus
549 5669 899 5740 apostolicam
924 5670 1104 5725 sedent
1134 5686 1349 5725 manum
1373 5670 1649 5743 porrigere
1677 5668 1868 5735 sensit,
1892 5668 2007 5739 ipsa

426 5774 639 5832 quoque
687 5762 753 5819 ad
794 5761 1007 5821 laudem
1055 5762 1169 5828 Dei,
1210 5771 1265 5816 et
1306 5761 1664 5818 reverentiam
1703 5761 2006 5832 principum

2037 4538 2089 4601 υ

2115 3296 2280 3361 tibus,
2311 3286 2540 3365 sublatis
2568 3293 2733 3348 etiam
2762 3309 2793 3348 a
2825 3292 3137 3348 Britonibus
3164 3332 3177 3358 ,
3203 3293 3249 3348 si
3272 3307 3392 3362 qure
3422 3306 3701 3349 romanae»

2111 3399 2251 3453 rant,
2277 3386 2469 3452 rebus,
2499 3385 2660 3440 aliam
2707 3384 2757 3439 ei
2788 3392 3066 3443 vacatuem
3097 3376 3358 3438 duntaxat
3394 3383 3697 3439 conceden—

2109 3478 2233 3535 dam
2257 3476 2614 3534 decrevimus.
2660 3474 2828 3544 Cujus
2868 3475 3074 3530 decreti
3117 3473 3425 3530 necessario
3446 3473 3699 3541 instituto

2112 3573 2341 3627 libenter
2372 3582 2588 3639 mquum
2623 3560 2775 3624 more
2792 3566 2965 3642 solito
2992 3568 3232 3647 praebete
3259 3580 3358 3638 pro
3384 3563 3585 3622 Christi
3611 3566 3701 3621 di-

2107 3665 2338 3723 lectione
2368 3668 2627 3722 favorem.
2655 3660 2767 3717 Nec
2787 3662 2837 3716 ei
2870 3659 3158 3724 minorem,
3183 3673 3343 3729 quam
3365 3659 3468 3717 sua
3492 3657 3693 3724 fuerat,

2108 3759 2226 3814 dari
2252 3758 2521 3820 volumus,
2572 3767 2694 3809 cum
2730 3751 2859 3807 licet
2886 3752 2990 3807 hoc
3029 3751 3143 3820 ipse
3185 3748 3406 3804 minime
3434 3747 3693 3819 postulet,

2109 3866 2180 3907 ne
2208 3847 2455 3905 vdelieet
2489 3843 2720 3913 alicujus
2755 3844 3069 3900 ambitionis
3109 3843 3252 3897 fama
3294 3851 3529 3907 notetur,
3557 3857 3698 3897 con-

2108 3943 2291 3999 veniat
2318 3938 2571 4009 consequi
2600 3937 2886 4008 potiorem.
2911 3933 3178 3990 Nimirum
3200 3934 3290 4004 qui
3320 3933 3462 3988 inter
3491 3942 3693 3990 czctera

2107 4034 2368 4088 virtutum
2398 4044 2618 4085 suarum
2651 4026 2882 4096 insignia
2914 4025 3271 4081 barbarorum
3303 4024 3513 4085 rabiem
3545 4036 3692 4094 προ

2107 4136 2417 4194 perpessus,
2460 4119 2740 4176 Christum
2787 4116 3054 4181 confiteri,
3113 4130 3218 4171 non
3282 4114 3453 4170 solum
3499 4127 3693 4169 coram

2109 4215 2440 4280 hominibus,
2468 4228 2656 4270 verum
2682 4213 2849 4268 etiam
2882 4226 3067 4268 coram
3103 4210 3330 4285 paganis
3354 4218 3412 4265 et
3448 4207 3690 4263 inﬁdeli-

2064 4284 2089 4308 ’
2107 4306 2212 4363 bus
2233 4322 2341 4363 non
2368 4304 2608 4361 erubuit.
2639 4302 2699 4358 Ei
2726 4317 2887 4374 ergo.
2917 4302 3287 4373 cujuscunque
3305 4300 3417 4356 sint
3451 4300 3691 4366 numeri,

2111 4399 2308 4453 merito
2350 4404 2575 4467 possunt
2629 4409 2760 4449 oves
2798 4392 2997 4447 Christi
3045 4391 3335 4457 committi,
3363 4391 3471 4462 qui
3507 4391 3692 4460 ipsum

2113 4488 2388 4547 Christum
2416 4486 2580 4541 etiam
2611 4485 2755 4540 inter
2779 4480 2985 4554 gladios
3021 4491 3076 4537 et
3118 4480 3334 4537 vincula
3363 4481 3693 4551 diversaque

2115 4576 2353 4650 pericula
2398 4575 2694 4648 praedicare
2744 4588 2852 4629 non
2898 4571 3100 4627 renuit.
3149 4570 3304 4628 Unde
3329 4579 3383 4626 et
3413 4583 3512 4627 nos
3542 4569 3692 4625 illius

2113 4665 2397 4738 multiplici
2438 4664 2692 4729 miseriae,
2723 4670 2780 4717 et
2811 4661 3030 4717 diutinae
3058 4660 3503 4733 peregrinationi,
3528 4668 3694 4729 atque

2116 4756 2371 4813 continuo
2403 4754 2622 4810 mmrori
2660 4752 3071 4823 compatientes,
3110 4750 3275 4806 decus
3310 4750 3382 4806 illi
3407 4751 3549 4821 pallii
3574 4749 3691 4807 solo

2116 4849 2480 4907 miserationis
2525 4846 2716 4903 affectu
2765 4845 3132 4911 contulimus;
3188 4845 3333 4915 quod
3377 4860 3483 4900 non
3528 4843 3693 4900 aliter

2117 4941 2216 5006 illi,
2247 4955 2346 4996 nec
2377 4939 2595 4995 cuilibet
2631 4938 2833 5008 absque
2862 4936 3220 5007 metropolitis
3245 4935 3686 4998 concederemus,

2118 5032 2220 5089 nisi
2252 5032 2526 5087 multotics
2570 5031 2715 5085 hunc
2760 5029 2972 5094 exsilia,
3004 5042 3177 5092 mare,
3206 5027 3421 5083 vincula
3448 5042 3690 5099 passum,

2114 5125 2279 5180 etiam
2311 5124 2380 5179 ad
2420 5120 2709 5196 capitalem
2758 5119 3085 5176 sententiam
3118 5120 3427 5189 frequenter
3455 5127 3690 5174 tractum

2113 5214 2282 5270 fuisse
2331 5211 2815 5283 comperissemus;
2859 5219 2913 5265 et
2946 5210 3046 5265 nisi
3075 5211 3179 5265 hoc
3217 5208 3331 5279 ipse
3368 5209 3483 5264 suis
3525 5207 3692 5267 tanti:-

2112 5318 2176 5361 ac
2208 5302 2403 5358 talibus
2447 5300 2824 5365 detrimentis,
2852 5298 2981 5368 quin
3008 5298 3189 5369 potius
3215 5296 3442 5359 meritis,
3470 5312 3568 5366 pro
3589 5311 3690 5354 ce»

2112 5393 2350 5451 lerrima:
2394 5390 2779 5446 consolationis
2819 5389 3010 5445 solatio
3041 5390 3330 5445 meruisset
3359 5407 3371 5443 :
3398 5396 3456 5443 ut
3485 5388 3694 5445 scilicet

2116 5484 2312 5541 habeat
2344 5497 2444 5553 pro
2471 5480 2665 5538 exsilio
2706 5481 2757 5537 ei
2796 5489 2986 5536 eatena
3017 5480 3162 5549 pallii
3207 5487 3548 5545 ornamenta,
3578 5495 3694 5537 non

2117 5575 2184 5630 ad
2215 5574 2460 5631 ecclesia.-
2480 5572 2567 5629 cui
2605 5571 3021 5629 incardinandus
3062 5579 3143 5629 est
3169 5581 3486 5642 perpetuum
3520 5572 3686 5628 iusti-

2115 5678 2313 5730 tutum,
2347 5666 2441 5722 sed
2488 5664 2557 5722 ad
2598 5681 2756 5721 suum
2808 5664 3100 5734 specialem
3143 5664 3384 5734 certique
3428 5664 3693 5733 witipuris

2116 5774 2301 5815 usum.
2328 5757 2576 5814 Putiatur
2608 5756 2767 5826 igitur
2790 5755 2924 5812 tanti
2950 5754 3164 5814 decoris
3184 5762 3401 5822 ornatu,
3427 5753 3519 5825 qui
3543 5753 3694 5812 inter
