4198 6234
496 242 525 263 /

356 348 503 406 #169.

1552 344 1913 407 EPISTOLFE
1952 342 2040 397 ΕΤ
2078 339 2413 397 DECRETA.

3454 345 3590 402 1270

357 453 702 543 sacerdotum
729 475 928 534 infulas
952 475 1281 546 praecipuum
1329 480 1511 524 tenere
1542 469 1717 521 loctun
1738 460 1933 531 digno-
1965 467 2009 519 Λ
2039 456 2294 531 aerumnis
2329 454 2657 527 vagabundis
2694 452 2968 517 incedens,
3001 450 3154 506 valde
3177 449 3440 521 dolemus,
3476 461 3530 502 ct
3556 463 3611 503 et

357 580 544 639 scitur,
574 580 839 643 quatenus
872 568 1033 624 etiam
1058 580 1154 638 per
1180 567 1279 619 hoc
1298 563 1503 631 insigne
1542 565 1720 613 vestra
1747 550 1931 608 excel-

364 669 483 723 lens
513 666 865 719 admoneatur
891 658 1181 724 industria,
1203 664 1258 711 et
1289 653 1446 726 hujus
1470 647 1669 709 sacrati
1690 644 1934 702 muneris

361 755 662 817 reverentia
693 753 840 824 pium
865 766 958 807 cor
992 756 1233 804 vestrum
1264 741 1551 802 sollicitius
1573 756 1635 796 ac
1658 738 1933 795 salubrius

361 856 660 919 urgeatur,
707 856 815 913 quo
868 850 1052 895 tantus
1104 826 1188 892 vir
1245 844 1426 889 vestro
1484 845 1701 902 quoque
1752 828 1938 883 favore

362 918 629 1000 vacantis,
680 932 893 988 etiamsi
934 944 993 985 se
1024 926 1336 997 metropolis
1367 922 1648 986 obtulerit,
1676 918 1933 975 Ecclesiae

362 1024 731 1084 moderamina
763 1028 1125 1092 consequatur
1161 1038 1172 1072 :
1218 1019 1285 1074 ad
1324 1017 1657 1072 excludenda
1688 1013 1938 1068 videlicet

363 1126 556 1175 cuncta
581 1124 769 1171 contra
821 1127 881 1167 se
929 1112 1123 1179 injecta
1166 1106 1445 1164 obstacula
1471 1146 1487 1171 ,
1534 1114 1590 1161 et
1633 1102 1939 1175 peragenda

363 1211 622 1269 divinitus
664 1206 767 1262 sibi
804 1204 999 1262 collata
1042 1201 1369 1274 episcOpalia
1403 1199 1727 1255 ministeria.
1756 1196 1938 1267 Siqui-

365 1302 487 1355 dem
536 1298 812 1369 indignum
852 1294 1100 1349 ducimus
1133 1305 1462 1362 quemquam
1494 1290 1561 1346 ad
1588 1288 1942 1360 apostolicam

366 1390 571 1456 sedem,
589 1389 680 1444 ubi
708 1403 921 1457 semper
948 1385 1230 1441 catholicis
1257 1383 1597 1450 subvenitur,
1629 1381 1943 1437 tribulatum

366 1480 649 1542 accedere,
689 1486 744 1531 et
788 1491 893 1531 nou
929 1474 1265 1531 consulatum
1311 1473 1612 1530 recedere:
1640 1467 1939 1544 praesertim

2036 550 2275 606 fraterna
2303 548 2465 604 vincti
2497 547 2759 602 charitatc
2790 547 3197 617 compatimur.:
3228 543 3463 599 maxime
3490 558 3615 598 cum

2036 638 2328 710 apostolicc
2353 638 2556 694 dictum
2584 636 2656 692 sit
2689 652 2703 689 :
2736 635 2838 704 Qui
2869 636 3049 690 viderit
3082 635 3297 704 fratrem
3335 650 3491 690 sum
3520 644 3627 687 ne-‘

2034 728 2325 785 cenitarem
2353 729 2563 792 habere,
2597 738 2644 781 et
2672 726 2913 781 clauserit
2946 728 3139 780 viscera
3161 741 3258 779 ma
3283 725 3349 779 ab
3377 741 3458 788 eo,
3485 738 3619 797 quo—

2037 822 2193 878 modo
2229 823 2460 885 alacritas
2496 820 2595 876 Dei
2637 831 2810 875 manet
2835 819 2889 874 in
2935 819 3035 873 ea!
3064 817 3111 889 (1
3144 817 3307 873 Joan.
3349 816 3455 887 tu.)
3485 815 3620 872 Illud

2038 928 2168 969 sane
2201 914 2472 987 praecipue
2503 911 2690 969 flentes
2716 912 2862 982 quod
2890 920 3052 966 tanta:
3082 910 3323 967 scientia:
3352 919 3619 981 tanheque

2040 1018 2253 1059 morum
2299 1001 2591 1073 probitatis
2634 1001 2750 1055 viro
2787 1001 2888 1056 sub
2930 1000 3301 1071 hujuscemodi
3352 1004 3621 1070 praetexto

2040 1103 2270 1167 vagante.
2300 1093 2595 1149 maximum
2622 1092 2959 1164 dispendium
2985 1091 3277 1148 Dominicis
3309 1091 3500 1148 ovibus
3532 1105 3626 1159 ge-

2042 1180 2299 1240 neretur:
2328 1183 2454 1253 dum
2479 1183 2685 1243 scilicet
2709 1182 2927 1248 utilitas,
2948 1198 3067 1251 qutc
3086 1194 3185 1253 per
3206 1182 3347 1237 hunc
3372 1182 3625 1239 Ecclesue

2043 1273 2242 1329 Christi
2290 1273 2573 1344 provenire
2622 1280 2867 1344 poterat,
2924 1273 3089 1328 tantis
3127 1272 3239 1344 jam
3294 1273 3627 1342 temporibus

2044 1364 2381 1420 excludatur.
2408 1364 2524 1430 Qua
2554 1364 2620 1419 de
2642 1378 2700 1419 re
2721 1365 2889 1418 secuti
2917 1364 3372 1434 praedecessorum
3402 1364 3628 1421 Patrum

2048 1460 2316 1524 instituta,
2362 1469 2416 1516 et
2460 1458 2769 1529 apostolicae
2804 1459 2949 1514 sedis
2992 1459 3239 1529 exempla
3290 1458 3629 1531 pontificum,

286 1558 293 1571 ’
367 1588 489 1629 cum
512 1569 796 1641 quemdam
841 1568 1206 1624 ltomanomm
1238 1567 1565 1638 principum,
1596 1566 1759 1623 etiam
1786 1582 1816 1621 a
1842 1563 1948 1620 lide
2047 1554 2422 1645 praecipueque
2469 1551 2609 1609 beati
2645 1566 2797 1624 papt‘e
2828 1550 3097 1624 Gregorii.
3130 1552 3221 1622 τιυὶ
3261 1553 3406 1608 Circa
3447 1553 3632 1624 huius-

367 1663 565 1721 Christi
589 1670 930 1725 extraneum,
979 1673 1083 1713 non
1112 1658 1310 1714 debere
1340 1659 1651 1730 quempiam
1674 1659 1742 1712 ah
1773 1659 1948 1727 impe-
2049 1646 2215 1712 modi,
2242 1659 2363 1717 qua:
2393 1643 2491 1700 nos
2519 1660 2664 1700 nuuc
2688 1658 2817 1715 erga
2856 1644 3137 1714 promtum
3179 1643 3477 1700 antistitem
3520 1643 3635 1700 Deo

368 1765 550 1809 ratore
578 1752 785 1806 tristem
810 1749 1089 1805 discedere
1114 1747 1453 1821 perhibuisse
1475 1748 1722 1817 quaedam
1740 1747 1948 1803 ἠλιθίω-
1986 1820 1991 1821 7
2050 1736 2265 1793 favente
2291 1736 2597 1801 statuimus,
2623 1748 2764 1805 saepe
2790 1733 3045 1790 statuisse
3070 1732 3421 1805 dignoscitur,
3448 1735 3639 1792 decer-

372 1853 461 1899 ιηι·
498 1843 753 1899 historiae.
780 1839 949 1895 Debet
976 1820 1125 1894 enim
1154 1849 1334 1894 nostra
1374 1838 1739 1910 compatiendi
1772 1838 1946 1893 abun-
1981 1820 2030 1883 Β
2053 1828 2232 1885 nimus
2260 1826 2404 1882 hunc
2433 1826 2834 1881 sanctissimum
2870 1826 3063 1879 crebro
3109 1822 3227 1895 jam
3272 1825 3474 1881 dietqu
3530 1824 3640 1883 fra-

372 1936 555 1991 dantia
595 1934 820 1989 aliorum
879 1930 1112 2002 suppleri
1161 1931 1338 2002 inopia
1377 1948 1392 1988 :
1438 1945 1547 2001 quo
1600 1931 1779 1986 valeat
1828 1945 1949 1987 esse

372 2038 609 2081 atterens
643 2038 765 2078 cum
793 2020 1164 2085 uuereutibus,
1190 2031 1245 2076 et
1275 2036 1396 2075 cum
1422 2020 1787 2089 gaudentibus
1817 2034 1950 2089 gau-

374 2114 529 2178 dens,
558 2123 617 2169 et
670 2128 777 2167 non
829 2111 881 2166 in
932 2110 1226 2166 scabeilum
1267 2110 1465 2181 pedum
1513 2109 1567 2165 in
1600 2125 1954 2179 personart..n

376 2200 689 2275 acceptione
728 2216 982 2267 cernuus,
1026 2202 1122 2257 sel
1152 2200 1464 2257 consolatus
1489 2209 1655 2271 queat
1690 2200 1802 2270 jam
1845 2199 1956 2255 Deo

377 2310 599 2353 auctore
637 2295 904 2351 consolari
953 2308 1051 2350 eos
1085 2293 1175 2363 qui
1216 2284 1277 2348 in
1315 2294 1462 2348 Ollllll
1505 2307 1759 2364 pressura
1807 2300 1956 2359 sunt,

377 2404 474 2459 per
516 2384 703 2442 Jesum
750 2384 1027 2440 Christum
1079 2384 1365 2439 Dominum
1403 2395 1668 2438 nostrum.
1718 2382 1952 2438 Oramus

378 2462 605 2547 gloiinm
661 2486 903 2536 nostram
947 2490 1092 2531 nunc
1125 2483 1183 2530 et
1230 2487 1448 2543 semper
1476 2472 1530 2527 in
1558 2471 1784 2529 Christo
1825 2474 1961 2529 bene

381 2568 581 2632 valere,
612 2566 964 2621 dilectissime
1001 2565 1094 2619 fili.
1129 2565 1260 2620 Data
1307 2580 1381 2619 vn
1408 2563 1678 2641 Kalendas
1715 2562 1959 2630 κλαίεις,

382 2660 680 2717 indictione
705 2660 907 2731 prima.

1105 2763 1235 2820 Vill.

647 2875 718 2914 ΔΙ)
753 2873 1029 2914 El‘lBCOPOS
1066 2870 1252 2913 SYXODI
1288 2869 1708 2913 SUESSIONESSIS.

1004 2948 1180 3021 (Anno
1204 2945 1353 3017 868.)

389 3045 676 3101 Attardum
716 3045 1032 3112 episcopum,
1080 3056 1175 3110 pro
1219 3057 1321 3112 qua
1362 3039 1698 3112 scripserant,
1738 3036 1969 3112 ecclesia

457 3133 573 3187 quae
594 3107 814 3187 vacabit,
840 3107 997 3187 etiam
1020 3107 1775 3187 metropolitnnw.irt‘cardinari
1796 3107 1964 3187 jubet,

2056 1929 2196 1977 trem
2210 1927 2449 1975 nostrum
2470 1925 2527 1972 et
2546 1919 2921 1989 coepiscopum
2934 1919 3066 1972 Acta
3075 1918 3226 1973 rdtnn
3240 1917 3509 1986 ecclesiae,
3521 1933 3643 1988 qua

2058 2010 2196 2068 forte
2220 2025 2321 2067 suo
2351 2008 2513 2081 fuerit
2535 2007 2750 2064 viduata
2777 2019 3007 2074 rectore,
3031 2008 3248 2080 penitus
3269 2007 3596 2064 incardinari
3626 2026 3639 2062 :

2059 2109 2327 2172 quatenus
2349 2100 2401 2155 in
2424 2116 2487 2155 ea
2516 2099 2843 2156 constitutus
2870 2108 2925 2153 et
2952 2097 3128 2153 olllcia
3155 2086 3502 2172 episcopalis,
3524 2113 3647 2169 quas

2058 2209 2158 2267 per
2191 2193 2589 2263 impositionem
2616 2206 2809 2247 manus
2834 2191 3066 2262 accepit,
3092 2198 3367 2260 exerceat,
3391 2198 3447 2247 et
3464 2201 3649 2263 pasto-

2062 2286 2177 2342 rale
2207 2285 2566 2341 ministerium
2604 2284 2919 2339 solemniter
2959 2298 3142 2355 agens,
3182 2296 3314 2339 oves
3344 2282 3652 2340 Dominicas

2061 2376 2338 2447 Supietttite
2364 2373 2467 2429 sibi
2497 2372 2756 2429 divinitus
2784 2372 3057 2428 attributa:
3094 2372 3205 2428 sale
3231 2373 3473 2442 condiat,
3500 2380 3556 2428 et
3583 2370 3654 2429 de

2064 2467 2166 2523 hac
2203 2465 2409 2520 lucrum
2437 2462 2702 2520 conditori
2731 2479 2830 2519 suo
2856 2462 2976 2519 sine
3004 2463 3244 2535 quolibet
3268 2464 3654 2535 impedimento

2065 2566 2322 2630 reportet.
2371 2557 2431 2614 Si
2478 2567 2661 2615 tamen
2693 2558 2810 2628 ejus
2837 2559 3085 2623 ecclesia,
3116 2570 3176 2641 ut
3215 2557 3404 2631 ipsius,
3445 2567 3502 2616 et
3540 2574 3655 2616 me-

2066 2652 2378 2725 tropolitani
2408 2651 2633 2724 proprii,
2664 2666 2729 2706 ac
2757 2651 3063 2707 litterarum
3092 2660 3395 2708 vestrarum
3423 2653 3659 2708 circum-

2064 2744 2265 2800 stantia
2296 2743 2492 2808 innuit,
2533 2741 2773 2798 funditus
2800 2743 3000 2810 diruta,
3028 2752 3085 2797 et
3111 2757 3210 2815 per
3238 2728 3496 2798 nonnulla
3524 2758 3656 2799 eur-

2070 2835 2237 2889 rieula
2263 2834 2377 2906 jam
2417 2834 2473 2889 in
2504 2832 2852 2889 solitudinem
2884 2834 3097 2888 redacta
3143 2848 3267 2889 esse
3302 2832 3658 2905 dignoscitur,

2076 2929 2302 3001 paganis
2331 2926 2579 2983 videlicet
2626 2941 2733 2981 non
2776 2925 2950 2981 solent
3005 2925 3314 2992 transitum,
3360 2924 3455 2982 sed
3495 2926 3661 2982 etiam

2069 3019 2359 3075 stationem
2392 3016 2591 3074 ibidem
2618 3016 2959 3081 facientibus,
2989 3030 3053 3072 ac
3084 3026 3181 3087 per
3202 3017 3305 3073 hoc
3325 3014 3677 3089 depopulatis

2072 3117 2310 3185 titulique
2341 3114 2474 3171 locis
2506 3113 2811 3199 habitatore
2856 3111 3185 3180 carentibus,
3232 3110 3457 3168 sublatis
3498 3112 3661 3168 etiam

456 3177 606 3256 eique
633 3186 699 3240 ad
726 3184 1067 3255 aﬂlictianum
1095 3177 1337 3239 solatium
1365 3177 1513 3251 pallii
1537 3195 1692 3235 usum
1711 3178 1967 3267 conectat.

2075 3223 2103 3261 a
2137 3204 2450 3263 Britonibus
2492 3204 2598 3261 sibi
2645 3191 2771 3275 quae
2810 3177 3191 3260 remanserunt
3232 3200 3414 3268 rebus,
3466 3217 3568 3258 nec
3611 3201 3663 3257 el

459 3294 934 3355 licvereutissimis
983 3304 1039 3348 et
1090 3292 1451 3347 sanctissimis
1498 3288 1865 3347 court-utribus
1918 3297 1974 3345 et

364 3385 721 3456 ‘coepiscopis
745 3382 967 3447 nostris,
985 3382 1076 3453 qui
1098 3382 1372 3451 praeterito
1391 3393 1537 3435 anno
1564 3379 1703 3452 apud
1728 3377 1973 3435 Suessio-

392 3479 567 3535 nicam
596 3478 783 3531 umbem
814 3479 1203 3530 convenerunt.

462 3568 607 3624 inter
635 3574 827 3621 caetera
863 3577 985 3634 quae
1018 3561 1328 3632 apostolicae
1373 3561 1519 3615 sedis
1559 3558 1881 3614 auctoritate
1922 3560 1982 3614 in

393 3659 627 3728 idipstnu
673 3655 1079 3717 convenientes,
1114 3652 1181 3707 de
1222 3652 1393 3705 fratre
1428 3649 1541 3719 jam
1573 3660 1630 3705 et
1659 3650 1979 3719 coepiscopo

394 3762 583 3807 nostro
622 3748 897 3813 Wuliado,
940 3757 996 3802 et
1041 3746 1264 3818 collegis
1311 3745 1480 3815 ipsius
1519 3743 1795 3815 praeterito
1837 3757 1981 3798 anno

393 3845 649 3916 synodico
695 3842 982 3907 dellnistis,
1025 3840 1188 3895 etiam
1244 3837 1553 3910 apostolicae
1600 3837 1712 3892 sedi
1756 3850 1979 3893 causam

398 3933 723 3992 venerabilis
751 3932 937 3988 fratris
970 3930 1143 3987 nostri
1172 3929 1410 3994 Aetardi,
1446 3927 1776 3983 Namnetime
1805 3942 1978 3997 quon-

397 4025 522 4081 dam
574 4022 726 4077 urbis
761 4020 1034 4092 episcopi,
1064 4033 1159 4075 seu
1200 4018 1579 4099 tribulationes
1612 4017 1977 4089 exposuistis:

397 4114 560 4170 simul
591 4114 755 4169 etiam
792 4113 937 4167 hunc
962 4112 1191 4167 mirilicc
1216 4109 1677 4175 commendantes,
1710 4125 1817 4180 quo
1849 4109 1922 4164 illi
1949 4125 1981 4164 a

404 4213 552 4260 tanta
586 4205 713 4259 sedc
752 4203 1153 4269 subveniretur,
1200 4201 1530 4257 unanimiter
1564 4215 1628 4255 ac
1662 4214 1983 4272 magnopere

403 4297 733 4370 postulastis.
763 4295 1001 4364 Quorum
1028 4284 1373 4361 relationem,
1409 4294 1523 4348 sive
1558 4292 1981 4363 suggestionem,

407 4400 556 4445 tanto
581 4398 859 4458 gratanter
892 4394 1043 4443 tanto
1078 4385 1309 4440 libenter
1335 4398 1456 4450 nos,
1481 4380 1596 4452 jam
1627 4382 1738 4439 Deo
1766 4391 1987 4437 auctore

404 4478 551 4535 illius
574 4478 719 4535 sedis
752 4476 881 4533 licet
907 4474 1182 4534 imtnerito
1205 4472 1577 4533 moderamine
1595 4472 1773 4545 potiti,
1803 4486 1989 4529 susce-

2073 3298 2337 3353 minorem
2365 3310 2527 3366 quam
2567 3309 2664 3350 sua
2711 3294 2888 3351 fuerat
2916 3292 3033 3347 dari
3064 3293 3309 3349 volumus
3337 3308 3352 3348 :
3382 3303 3505 3348 cunt
3536 3292 3665 3348 licet

2074 3389 2178 3445 hoc
2208 3388 2429 3445 minime
2466 3386 2723 3458 postulet,
2757 3402 2824 3440 ne
2860 3385 3111 3441 videlicet
3150 3382 3381 3455 alicujus
3412 3383 3666 3440 alubitio-

2076 3480 2162 3535 nis
2205 3478 2343 3532 fama
2394 3484 2635 3541 notetur,
2691 3475 2903 3531 etiamsi
2949 3489 3008 3531 se
3056 3474 3373 3544 metropolis
3419 3473 3666 3528 fortassis

2077 3572 2354 3636 obtulerit,
2406 3568 2692 3626 conveniat
2742 3568 2999 3637 consequi
3054 3567 3343 3637 potiorem.
3396 3565 3663 3621 Nimirum

2075 3664 2169 3735 qui
2203 3664 2344 3719 inter
2372 3671 2569 3718 caetera
2594 3660 2853 3715 virtutum
2884 3675 3102 3715 suarum
3139 3659 3365 3731 insignia
3401 3657 3664 3713 barbaro-

2080 3771 2198 3810 rum
2230 3754 2435 3811 rabiem
2456 3768 2598 3824 sche
2621 3766 2931 3823 perpessus,
2956 3750 3341 3821 Christumque
3361 3748 3642 3805 confessus

2074 3846 2187 3918 jam
2226 3862 2367 3901 nunc
2397 3847 2511 3902 Deo
2530 3845 2653 3913 jure
2676 3846 2856 3899 dicere
2883 3827 3075 3898 debeat.
3114 3858 3128 3896 :
3155 3841 3455 3898 Secundum
3481 3841 3667 3905 multi.

2079 3938 2310 3994 tudinem
2337 3936 2579 3992 dolorum
2606 3950 2842 3989 nieorum
2868 3933 2921 3988 in
2956 3933 3114 3988 corde
3144 3948 3256 3986 meo
3287 3930 3671 3987 consolationes

2082 4041 2189 4084 tua:
2231 4027 2631 4098 [adﬁceret-unt
2671 4026 2902 4079 animum
2940 4039 3108 4078 meam
3147 4020 3318 4090 (Pani.
3347 4022 3524 4094 1cm).
3561 4021 3679 4078 Pio.

2083 4120 2238 4191 cujus
2286 4116 2363 4172 rei
2411 4114 2706 4172 obtinendo
2752 4128 2979 4185 prorsus
3032 4111 3259 4180 ell'ectu,
3305 4112 3506 4168 dilecto
3554 4112 3678 4169 lilio

2086 4218 2275 4267 nostro
2293 4206 2490 4264 Carolo
2513 4205 2747 4278 glorioso
2768 4205 2879 4275 regi
2904 4219 3093 4285 preces
3118 4195 3434 4269 direximus,
3462 4214 3519 4260 et
3541 4217 3687 4259 ecce

2086 4312 2324 4357 vestram
2370 4299 2681 4355 unanimem
2730 4296 3086 4362 claritatem,
3113 4306 3227 4366 quo
3268 4295 3488 4367 pietatis
3512 4294 3679 4366 hujus

2088 4394 2271 4463 aperis
2297 4394 2534 4447 favorem
2569 4399 2625 4445 et
2660 4390 2898 4446 studium
2933 4388 3137 4444 curetis
3184 4386 3500 4443 indelieiens
3540 4402 3679 4459 pnes

2092 4492 2259 4548 stare,
2285 4480 2641 4554 prauentibus
2661 4480 2943 4535 hortamur
2965 4476 3231 4535 aﬂatibus.
3262 4477 3330 4533 Et
3350 4486 3409 4533 ut
3435 4487 3685 4535 nostram

407 4574 603 4645 pimus,
640 4580 845 4641 quanto
882 4571 1024 4626 hanc
1065 4583 1132 4625 ex
1171 4567 1427 4624 fraternae
1460 4566 1766 4635 dilectionis
1797 4564 1975 4623 aﬂectu

2098 4572 2258 4629 vultis
2281 4588 2410 4642 erga
2454 4586 2550 4627 vos
2586 4572 2642 4625 in
2674 4568 3166 4641 opportunitatibus
3205 4584 3328 4625 esse
3356 4568 3682 4626 benevolen-

406 4669 673 4741 prodiisse
696 4668 819 4723 luce
839 4665 1039 4722 clarius
1067 4664 1449 4719 intelleximus.
1479 4661 1757 4734 Praecipue
1786 4678 1908 4718 cum
1937 4671 1991 4718 et

410 4758 687 4815 vobiscum
716 4771 1107 4828 prtecessornm
1151 4769 1418 4821 meorum,
1456 4753 1654 4811 Leonis
1688 4754 1901 4811 scilicet
1936 4764 1992 4809 et

409 4848 611 4906 Nicoiai
652 4846 1117 4903 sanctissimornm
1146 4845 1456 4915 praesulum,
1485 4845 1755 4901 recensita
1788 4846 1992 4916 scripta

410 4960 518 4999 non
547 4942 1037 5014 parvipendcndum
1066 4932 1387 5010 perhibeant
1409 4941 1799 4997 testimonium.
1828 4941 2001 5013 Igitur

408 5032 494 5090 illi
520 5033 760 5090 omnium
788 5034 880 5103 qui
926 5026 985 5087 in
1019 5031 1246 5088 concilio
1285 5030 1590 5088 Tricessino
1622 5031 1827 5087 inventi
1869 5041 1999 5087 sunt

409 5123 684 5195 legatione
724 5122 989 5195 iungenti,
1020 5132 1077 5177 et
1111 5120 1408 5177 instantius
1446 5137 1544 5192 pro
1583 5122 1685 5176 hoc
1713 5121 2001 5192 satagenti,

411 5215 641 5286 pallium
670 5214 827 5271 fratri
866 5224 924 5271 et
960 5215 1282 5285 coepiscopo
1308 5223 1500 5271 nostro
1522 5212 1774 5271 Wulfado
1803 5222 2006 5270 sancta

413 5305 773 5365 Bituricensis
826 5306 1091 5372 ecclesiae,
1138 5306 1294 5360 sicuti
1327 5304 1442 5375 jam
1490 5320 1590 5376 per
1644 5304 1748 5360 alia
1804 5306 2008 5377 scripta

416 5395 864 5467 signiﬁcavimus,
903 5395 1251 5453 deferendum
1288 5398 1676 5452 commisimus.
1720 5396 1827 5452 Sed
1878 5398 2004 5467 quia

418 5489 563 5547 idem
591 5490 919 5546 reverendus
944 5487 1191 5554 antistes,
1225 5496 1281 5544 ut
1320 5497 1496 5543 vestra
1546 5488 1736 5544 relatio
1774 5489 2003 5546 manifes

418 5591 552 5644 stat,
582 5596 609 5633 a
637 5580 851 5651 propria
880 5582 1108 5637 ecclesia
1136 5582 1345 5637 diutino
1362 5582 1473 5651 jam
1501 5590 1742 5653 tempore
1766 5600 2004 5655 pagano-

423 5687 548 5727 rum
595 5674 969 5741 persecutione
1011 5673 1312 5744 propulsus,
1366 5675 1470 5729 hac
1517 5674 1744 5745 iliacque
1781 5690 2007 5748 peregre

430 5760 809 5828 proﬁciscitur,
864 5766 967 5820 huc
1014 5773 1177 5835 atque
1224 5765 1349 5821 illuc
1399 5765 1621 5822 multam
1671 5767 1787 5837 jam
1833 5766 2008 5823 fessus

2100 4664 2248 4727 tiam,
2280 4664 2351 4717 ita
2384 4670 2564 4716 vestra
2588 4675 2718 4732 erga
2744 4662 2891 4715 hunc
2915 4658 3160 4726 fratrem,
3188 4659 3274 4715 cui
3304 4675 3523 4716 manum
3551 4676 3684 4732 por-

2097 4759 2340 4831 rigimus,
2374 4757 2526 4814 vobis
2561 4771 2778 4827 quoque
2817 4772 3033 4812 manum
3064 4757 3481 4827 porrigentibus,
3510 4756 3691 4815 donee

2096 4852 2241 4922 quod
2277 4848 2617 4922 decrevimus
2646 4846 2900 4903 effectum
2932 4849 3133 4919 capiat,
3159 4850 3559 4921 promptissima
3589 4865 3686 4922 pa-

2099 4919 2272 4998 tescat
2311 4919 2594 4996 industria.
2630 4939 2907 5010 Siquidem
2951 4950 3007 4996 et
3051 4919 3174 5005 nos,
3226 4919 3370 4998 illius
3408 4919 3690 5014 multiplici

2108 5033 2357 5099 miserim,
2389 5032 2706 5098 etdiutiua:
2740 5031 3182 5102 peregrinationi,
3226 5044 3389 5103 atque
3434 5034 3692 5091 continuo

2106 5124 2327 5180 mmrori
2366 5122 2775 5194 compatientes,
2823 5122 2987 5178 decus
3013 5122 3089 5178 illi
3118 5124 3265 5195 pallii
3305 5124 3422 5180 solo
3471 5125 3695 5181 misera-

2110 5216 2271 5272 tionis
2302 5215 2498 5272 affcctu
2537 5214 2882 5271 contulimus.
2929 5216 3084 5284 Quod
3125 5233 3231 5271 non
3271 5216 3428 5272 aliter
3464 5217 3563 5282 illi,
3591 5231 3698 5275 nec

2112 5309 2331 5364 cuilibet
2358 5308 2560 5378 absque
2590 5307 2945 5377 metropolitis
2969 5309 3409 5374 concederemus,
3436 5309 3538 5364 nisi
3562 5309 3699 5365 ntul-

2116 5402 2274 5456 toties
2312 5399 2453 5453 hunc
2476 5398 2688 5463 exsilia,
2718 5415 2887 5464 mare,
2917 5399 3130 5455 vincula
3161 5415 3400 5470 passum,
3433 5402 3599 5455 etiam
3629 5399 3699 5456 ad

2115 5488 2399 5561 capitalem
2420 5489 2745 5544 sententiam
2776 5488 3087 5558 frequenter
3112 5498 3340 5543 tractum
3369 5489 3532 5545 fuisse
3552 5504 3699 5544 com-

2112 5585 2471 5656 perissemus;
2515 5598 2573 5635 et
2620 5581 2725 5636 nisi
2769 5581 2869 5636 hoc
2907 5581 3020 5651 ipse
3061 5581 3173 5634 suis
3212 5581 3377 5637 tantis
3406 5598 3470 5636 ac
3505 5581 3704 5637 talibus

2112 5670 2471 5733 detrimentis,
2502 5670 2632 5740 quin
2657 5671 2836 5743 potius
2862 5671 3089 5733 meritis,
3122 5687 3218 5741 pro
3259 5672 3553 5727 celerrima:
3573 5687 3704 5728 con-

2112 5762 2391 5819 solationis
2429 5760 2620 5819 solatio
2661 5764 2970 5830 meruisset,
3015 5771 3072 5818 ut
3121 5762 3323 5819 scilicet
3377 5765 3567 5820 habeat
3604 5778 3706 5832 pro
