4198 6234
451 228 582 341 ms

1600 322 1618 333 .
1660 282 2017 343 EPISTOLAE
2055 234 2142 342 Ei
2180 284 2502 344 DECRETA

3597 276 3730 337 ιετι

439 404 691 459 ardorem
733 374 1048 468 concepisse
1091 409 1396 468 cognosce,
1449 405 1705 468 tanquam
1751 400 1797 453 si
1831 401 2026 456 millies
2057 407 2105 464 Α
2201 402 2317 466 eius
2358 402 2567 456 dicceat
2609 415 2733 458 0.2m
2783 399 2969 456 tenuit.
3019 399 3131 456 Sibi
3175 417 3317 456 cura:
3348 399 3724 469 futurum,“
3790 388 3802 396 ’

440 492 643 549 mutuis
671 492 976 547 lrueremur
998 488 1266 560 alloquiis.
1302 488 1511 550 Habeto
1548 503 1679 561 ergo
1710 496 1911 543 nostra?
1942 504 2028 543 re-

438 583 818 658 promissionis
840 583 1058 656 pignus,
1101 592 1159 637 et
1180 581 1230 637 in
1264 582 1443 646 nobis,
1477 581 1615 635 utin
1642 580 1849 636 nostris
1878 592 2026 637 ante-

440 675 769 739 cessoribus,
815 674 1012 730 ﬁducia
1057 681 1168 728 tota
1212 685 1437 743 prorsus
1469 669 1724 726 inuitere.
1759 669 2028 726 Prmterea

440 765 707 826 sanctitas
731 775 819 821 tua
847 762 985 822 bene
1008 754 1179 829 novit,
1205 771 1406 834 quanta
1438 761 1597 819 sedes
1616 762 1870 821 habuerit
1900 757 2033 833 apo-

439 860 629 918 stoliea
662 858 727 915 in
775 874 941 915 causa
989 857 1233 914 Lotharii
1276 857 1426 929 regis
1465 856 1801 923 certamina,
1829 865 1888 912 et
1934 869 2034 926 per

441 952 701 1024 praesules
743 966 872 1008 suos
896 991 914 1017 ,
968 948 1317 1020 Benedictum
1367 949 1579 1007 scilicet
1618 959 1675 1005 et
1710 948 2029 1016 Nicolaum,

438 1057 575 1117 quot
598 1045 727 1102 hinc
755 1046 972 1101 labores
999 1044 1378 1115 assumpserit.
1415 1041 1571 1100 Unde
1588 1052 1646 1100 et
1670 1060 1784 1104 nos,
1821 1044 2028 1098 haben-

441 1149 525 1195 tes
553 1139 804 1193 eumdem
835 1132 1105 1213 spiritum,
1158 1152 1319 1208 quem
1361 1144 1417 1191 et
1458 1135 1622 1193 iidem
1650 1144 1833 1211 patres
1858 1136 2030 1192 nostri

440 1228 698 1287 habuisse
724 1229 938 1301 probati
967 1239 1116 1295 sunt,
1139 1228 1328 1284 eadem
1352 1227 1481 1284 hinc
1506 1242 1627 1297 quae
1646 1227 1721 1282 illi
1750 1227 2033 1298 sequimur

440 1330 499 1376 et
521 1320 884 1377 decernimus.
926 1317 1289 1388 Quamobrem
1334 1328 1439 1373 tua:
1475 1316 1832 1375 fraternitatis
1876 1316 2034 1396 indu-

442 1412 636 1467 striam
683 1398 989 1481 specialiter
1022 1397 1379 1465 admonemus
1400 1448 1417 1474 ,
1460 1409 1537 1464 uti
1565 1408 1707 1478 quod
1735 1423 1899 1479 super
1928 1409 2033 1465 hoc

442 1506 575 1563 olim
604 1505 838 1576 ,negotio
874 1503 1087 1576 gessisti
1136 1500 1377 1558 studium
1428 1490 1739 1560 nullatenus
1780 1502 2033 1559 euervari

442 1597 792 1662 consentias;
847 1596 942 1651 sed
973 1594 1088 1650 vice
1118 1601 1303 1650 nostra
1344 1592 1516 1649 fretus
1539 1633 1554 1657 ,
1593 1609 1775 1650 coram
1816 1593 2034 1665 regibus

441 1697 497 1745 et
525 1668 843 1758 prasidiltus
865 1686 931 1740 de
953 1684 1274 1740 testimoniis
1295 1682 1505 1739 Domini
1519 1683 1662 1754 loqui
1682 1698 1786 1738 non
1812 1697 1995 1739 cesses
2013 1686 2034 1736 :'

2198 469 2506 598 Brixiae:
2549 480 2733 526 contra
2770 469 2933 541 ipsius
2978 473 3212 529 ecclesiae
3264 467 3543 543 privilegio
3593 467 3727 525 nihil

2202 557 2302 598 con
2456 579 2474 597 .

2202 557 2474 598 εοεκοαω.

2199 696 2479 755 Annianus
2507 696 2815 770 episcopus,
2835 711 3028 753 servus
3052 711 3338 753 servorum
3362 696 3481 765 Dei,
3506 694 3731 754 Hanno

2112 802 2206 866 ibo
2230 791 2646 866 archiepiscopo
2674 790 3001 849 Turonensi.

2202 879 2451 939 Iliserias
2496 891 2555 938 et
2597 882 2745 938 diras
2773 882 3113 940 calamitates
3140 881 3387 940 Aetardi.
3411 884 3723 942 communis

2131 969 2317 1028 fratris
2358 980 2415 1028 et
2447 972 2751 1044 eoepiscopi
2785 989 2892 1029 non
2939 982 3023 1029 est
3064 974 3374 1045 exponendi
3427 983 3534 1033 tua
3571 979 3723 1032 revo-

2133 1064 2331 1121 rentiae
2369 1062 2466 1139 illa
2496 1065 2811 1123 necessitas.
2843 1044 3055 1139 Quippe
3106 1044 3229 1123 cum
3273 1066 3416 1138 ipsa,
3446 1075 3637 1140 utpote
3670 1068 3730 1125 in

2132 1155 2218 1211 his
2246 1156 2415 1223 socia,
2440 1163 2495 1212 ct
2516 1170 2652 1226 pene
2680 1169 2894 1235 semper
2930 1156 3205 1229 contigua,
3238 1172 3442 1235 earum
3467 1157 3731 1228 liquidius

2131 1246 2289 1303 nobis
2319 1244 2709 1317 experientiam
2737 1232 2933 1303 habeat
2954 1267 2972 1304 ε
3004 1257 3064 1304 ut
3096 1232 3253 1304 sicuti
3275 1249 3343 1305 de
3365 1248 3731 1306 sanctimonia

2133 1354 2231 1394 sua
2276 1339 2607 1396 credendum
2634 1346 2719 1397 est
2740 1379 2756 1405 ,
2797 1339 2906 1417 imo
2935 1348 2996 1403 ut
3032 1339 3152 1410 ipso
3179 1337 3424 1395 antistite
3453 1339 3733 1397 referente

2135 1431 2538 1501 comperimus,
2591 1430 2707 1502 ejus
2751 1430 3025 1486 coutinuis
3064 1430 3325 1487 aerumnis
3367 1446 3475 1487 non
3512 1429 3731 1488 modice

2106 1518 2433 1593 _compassa'
2450 1521 2523 1577 sit
2545 1528 2600 1578 et
2632 1521 2873 1577 miserta.
2906 1521 3107 1577 Verum
3129 1522 3256 1593 quia
3277 1521 3479 1578 nostris
3501 1533 3646 1591 saepe
3676 1526 3734 1579 et

2133 1610 2277 1682 apud
2307 1610 2648 1667 dilectionem
2675 1620 2823 1665 tuam
2852 1608 3050 1666 litteris
3078 1610 3349 1679 adjuvari,
3379 1620 3433 1667 et
3450 1610 3729 1681 apustoloe

2138 1716 2257 1755 rum
2281 1696 2608 1771 principum,
2632 1715 2866 1770 quorum
2892 1700 3141 1774 praesidia
3192 1710 3345 1757 tanto
3389 1700 3576 1758 labore
3604 1700 3731 1758 tan-

442 1777 518 1832 ita
548 1784 607 1832 ut
632 1776 776 1847 quod
801 1784 1023 1832 auctore
1042 1773 1153 1829 Deo
1181 1774 1515 1829 destructum
1543 1781 1648 1839 est,
1674 1772 1837 1831 nullis
1851 1772 2035 1829 dolose

2140 1770 2303 1863 teque
2333 1790 2515 1846 studio
2546 1789 2850 1862 requisivit,
2875 1770 3079 1848 amoris
3095 1792 3288 1855 intuitu
3309 1791 3411 1848 sibi
3439 1790 3734 1863 quamdam

441 1868 869 1925 maehiuantium
898 1865 1218 1921 reaedilieari
1248 1864 1428 1919 valeat
1449 1864 1805 1936 argumentis.
1835 1863 1892 1919 lu
1923 1877 2032 1933 quo

439 1960 692 2017 videlicet
716 1959 931 2037 pietatis
950 1973 1136 2030 opere,
1158 1957 1287 2028 quia
1313 1958 1381 2013 de
1405 1958 1620 2027 regibus
1640 1956 1780 2013 idem
1802 1956 2035 2012 dilectus

368 2063 391 2087 ἰ
442 2052 586 2109 hlius
618 2059 802 2107 noster
828 2050 1072 2113 Carolus,
1117 2049 1186 2106 de
1212 2049 1587 2106 sacerdotibus
1615 2064 1744 2105 vero
1788 2057 1842 2103 tu
1873 2047 2036 2119 potis-

441 2146 639 2201 simum
675 2142 789 2198 sedi
823 2141 1135 2212 apostolica
1176 2140 1364 2197 sedule
1391 2125 1645 2196 laborant
1672 2139 2034 2196 concurristis

440 2245 513 2292 et-
544 2233 899 2295 concertastis
918 2274 933 2299 ,
966 2242 1115 2288 tuam
1145 2231 1361 2303 prOprie
1388 2231 1741 2288 cohortamur
1765 2231 2033 2304 insignem

444 2330 745 2396 solertiam,
771 2343 880 2400 quo
906 2337 963 2384 et
990 2327 1104 2401 ipsa
1128 2327 1312 2399 pravis
1343 2315 1582 2381 'viriliter
1608 2324 1791 2382 obviet
1816 2337 1878 2380 et.
1898 2338 2036 2396 pnn-

442 2423 645 2477 dictum
696 2419 999 2490 piissimum
1041 2432 1221 2489 regem
1249 2456 1264 2484 ,
1314 2416 1395 2471 uti
1447 2424 1789 2472 consummet
1834 2418 2035 2473 bonum

442 2512 585 2584 quod
616 2494 992 2575 inchoarerat,
1020 2508 1390 2566 indesinenter
1427 2498 1809 2565 commoneat:
1841 2514 2036 2577 quate-

445 2619 548 2659 nus
589 2612 644 2659 et
676 2602 953 2657 variarum
985 2600 1252 2654 virtutum
1283 2607 1588 2653 vestrarum
1632 2596 1813 2654 tunica
1862 2609 2036 2668 usque

442 2694 509 2748 ad
564 2691 705 2751 talus,
726 2691 1013 2763 pertingat,
1042 2700 1099 2745 et
1132 2682 1461 2745 sacriﬁcium
1487 2682 1629 2743 boni
1657 2688 1822 2743 vestri
1851 2686 2035 2757 operis

444 2783 556 2841 Deo
595 2796 717 2839 eum
755 2781 927 2840 cauda
963 2781 1204 2838 oblatum
1242 2779 1617 2835 holocaustum
1644 2777 1784 2847 efﬁci
1827 2795 2037 2833 merea-

444 2886 573 2942 tur;
606 2889 816 2932 necnon
849 2884 904 2929 et
945 2871 1077 2929 illud
1102 2872 1167 2928 de
1189 2871 1348 2927 vobis
1386 2870 1629 2936 dicatur,
1665 2870 1811 2942 quod
1840 2870 1906 2925 de
1934 2867 2036 2925 Job

444 2975 655 3032 sancto,
679 2968 806 3021 dum
829 2980 861 3021 a
876 2963 1072 3021 divinis
1094 2978 1202 3018 non
1233 2970 1474 3019 cessaret
1493 2962 1794 3033 obsequiis,
1818 2960 2037 3031 scriptis

445 3064 749 3121 asset-itur:
780 3061 1031 3118 videlicet
1060 3059 1154 3115 ubi
1202 3053 1570 3142 non'legitur:
1599 3051 1751 3126 'Quia
1797 3058 1879 3113 sic
1910 3057 2036 3113 iecit
2085 3082 2093 3088 ~

2137 1883 2359 1955 preprie
2406 1883 2579 1939 voluit
2616 1883 3043 1941 consolationem
3087 1884 3358 1951 conferri,
3407 1886 3736 1945 charitatem

2137 1985 2287 2041 tuam
2323 1976 2407 2032 his
2430 1977 2717 2033 hortamur
2734 1984 2784 2032 el
2818 1978 3176 2050 deprecamur
3198 1980 3469 2050 apicibus,
3499 1989 3559 2034 ut
3586 1979 3738 2036 inter

2136 2064 2243 2120 alia
2284 2065 2672 2122 beneﬁciorum
2712 2070 2929 2124 tuorum
2968 2069 3072 2126 sibi
3108 2057 3431 2127 collaturum
3474 2057 3734 2141 insignia,
3759 2141 3780 2151 η

2137 2159 2530 2216 monasterium
2556 2159 2707 2227 illud,
2734 2162 2880 2232 quod
2907 2163 3038 2219 olim
3064 2164 3122 2220 in
3135 2164 3354 2222 dimcesi
3372 2167 3738 2222 suatenuisse

2140 2249 2504 2322 dignoscitur,
2534 2259 2626 2306 tua
2653 2244 2798 2309 nunc
2827 2263 3193 2325 consequatur
3218 2254 3291 2311 ob
3327 2270 3569 2320 amorem
3612 2254 3735 2326 jam

2100 2356 2105 2359 ί
2136 2350 2567 2396 memoratorum
2593 2340 2963 2419 apostolorum
3014 2344 3278 2417 largiente
3318 2345 3733 2404 benevolentia:

2136 2440 2405 2502 quatenus
2442 2432 2534 2504 qui
2565 2434 2682 2489 suis
2712 2433 2871 2490 valde
2907 2434 3201 2492 destitutus
3229 2453 3349 2493 esse
3377 2439 3734 2511 comperitur,

2140 2524 2269 2580 hinc
2308 2525 2504 2580 saltem
2541 2517 2736 2582 alienis
2783 2526 3271 2584 sustentationibus
3302 2530 3526 2601 adipisci
3568 2540 3753 2601 queat

2137 2631 2250 2671 suae
2278 2615 2397 2671 vitae
2417 2615 2741 2674 subsidium.
2767 2616 2921 2685 Quod
2946 2627 2999 2675 te
3021 2627 3339 2690 negaturum
3358 2620 3739 2691 profecto-non

2142 2706 2441 2773 credimus,
2474 2707 2518 2763 si
2548 2723 2711 2778 quam
2735 2709 2804 2763 sit
2830 2710 3058 2765 a'l‘ratre
3093 2712 3265 2767 frater
3285 2711 3738 2781 adjuvandus'in-
3763 2729 3776 2741 '

2141 2807 2289 2854 tenta
2318 2807 2501 2854 mente
2533 2801 2878 2867 consideres;
2908 2796 2954 2858 si
2983 2817 3145 2872 quam
3182 2803 3253 2858 sit
3303 2804 3582 2875 indignum
3608 2844 3624 2871 ,
3675 2814 3755 2881 ut_

2139 2890 2288 2960 quod
2315 2906 2344 2944 a
2372 2889 2705 2961 benignitate
2728 2900 2817 2946 tua
2846 2893 3043 2949 intuitu
3071 2904 3345 2963 tantorum
3369 2896 3738 2965 apostolorum

2143 2968 2456 3039 dileCtiouis
2486 2984 2819 3055 depascitur,
2850 2984 3050 3055 petitor
3094 2986 3317 3041 minime
3345 2996 3734 3057 consequatur,

2141 3074 2351 3139 solerti,
2371 3075 2512 3131 sicut
2536 3077 2710 3141 decet,
2739 3078 3035 3146 perpendct
3058 3078 3345 3133 industria.
3375 3080 3449 3135 De
3472 3080 3556 3134 his
3580 3094 3736 3148 vero,

442 3154 544 3212 Job
587 3168 684 3225 per
728 3152 928 3224 aliquot
959 3152 1105 3215 dies;
1145 3139 1272 3217 sed,
1305 3148 1396 3205 Sic
1427 3139 1662 3219 faciebat
1690 3146 1792 3204 Job
1835 3148 2037 3202 cunctis

2141 3181 2264 3236 qua:
2292 3165 2359 3245 de
2386 3164 2630 3222 ecclesia:
2670 3176 2795 3231 tuae,
2824 3168 2907 3220 vel
2939 3168 3237 3238 diteceseos
3266 3169 3566 3241 privilegiis
3595 3171 3740 3227 idem

442 3245 627 3301 diebus
657 3244 778 3319 (Job
809 3242 871 3315 ι).
904 3236 1041 3297 Nam
1069 3250 1126 3297 et
1142 3250 1330 3297 saneta
1359 3238 1617 3294 animalia
1660 3254 1767 3295 non
1803 3250 1925 3309 post
1954 3253 2034 3303 se,

445 3336 540 3391 sed
552 3343 688 3391 'ante
713 3333 938 3406 segradi
954 3332 1066 3388 visa
1090 3338 1233 3395 sum,
1249 3346 1373 3385 cum
1397 3327 1712 3384 incederent
1731 3326 1949 3400 (Ezech.
1970 3334 2035 3397 ι).

448 3426 630 3483 Porro.
660 3424 958 3481 Actardum
1003 3417 1370 3477 venerabilem
1409 3416 1729 3489 episcopum
1783 3415 2040 3470 fraterna:

445 3519 690 3576 caritatis
706 3517 848 3573 ulnis
875 3514 1222 3586 amplectere,
1253 3503 1381 3568 etin
1409 3505 1909 3583 opportunitatibus
1939 3522 2041 3578 pro

444 3616 732 3672 beatorum
782 3609 1087 3682 principum
1143 3604 1513 3678 apostolorum
1579 3615 1766 3658 amore
1824 3615 2044 3671 semper

447 3708 701 3766 auxiliari
738 3715 1031 3762 memento.
1081 3695 1283 3760 Verum
1334 3718 1441 3756 non
1471 3701 1586 3757 hzrc
1634 3701 1758 3756 ideo
1784 3698 2040 3763 dicimus,

448 3802 602 3874 quasi
637 3810 688 3857 te
716 3799 806 3855 ille
831 3798 935 3854 sibi
969 3810 1313 3867 compassum
1342 3804 1400 3850 et
1428 3796 1713 3849 misertum
1744 3791 1911 3847 fuisse
1934 3806 2041 3846 non

448 3895 714 3968 praedicet
743 3910 760 3961 ;
788 3893 884 3948 sed
926 3899 986 3947 ut
1030 3889 1175 3969 quod
1205 3905 1349 3945 nunc
1378 3903 1551 3959 usque
1587 3888 1834 3958 proxime
1864 3883 2041 3941 fecisti

448 3981 730 4059 eharitati‘s
751 3986 969 4051 intuitu,
986 3970 1130 4038 nunc
1146 3982 1309 4038 etiam
1327 3980 1627 4051 primorum
1648 3978 1899 4050 perﬁcias
1916 3992 2047 4049 apo-

448 4082 733 4147 stolorum,
761 4080 828 4136 ad
856 4093 1085 4151 quorum
1108 4076 1297 4133 limina
1318 4073 1620 4138 festinavit,
1642 4086 1709 4127 ac
1730 4069 2045 4141 przesidium

440 4174 765 4246 postulavit,
798 4171 1105 4228 dilectionis
1121 4156 1341 4226 affectu.
1364 4167 1509 4224 Iusta
1534 4166 1699 4236 igitur
1719 4171 2042 4235 opportune,

451 4266 855 4334 importune,ct
878 4261 1006 4333 quia
1029 4261 1245 4332 propria
1268 4266 1438 4323 caret,
1469 4256 1609 4337 apud
1630 4254 2045 4326 dilectissimum

442 4359 558 4427 jam
601 4354 769 4410 fatum
816 4352 984 4407 lilium
1029 4360 1275 4406 nostrum
1312 4346 1829 4403 excellentissimum
1862 4358 2045 4413 regem

449 4448 705 4506 Carolum
735 4456 920 4502 nostra
949 4446 1068 4503 vice
1091 4444 1385 4513 impetrare
1416 4440 1652 4504 studeto,
1677 4438 1753 4493 uti
1781 4452 1880 4493 suo
1908 4452 2041 4508 quo-

452 4558 559 4616 que
584 4542 776 4597 favore
821 4556 1025 4596 vacans
1051 4541 1101 4596 ei
1130 4526 1471 4613 episcopalis,
1503 4536 1719 4593 etiamsi
1746 4551 1804 4591 se
1839 4545 2039 4590 metroo

448 4634 590 4706 polis
622 4631 919 4697 obtulerit,
971 4632 1203 4688 ecclesia
1243 4631 1533 4686 tribuatur.
1567 4626 1748 4683 Fortis
1771 4626 2043 4683 enim'do-

453 4700 584 4779 iniui
616 4725 717 4779 bos
745 4723 865 4793 ipso
889 4731 1113 4778 auctore
1139 4720 1408 4783 consistit,
1447 4728 1502 4774 et
1531 4719 1653 4774 ideo
1676 4717 1926 4788 plurimae
1955 4732 2047 4769 se-
2097 4700 2100 4703 Α

451 4825 607 4888 getes
644 4816 694 4871 ei
726 4815 794 4872 ad
825 4814 1076 4871 trituram
1121 4812 1311 4883 procul
1349 4811 1511 4867 dubio
1553 4808 1797 4864 commiti
1826 4807 2042 4873 debent.

452 4903 586 4961 Nam
617 4900 880 4976 scriptum
902 4912 1026 4961 est:
1057 4901 1100 4958 ι]
1110 4903 1159 4957 bi
1184 4901 1431 4975 plurima:
1488 4912 1685 4971 segetes
1711 4941 1725 4965 ,
1764 4900 1834 4957 ibi
1875 4899 2049 4953 muni-

453 4994 587 5065 {estu
619 4994 875 5067 fortitudo
911 4995 1068 5050 boum
1110 4991 1294 5067 (Prov.
1318 4994 1403 5066 tt).
1445 4989 2047 5065 Optamus'fraternita-

457 5096 562 5145 tem
595 5097 745 5143 tuam
784 5102 928 5142 nunc
957 5096 1012 5144 et
1037 5100 1254 5156 semper
1297 5086 1351 5142 in
1388 5085 1611 5142 Christo
1657 5086 1798 5143 bene
1845 5086 2043 5141 valere.

457 5177 587 5240 Data
618 5195 714 5235 vni
741 5178 866 5237 ldus
886 5178 1091 5245 Martii,
1125 5178 1422 5248 indictione
1453 5180 1650 5249 prima.

1204 5310 1297 5371 XI.

600 5468 668 5509 AD
714 5467 1004 5527 αειςδιυωί
1048 5465 1501 5536 Αιιειιιειηεεοξυι
1530 5467 1902 5509 τυκοιιεωεειι.

1016 5630 1019 5633 μ
1100 5578 1280 5657 (Anno
1326 5586 1478 5661 868.)

2143 3256 2477 3330 venerabilis
2509 3258 2783 3313 Actartlus
2810 3259 3081 3330 praecipue
3120 3259 3428 3330 suggessit,
3460 3259 3738 3317 Salomoni

2144 3349 2267 3409 duci
2313 3359 2369 3405 et
2407 3320 2606 3420 [iopulo
2650 3320 3034 3406 Britannorum
3075 3320 3405 3406 sutliveienter
3449 3353 3743 3422 descripsi-
3826 3416 3841 3423 η

2144 3455 2303 3495 inus:
2337 3443 2480 3510 quod
2517 3440 2683 3496 etiam
2724 3440 2778 3495 in
2806 3440 3144 3511 exemplari,
3192 3441 3336 3511 quod
3367 3457 3574 3521 secum.
3596 3443 3741 3501 hiem

2145 3534 2382 3591 antistes
2406 3532 2657 3601 deferet,
2694 3534 3030 3605 experientia
3065 3545 3154 3590 tua
3188 3537 3362 3605 quibit
3389 3552 3687 3608 agnoscere
3719 3554 3737 3592 :

2146 3627 2391 3699 nihilque
2431 3626 2578 3699 quod
2604 3637 2796 3683 contra
2843 3628 3108 3685 rationem
3137 3630 3509 3700 postulabunt,
3540 3630 3586 3686 si
3628 3631 3742 3686 fur—

2148 3722 2309 3779 tassis
2333 3718 2402 3777 ad
2431 3737 2533 3778 nos
2567 3738 2756 3778 eorum
2777 3722 2958 3793 aliqui
3004 3724 3284 3787 venerint,
3319 3725 3612 3797 agnorat-is
3645 3742 3744 3783 eos

2148 3829 2178 3868 a
2207 3813 2389 3880 nobis,
2431 3814 2733 3889 opitulante
2762 3816 3007 3881 Domino,
3038 3817 3154 3873 fore
3184 3819 3400 3887 penitus
3428 3802 3742 3891 adepturus.

2147 3905 2414 3976 Optamus
2436 3904 2836 3962 fraternitatem
2865 3915 3011 3962 tuam
3035 3910 3087 3964 in
3107 3908 3336 3976 Christo
3368 3911 3508 3968 bene
3535 3912 3740 3970 valere.

2152 3996 2287 4054 Data
2312 4012 2412 4053 vnr
2438 3997 2565 4055 ldus
2584 3995 2827 4067 Martias,
2858 3999 3154 4057 indictione
3179 4001 3377 4071 prima.

2886 4162 3003 4219 XII.

2346 4312 2415 4353 Αυ
2452 4312 2668 4355 ,ωομει
2708 4313 3038 4356 γιιίιειιωεεειι
3075 4315 3551 4358 Αιιωιιειιιεωριτι.

2073 4498 2123 4561 D
2761 4458 2941 4530 (Anno
2973 4460 3125 4532 868.)

2152 4607 2439 4665 Nicolaum
2488 4610 2821 4688 decessor-em"
2842 4602 3464 4688 suumntiria‘laudibus
3507 4618 3744 4688 consul.“

2221 4696 2378 4754 seque
2424 4692 2641 4737 excusat
2681 4683 2822 4752 quod
2871 4686 3114 4754 qua'dam
3147 4686 3213 4741 ab
3255 4704 3315 4740 eo
3360 4690 3587 4743 severius
3631 4683 3744 4744 zelo

2214 4750 2799 4876 justtitireupertractata
2837 4750 3091 4826 magistra
3133 4758 3381 4830 (equitate
3419 4760 3744 4819 moderando

2222 4837 2290 4874 mi
2318 4838 2453 4876 mort
2482 4866 2496 4876 .

2222 4837 2496 4892 mmgoru.

2221 4973 2498 5032 Annttxus
2526 4978 2811 5049 episcopus
2835 5021 2849 5044 ,
2886 4994 3078 5036 servus
3119 4996 3402 5038 servorum
3432 4983 3550 5048 Det,
3590 5000 3747 5043 revo-

2152 5067 2464 5123 rentissimo
2492 5068 2755 5126 confratri
2784 5070 2954 5129 ADONI
2979 5074 3391 5145 archiepiscopo
3429 5076 3743 5134 Viennensi.

2226 5156 2518 5227 Epistolam
2544 5159 2851 5217 sanctitatis
2876 5170 2980 5215 tuac
3004 5178 3198 5233 magna
3221 5178 3343 5217 cum
3383 5165 3749 5223 exsultatione

2156 5250 2408 5321 suscepi,
2454 5261 2510 5306 et
2559 5252 2803 5324 relegens
2864 5250 3181 5310 innumeras
3230 5256 3585 5326 omnipotenti
3639 5259 3748 5314 Deo

2157 5349 2338 5412 grates
2360 5342 2599 5407 exsolvi,
2653 5344 2780 5414 quia
2819 5345 3041 5399 creditze
3090 5346 3475 5416 speculationis
3508 5334 3746 5404 cilicium

2155 5447 2263 5487 non
2306 5435 2511 5506 torpori
2542 5422 2757 5491 tradere
2800 5436 3105 5502 consentis,
3136 5440 3231 5493 sed
3273 5448 3497 5495 strenue
3533 5442 3747 5496 cunctis

2139 5539 2317 5594 quam
2359 5528 2430 5582 sit
2476 5527 2532 5582 in
2578 5536 2781 5584 sanctae
2824 5528 3079 5585 Ecclesim
3125 5530 3750 5603 rectoribuspsollicitius

2155 5621 2552 5686 exercendum,
2582 5622 2762 5679 studio
2803 5638 2909 5678 non
2943 5626 3338 5681 contemnendo
3383 5625 3745 5686 demonstras.

444 5692 529 5751 -Ut
570 5699 803 5757 Actordo
848 5700 1088 5772 episcopo
1136 5702 1383 5758 comedat
1410 5694 1790 5769 monasterium
1827 5707 1968 5779 quod
1998 5707 2053 5762 in
2160 5709 2298 5766 Ecce
2340 5712 2486 5767 enim
2516 5727 2616 5784 pro
2654 5713 2814 5772 dozno
2858 5712 2949 5768 Dei
2983 5724 3087 5764 non
3126 5717 3329 5785 segnis
3359 5719 3751 5789 paterfamilias

1898 5880 1927 5893 κ
