4198 6230
421 205 560 263 1275

1782 226 2062 283 ΑυΗιΑΜ
2100 231 2303 292 ΡΚΡᾸΞ
2343 237 2383 294 ll

3565 244 3711 306 {276

432 332 652 405 satagis,
684 332 837 403 cujus
867 334 1117 430 nimirum
1146 336 1264 394 zelo
1286 342 1608 398 comederis.
1639 343 1780 401 Ecce
1810 360 1909 416 pro
1940 346 2016 403 ei-
2047 355 2096 417 Α
2124 351 2323 407 nientis
2384 355 2685 412 inclusum.
2728 358 2991 430 Optamus
3039 350 3383 423 sanctitatem
3448 377 3595 422 tuam
3650 368 3722 427 in.

430 424 600 481 vitate
647 424 741 482 Dei
772 436 830 483 ut
874 422 1033 499 fortis
1076 441 1445 505 propugnator
1484 434 1830 503 sollicitaris,
1862 436 2014 506 cujus

398 567 405 571 .
428 514 674 584 profecto
702 533 822 588 qua:
850 519 916 574 ad
945 536 1135 591 pacem
1156 531 1282 578 sunt
1311 538 1504 594 rogare
1530 540 1635 581 non
1660 527 1886 583 desinis.
1915 527 2017 600 Igi-

430 613 521 659 tur
546 620 667 676 qum
719 621 819 676 pro
864 608 1458 682 privilegiis‘Ecclesiat
1499 612 1755 671 Romanae
1793 616 1877 671 vel
1923 617 2017 671 de-

427 697 595 752 cretis
618 698 918 756 decessoris
963 703 1065 758 mei
1095 704 1407 775 apostolicae
1434 708 1712 784 memoria:
1735 723 1890 779 papa:
1924 708 2015 763 Ni-

428 787 565 842 colai
597 789 714 844 sine
740 792 1077 851 mutilatiune
1102 797 1381 854 servandis
1415 799 1671 863 hortaris,
1705 794 2010 865 laudamus,

427 893 550 955 qum
584 868 777 937 suades
816 870 1174 953 admittimus,
1211 897 1265 941 et
1288 904 1408 960 qua:
1450 906 1640 947 mones
1673 893 1888 965 penitus
1917 912 2017 968 apd

425 975 733 1042 probamus.
767 974 1045 1047 Siquidem
1074 988 1194 1036 acta
1234 982 1440 1050 przefati
1480 986 1752 1054 pontiﬁcis
1787 996 1940 1044 tanto
1978 1007 2010 1046 a

425 1065 574 1118 nullo
614 1066 853 1136 patimur
877 1069 1119 1141 quolibet
1158 1083 1317 1151 pacto
1354 1077 1610 1142 convelli,
1647 1089 1853 1149 quanto
1896 1082 2012 1151 ipse

423 1160 581 1215 nobis
623 1171 747 1232 post
806 1163 960 1236 longa
1012 1175 1253 1239 tempora
1305 1172 1445 1226 inter
1494 1174 1672 1228 nubila
1729 1179 2012 1244 praesentis

415 1253 547 1316 vita:
588 1254 744 1323 quasi
771 1258 1040 1326 quoddam
1072 1276 1268 1317 novum
1301 1263 1449 1317 sidus
1480 1279 1766 1334 apparens,
1806 1277 1861 1322 et
1888 1270 2009 1325 vitae

422 1345 508 1398 vel
535 1345 794 1415 doctrina:
818 1362 930 1401 sua:
950 1347 1156 1421 fulgore
1179 1362 1400 1407 auctore
1432 1354 1541 1409 Deo
1567 1370 1814 1411 errorum
1860 1366 2010 1414 tene-

418 1432 548 1491 bras
581 1436 838 1505 abigens,
864 1453 971 1493 non
1012 1441 1155 1510 quod
1190 1440 1546 1508 abolendum,
1584 1445 1677 1500 sed
1713 1447 1856 1516 quod
1887 1448 2009 1503 imi-

421 1527 645 1581 tandum
674 1537 744 1582 su
773 1537 827 1583 et
868 1529 995 1585 fecit
1032 1541 1086 1586 et
1127 1532 1325 1587 docuit.
1361 1534 1600 1605 Denique
1630 1537 1753 1607 quis
1791 1539 2006 1595 etiamsi
2038 1529 2041 1532 ’
2077 1567 2093 1579 ·

418 1616 557 1673 nihil
584 1618 728 1672 aliud
761 1621 988 1677 rationis
1015 1622 1257 1705 obstaret
1286 1623 1403 1695 ejus
1426 1627 1604 1697 aliqua
1644 1632 1848 1687 cassari
1889 1645 2007 1701 per-

2118 440 2335 499 Christo
2358 455 2824 528 nuncetsemper
2861 452 2999 508 bene
3033 453 3231 511 valere.
3274 455 3409 512 Data
3446 471 3542 527 vni
3578 458 3719 517 idne

2118 532 2263 601 Maii,
2291 537 2587 595 indictione
2606 540 2803 612 prima.

2850 674 2983 731 Xlll.

2508 800 2582 849 tu
2620 800 2865 842 ustum
2907 786 3309 847 inruentium.

2729 918 2910 989 (Almo
2936 918 3086 989 sos.)

2149 1101 2164 1113 ,
2233 1046 2452 1104 Gratias
2474 1059 2583 1119 agit
2605 1048 2669 1104 de
2689 1049 2888 1134 [gnat-ii
2909 1054 2960 1133 in
2985 1054 3393 1123 patriarclmtem
3412 1034 3588 1126 sedent

2734 1133 3078 1178 restitutione.
3520 1140 3527 1146 ’
3546 1139 3552 1145 ”

2176 1249 2452 1307 Αυκιηυε
2486 1253 2795 1325 episcopus,
2844 1269 3038 1311 servus
3082 1271 3364 1318 servorum
3407 1259 3528 1327 Dei,
3572 1262 3710 1320 dileq

2108 1342 2351 1399 ctissimo
2386 1345 2518 1408 lilio,
2551 1355 2608 1401 et
2633 1347 3089 1423 ctu-istianissimo
3126 1351 3444 1423 imperatori
3480 1353 3707 1413 Basruo

2109 1448 2140 1487 a
2169 1434 2280 1491 Deo
2305 1444 2572 1505 protecta,
2601 1425 2818 1508 semper
2840 1440 3105 1511 Augusto.

2178 1527 2472 1595 Quoniam.
2515 1532 2962 1604 tranquillissime
3007 1535 3327 1607 imperator,
3368 1539 3567 1595 audisti
3610 1556 3711 1603 vos

2106 1633 2224 1675 cem
2256 1618 2376 1685 Dei,
2407 1636 2506 1694 per
2532 1624 2843 1693 apostolicae
2871 1626 3015 1682 sedis
3041 1626 3273 1683 cilicium
3314 1630 3410 1684 tibi
3440 1630 3708 1707 delatam,

420 1708 679 1776 mitteret,
708 1709 811 1767 nisi
835 1710 928 1781 qui
965 1728 1061 1769 sua
1095 1716 1421 1788 quandoque
1463 1718 1783 1776 inﬁrmanda
1810 1721 2003 1778 docere

2109 1718 2164 1764 et
2202 1711 2482 1768 honorasli
2526 1714 2758 1772 exinnios
2806 1715 2923 1784 ejus
2966 1718 3262 1786 apostolos,
3315 1728 3372 1773 et
3415 1721 3705 1782 restituisti

419 1799 696 1873 voluisset.
726 1801 859 1859 Nam
897 1813 956 1859 ut
982 1807 1172 1885 beatus
1200 1823 1338 1883 papa
1375 1810 1536 1867 docet
1564 1811 1854 1886 Gregorius
1877 1855 1890 1879 ,
1922 1815 2017 1872 ni-.

417 1891 525 1947 mis
551 1901 632 1948 est
653 1908 927 1964 asperum,
954 1907 1007 1952 et
1033 1900 1303 1972 praecipue
1326 1902 1489 1958 bonis
1516 1905 1861 1963 sacerdotum
1890 1922 2004 1964 mo-

420 1983 573 2040 ribus
611 1986 915 2053 inimicum,
939 1975 1053 2045 nisi
1080 1992 1388 2065 quempiam
1418 2009 1743 2067 quacunque
1780 1994 2013 2056 rationis

413 2078 768 2139 excusatione
799 2089 855 2135 et
886 2096 1008 2151 quae
1045 2082 1182 2139 bene
1211 2097 1339 2140 sunt
1377 2088 1626 2144 ordinata
1657 2079 1998 2159 rescindere,

414 2182 470 2227 et
498 2173 749 2245 exemplo
768 2190 867 2229 suo
904 2175 1098 2232 docere
1126 2184 1352 2234 cteteros
1386 2193 1481 2236 sua
1521 2182 1847 2254 quandoque
1881 2192 2005 2254 post

415 2281 474 2322 se
498 2270 790 2325 constituta
823 2268 1138 2336 dissolvere,
1169 2286 1298 2328 sane
1320 2272 1364 2329 si
1389 2272 1527 2329 forte
1550 2285 1677 2331 sunt
1712 2293 1830 2346 qua:
1859 2277 2004 2335 idem

414 2360 820 2416 sacratissimus
850 2371 905 2416 et
929 2377 1054 2417 vere
1094 2364 1204 2421 Deo
1233 2364 1426 2435 plenus
1470 2367 1699 2425 antistes
1731 2383 1832 2439 pro
1873 2380 2003 2427 tem-

354 2484 359 2487 ι
410 2450 566 2522 poris
622 2452 707 2507 vel
754 2468 1042 2509 causarum
1102 2457 1365 2526 qualitate
1430 2460 1686 2531 magistra
1745 2463 2002 2533 mquitate

413 2543 608 2611 gessit,
637 2543 803 2599 veluti
841 2545 887 2599 si
913 2556 1237 2617 quemquam
1259 2548 1379 2605 zelo
1411 2548 1638 2625 justitia:
1661 2551 1851 2609 studio
1879 2552 2002 2610 cor-

412 2638 624 2718 rigendi
676 2641 979 2710 percussit,
1022 2651 1076 2695 et
1119 2658 1217 2698 nos
1251 2650 1549 2700 eavrursus
1597 2661 1695 2717 pro
1741 2649 2001 2718 temporis

411 2716 566 2802 atque
619 2732 702 2788 vel
760 2748 1049 2789 causarum
1105 2734 1408 2805 imitatione
1462 2737 1619 2792 aliter
1671 2739 2003 2799 moderando

410 2824 748 2895 mitigamus,
780 2841 883 2881 non
920 2826 1007 2880 illa
1033 2829 1401 2893 cassare,‘sed
1418 2843 1538 2900 qua:
1561 2831 1673 2901 ipse
1695 2831 1999 2901 crepitcon-

412 2928 693 2971 summare
738 2916 1128 2987 dignoscimnr.
1180 2916 1314 2975 Nam
1337 2919 1436 2975 etsi
1482 2919 1571 2975 ille
1617 2902 1998 2994 \‘nluuS'\aspe-

412 3020 477 3061 ro
504 3006 753 3064 medendi
782 3021 979 3079 genere
1001 3022 1197 3073 curare
1221 3009 1406 3081 coepit,
1430 3021 1485 3065 et
1511 3026 1609 3067 nos
1630 3011 1737 3067 leui
1758 3010 1997 3071 fot'ncnto

2107 1792 2364 1860 Ecclesiae
2400 1803 3014 1879 Constantinopolitame
3050 1810 3246 1867 throno
3284 1812 3564 1885 proprium
3604 1829 3698 1883 pa-

2108 1904 2344 1959 storem,
2403 1898 2669 1979 repellens
2726 1900 3065 1968 adulterum,
3122 1902 3440 1979 benedictus
3496 1907 3574 1963 sis
3631 1909 3703 1965 ab

2088 1976 2485 2062 onmip’otente
2508 1990 2639 2057 Deo,
2680 2001 2737 2048 et
2773 1994 2960 2050 videas
3007 1976 3397 2067 subiectionem
3449 2000 3700 2056 inimitoo

2105 2095 2248 2145 rum,
2293 2089 2348 2135 et
2388 2082 2649 2152 temporis
2682 2084 3109 2157 longitudinem,
3139 2102 3204 2142 ac
3247 2088 3299 2143 in
3340 2088 3478 2145 solio
3514 2099 3604 2145 tuo
3633 2091 3702 2146 de

2104 2171 2301 2231 lumbis
2335 2172 2441 2229 tuis
2471 2175 2763 2241 haeredem,
2804 2185 2968 2250 atque
3004 2179 3057 2235 in
3098 2179 3283 2245 futuro
3308 2185 3475 2239 vitam
3504 2199 3687 2257 perue-

2104 2274 2284 2331 tuam;
2326 2266 2371 2323 si
2398 2276 2576 2324 tamen
2620 2269 2691 2324 ab
2728 2270 2795 2328 iis
2838 2286 2960 2341 qua:
2997 2272 3139 2333 bene
3185 2275 3395 2347 crepisti
3443 2293 3548 2333 non
3584 2279 3700 2336 dis.

2102 2361 2366 2430 cesseris,
2415 2362 2511 2418 sed
2546 2378 2714 2432 usque
2755 2364 2807 2419 in
2840 2364 3003 2421 ﬁnem
3046 2367 3103 2421 in
3128 2367 3213 2423 eis
3238 2371 3700 2443 perseveraveris.

2101 2467 2137 2509 o
2160 2452 2420 2524 spiritalis
2458 2463 2513 2510 et
2550 2454 2899 2515 dilectissime
2938 2457 3238 2527 ﬁli;.licet,
3270 2460 3423 2519 vobis
3458 2463 3701 2531 quolibet

2102 2546 2262 2601 modo
2294 2547 2600 2614 agentibus,
2632 2563 2662 2602 a
2695 2535 2929 2606 decretis
2961 2559 3167 2609 sanctze
3198 2553 3474 2610 memoriae
3502 2555 3699 2624 μικρά*

2100 2635 2190 2704 pui
2220 2637 2522 2694 decessoris
2554 2639 2656 2695 mei
2690 2629 2846 2711 papae
2870 2639 3101 2708 Nicolai,
3132 2658 3253 2712 quae
3282 2647 3353 2700 de
3379 2643 3555 2707 Photli
3578 2647 3698 2707 de»

2101 2728 2391 2798 positione,
2406 2737 2461 2785 et
2482 2741 2889 2801 recuperanone
2910 2734 3103 2806 lgnatii
3131 2735 3317 2793 fratris
3334 2748 3393 2793 et
3406 2754 3694 2794 consacer-

2100 2820 2243 2877 dotis
2257 2822 2431 2877 nostri
2463 2822 2843 2893 promulgavit,
2875 2842 3154 2897 nunquam
3168 2832 3550 2902 quoqnomodo
3580 2831 3699 2887 disc

2100 2911 2376 2966 cedamus.
2436 2910 2615 2967 Tanto
2643 2914 2789 2969 enim
2822 2915 3071 2974 volumus
3111 2918 3256 2977 illius
3292 2922 3527 2978 decretis
3565 2940 3697 2991 crin-

2100 3001 2349 3066 Cordare,
2381 3009 2583 3072 quanto
2612 3001 2746 3072 ipse,
2776 3019 2902 3059 cum
2939 3006 3057 3063 haec
3093 3018 3302 3082 ageret,
3333 3012 3530 3070 divinis
3550 3029 3695 3084 pr.»

409 3098 541 3155 illud
594 3100 662 3154 ad
714 3100 1003 3155 sanitatem
1067 3099 1368 3171 perducere
1414 3103 1731 3174 satagimus,
1782 3105 1999 3177 utrique

2102 3094 2272 3159 ceptis
2309 3095 2643 3153 concordare
2679 3097 2953 3153 studebat.
3007 3097 3142 3155 Nam
3183 3110 3239 3157 et
3276 3102 3381 3158 hoc
3436 3120 3699 3167 necessa-

409 3208 519 3260 non
565 3191 839 3255 diversum
880 3191 976 3247 sed
1007 3207 1175 3249 unum
1206 3192 1444 3248 studium
1493 3196 1751 3265 gerimus.
1782 3195 1917 3263 Quia
1943 3206 2000 3252 et

407 3285 499 3341 ille
526 3301 648 3357 qua:
671 3296 800 3346 tunc
837 3300 1138 3359 congruere
1181 3287 1459 3360 prospexit
1488 3288 1761 3355 adhibuit;
1803 3299 1859 3344 at
1901 3306 2000 3345 nos

406 3377 552 3448 quod
580 3373 733 3443 nuch
768 3383 955 3449 aptum
982 3378 1098 3435 fore
1124 3379 1536 3436 consideramus
1576 3394 1846 3451 apponere
1891 3397 1998 3436 non

408 3470 713 3528 renuimus.
773 3469 833 3526 Si
870 3470 1038 3542 igitur
1091 3469 1180 3526 illc
1232 3487 1265 3527 a
1324 3471 1536 3533 lenibus
1581 3458 1867 3543 inciperet,
1893 3488 1998 3527 non

406 3572 667 3619 sanaret:
701 3563 746 3620 si
773 3577 899 3620 vero
936 3563 1148 3635 asperis
1172 3579 1273 3621 nos
1308 3564 1542 3620 dandam
1567 3564 1659 3621 ﬁlo
1682 3572 1843 3620 tenus
1871 3580 2001 3634 ope-

407 3668 523 3709 ram
541 3652 931 3722 judicaremus,
960 3652 1315 3710 nihilominus
1344 3655 1411 3709 ad
1434 3654 1686 3710 sanitatis
1716 3665 1839 3710 vota
1876 3655 1998 3710 ttul-

409 3744 623 3801 lomodo
675 3746 1123 3817 pertingeremus.
1178 3744 1237 3805 Si
1289 3760 1421 3821 ergo
1456 3753 1508 3799 te
1542 3746 1872 3801 scandalizat
1925 3746 2002 3801 di-

408 3839 641 3894 versitas
666 3839 1209 3903 medicamentorum,
1258 3855 1382 3896 cum
1421 3840 1594 3914 magis
1634 3842 1831 3897 debeat
1867 3842 1999 3897 tedi-

406 3926 574 3984 ﬁcare
600 3943 706 3982 una
755 3929 1057 4002 eademque
1097 3929 1337 3985 inventio
1369 3931 1700 4001 medicorum
1721 3930 1882 3997 ,-imo
1913 3947 2000 3988 sa-

410 4022 553 4077 nitas
596 4031 946 4095 :egrotorum.
973 4022 1109 4091 Quia
1138 4032 1194 4079 et
1243 4021 1356 4093 ipse
1399 4023 1443 4077 si
1489 4025 1701 4079 curatio
1736 4024 1998 4095 languen-

416 4113 550 4167 tium
602 4114 926 4170 accessisset
964 4114 1107 4169 inter
1157 4130 1318 4170 sanos
1348 4122 1403 4170 et
1431 4115 1771 4186 providentia
1815 4116 1998 4171 divina

406 4212 628 4258 curatos
705 4204 804 4258 hos
870 4202 1120 4274 recipere
1182 4203 1490 4260 nullatenus
1556 4206 1994 4275 contempsisset.

406 4292 634 4364 Legerat
671 4295 815 4349 enim
867 4304 923 4350 ct
977 4294 1117 4350 inter
1160 4285 1277 4350 alia.
1314 4295 1622 4365 hujusmodi
1665 4299 1994 4354 documenta

404 4384 639 4454 plenitcr
664 4395 889 4441 noverat
932 4386 1148 4441 dicente
1188 4384 1461 4441 Domino:
1503 4384 1694 4441 Videte
1739 4389 1995 4457 quoniam

2103 3184 2242 3238 rium
2270 3193 2355 3240 est
2392 3194 2467 3248 ut,
2502 3185 2813 3243 custodiens
2835 3190 3293 3258 prindecessorum
3326 3211 3570 3265 lucorum
3591 3197 3697 3252 de-

2100 3284 2270 3339 creta,
2301 3276 2523 3332 doceam
2554 3285 2682 3347 post
2705 3277 2987 3335 decessum
3017 3298 3195 3339 meum
3239 3294 3298 3340 et
3324 3303 3439 3341 mea
3478 3303 3727 3359 quoque-

2103 3368 2172 3423 ab
2211 3368 2279 3423 iis
2318 3368 2411 3439 qui
2451 3376 2574 3439 post
2622 3383 2711 3426 me
2752 3369 2959 3427 fuerint
3008 3374 3157 3430 nullo
3215 3379 3378 3433 modo
3418 3380 3694 3437 violanda.

2100 3458 2394 3529 Postquam
2433 3470 2615 3516 autem
2653 3462 3006 3532 cognovimus
3031 3467 3174 3537 quod
3201 3467 3517 3526 misericors
3551 3471 3697 3531 Dens

2101 3550 2388 3620 imperium
2413 3559 2649 3606 vestrum
2678 3551 2838 3609 simul
2863 3564 2917 3609 et
2935 3555 3188 3613 alicétum
3218 3560 3284 3614 ad
3308 3561 3409 3617 hoc
3436 3564 3693 3629 erexerit,

2103 3651 2162 3696 ut
2192 3643 2434 3711 dispersa
2472 3653 2785 3715 congreget,
2814 3655 2869 3700 et
2898 3663 3022 3717 (jure
3057 3651 3367 3707 ceciderant
3406 3654 3597 3725 erigat,
3638 3665 3695 3715 et

2102 3734 2335 3787 contrita
2360 3734 2643 3799 resolidet;
2670 3734 3313 3810 ﬁducialitcrpossumns,
3340 3744 3450 3799 Deo
3468 3746 3690 3815 gratias,

2103 3824 2416 3895 deposcere,
2447 3837 2507 3882 ut
2539 3827 2573 3882 ii
2610 3830 2699 3895 qui
2738 3829 2933 3900 objecti
2974 3842 3118 3895 sunt,
3149 3834 3217 3889 ab
3246 3835 3475 3905 imperio
3514 3848 3694 3898 vestro

2105 3918 2461 3989 recipiantur,
2501 3932 2557 3978 et
2605 3925 2639 3980 ii
2681 3926 2773 3997 qui
2815 3926 3498 3999 dispersicongregemur.
3539 3929 3691 4001 Qua-

2101 4023 2322 4083 propter
2351 4014 2830 4085 prudentissimum
2859 4020 3034 4074 virum
3068 4019 3469 4091 'l'heognostnm
3509 4022 3683 4079 hono-

2104 4104 2487 4161 rabilissimunt
2525 4111 2820 4168 cxarcbum
2862 4121 3055 4166 vestrm
3092 4111 3302 4167 ﬁducia:
3352 4114 3692 4174 remittentes

2101 4199 2573 4268 commendamus;
2623 4203 2716 4275 qui
2767 4202 3060 4275 legatione,
3112 4211 3220 4259 tam
3271 4221 3372 4275 pro
3416 4204 3585 4263 fratre
3631 4216 3693 4264 et

2102 4289 2475 4347 comministro
2502 4302 2692 4350 nostro
2724 4293 2955 4367 lgnatio,
2983 4310 3145 4366 quam
3180 4312 3282 4367 pro
3308 4283 3523 4373 caeteris
3552 4312 3687 4355 con-

2103 4383 2372 4440 tribulatis
2413 4384 2662 4454 functus,
2703 4402 2803 4459 per
2846 4387 3187 4461 septennium
3236 4390 3378 4460 apud
3428 4390 3692 4482 principis

404 4451 504 4547 ego
531 4493 649 4533 sum
677 4478 837 4533 Deus.
886 4476 998 4549 Ego
1025 4477 1271 4532 occidam
1305 4484 1361 4532 et
1389 4478 1575 4534 vivere
1608 4478 1806 4534 faciam
1836 4498 1849 4533 :
1874 4495 1997 4551 per-
2027 4451 2076 4511 ί)
2100 4476 2466 4548 apostolorum
2514 4476 2705 4533 limina
2753 4488 2812 4533 nt
2855 4477 3176 4549 peregrinus
3220 4488 3276 4534 et
3315 4478 3491 4535 incola
3522 4461 3686 4543 visit,

404 4570 630 4635 entiam,
659 4578 709 4624 et
757 4586 860 4641 ego
897 4571 1125 4626 satiabo.
1179 4570 1246 4625 Et
1275 4580 1425 4627 certe
1472 4568 1731 4643 praefatus
1771 4572 1998 4645 Magnus

406 4664 640 4720 antistes
665 4662 961 4736 Gregorius
991 4666 1183 4723 scribit
1209 4684 1224 4721 :
1256 4665 1428 4734 Sicut,
1450 4668 1721 4739 inquiens,
1749 4684 2000 4739 perseve-

405 4753 549 4809 ranti
574 4755 746 4826 culpae
774 4756 999 4811 debetur
1023 4758 1146 4829 jure
1192 4759 1430 4828 vindicta
1451 4798 1468 4823 ,
1507 4760 1584 4815 ita
1630 4760 1996 4832 resipisccnti-

402 4847 505 4903 bus
524 4857 609 4904 est
635 4849 790 4903 venia
836 4851 1210 4907 concedenda.
1250 4851 1446 4908 Verum
1480 4854 1607 4908 hinc
1650 4855 1753 4908 hoc
1794 4855 1997 4911 dixisse

402 4939 659 4995 sufﬁciat.
693 4941 961 4997 Cancrum
993 4959 1276 5001 monemus
1327 4946 1671 5001 dilectionem
1723 4955 1895 5004 tumo.
1938 4955 1997 5000 ut

401 5031 446 5084 si
485 5046 591 5099 qua
635 5039 782 5097 sunt,
814 5047 936 5103 qua!
973 5032 1039 5088 ad
1080 5047 1420 5089 eoitnnnnetu
1446 5034 1694 5090 ecclesia:
1723 5034 1998 5105 pertinent

401 5123 721 5188 utilitatem,
752 5124 833 5179 rel
884 5140 1004 5195 qua:
1035 5133 1237 5182 nostra:
1268 5125 1385 5181 sedi
1416 5126 1646 5197 spiritali
1677 5127 1836 5199 genio
1867 5142 1995 5181 con-

402 5214 587 5267 venire
620 5214 977 5284 perspexerit,
1014 5215 1223 5271 intente
1251 5226 1571 5285 pertractat,
1599 5225 1654 5273 et
1678 5216 1990 5287 prtesulatni

397 5314 586 5359 nostro
642 5314 884 5360 actutum
936 5307 1155 5362 scienda
1198 5306 1500 5362 denuntiet.
1559 5306 1839 5374 Quatenus
1894 5321 1991 5375 per

394 5396 531 5463 hoc,
584 5408 852 5468 quantum
902 5398 1046 5454 beati
1107 5398 1250 5455 Petri
1303 5399 1621 5453 meritoriam
1666 5397 1749 5452 vel
1806 5386 1988 5453 sedem

393 5491 604 5561 diligat,
627 5500 679 5545 et
707 5500 969 5561 quantum
1002 5492 1075 5545 illi
1101 5494 1307 5547 haerere
1351 5500 1586 5564 sautgat.
1627 5491 1749 5547 luce
1788 5489 1990 5546 clarius

393 5582 715 5639 innotescat.
742 5583 942 5653 Sicque
964 5582 1180 5637 demum
1232 5582 1286 5637 in
1336 5582 1454 5651 cjus
1494 5582 1767 5639 soliditate
1816 5582 1989 5653 persi-

391 5683 563 5740 stens,
617 5675 816 5731 nullius
840 5685 1065 5731 auctore
1112 5676 1218 5740 Deo
1248 5676 1441 5731 lluctns
1497 5685 1690 5743 pavent
1734 5687 1988 5744 snpervc-

2097 4580 2155 4627 et
2182 4585 2370 4627 eorum
2396 4570 2829 4627 confessionibus
2855 4570 3176 4645 memoriam
3204 4579 3438 4628 vestram
3469 4570 3690 4625 assidue

2099 4660 2526 4730 commendavit;
2558 4670 2615 4718 et
2650 4678 2683 4718 a
2710 4662 2799 4719 die
2826 4663 3092 4720 adventus
3126 4662 3212 4717 sui
3243 4678 3414 4733 usque
3443 4663 3512 4717 ad
3544 4678 3686 4732 pra:-

2099 4770 2226 4810 scns
2264 4752 2487 4825 pictatis
2511 4763 2709 4810 vestra:
2745 4756 3013 4828 praeconia
3040 4770 3320 4820 enarrare,
3349 4767 3406 4810 et
3431 4755 3690 4815 Ecclesia:

2101 4845 2455 4902 manifestare
2504 4842 2758 4909 vulnera,
2807 4854 2862 4902 et
2900 4847 3092 4903 horum
3153 4848 3415 4904 medelam
3468 4850 3691 4920 exigere

2101 4950 2206 4990 non
2234 4936 2463 4991 destitit.
2511 4935 2669 4992 Nunc
2703 4952 2853 5009 ergo,
2886 4939 3141 5009 quoniam
3186 4948 3242 4995 et
3286 4940 3389 4995 iste
3435 4957 3576 4996 unus
3614 4958 3683 4997 ex

2099 5027 2203 5083 illis
2232 5036 2314 5083 est
2351 5028 2443 5098 qui
2477 5032 2764 5100 postquam
2799 5030 2959 5101 lupus
2999 5029 3176 5087 factus
3202 5040 3284 5087 est
3316 5040 3520 5103 pastor,
3548 5050 3685 5088 cou-

2099 5120 2247 5174 tinuo
2275 5118 2530 5189 dispersi,
2559 5129 2617 5176 et
2653 5136 2682 5174 a
2715 5122 2868 5176 vobis
2895 5121 2984 5191 pic
3016 5123 3196 5177 omnia
3231 5125 3541 5195 regentibus
3577 5124 3682 5180 ite-

2096 5224 2215 5265 rum
2263 5214 2577 5283 congregati
2627 5226 2788 5279 sunt,
2844 5227 3129 5270 revocetur
3165 5225 3221 5271 et
3266 5215 3381 5286 ipse
3425 5217 3681 5286 petimus,

2094 5313 2152 5359 et
2189 5303 2241 5357 in
2281 5305 2511 5359 mandra
2554 5305 2794 5362 ﬁdelium
2842 5307 3083 5361 omnium
3122 5324 3154 5363 a
3185 5307 3470 5364 clementia
3500 5318 3684 5365 vestra
3752 5343 3756 5346 ~

2096 5400 2322 5466 locetur,
2353 5410 2407 5456 et
2438 5399 2580 5456 inter
2616 5401 2865 5457 laetantes
2900 5404 3020 5474 pios
3052 5402 3192 5457 ﬁlios
3216 5411 3447 5474 paterno
3485 5401 3682 5458 aﬁ‘ectu

2094 5501 2217 5560 post
2262 5490 2436 5563 longae.
2484 5490 2818 5561 captivitatis
2877 5492 3246 5548 reversionem
3299 5494 3684 5550 connumerari

2098 5592 2400 5648 ntereatur;
2431 5592 2486 5637 et
2511 5581 2582 5637 ob
2608 5598 2849 5638 amorem
2880 5584 2972 5639 Dei
3000 5593 3056 5640 ct
3084 5593 3448 5655 protectorum
3477 5598 3692 5641 vestro-

2099 5690 2215 5727 rum
2262 5672 2565 5744 principnm
2616 5676 2980 5767 apostoltn-nm
3032 5677 3324 5743 honorent,
3380 5695 3410 5731 a
3451 5692 3689 5748 quorum
