4198 6252
608 217 747 329 .m-

1857 286 2140 346 MiltlANi
2180 284 2381 348 ΡΑΡᾹΞ
2420 280 2463 342 Ii

3594 211 3604 220 η

546 424 691 483 mur.
725 411 939 485 quando
969 408 1215 468 videlicet
1253 408 1305 464 in
1330 406 1610 473 Ecclesia,
1638 420 1760 478 qum
1784 403 2129 477 apertissime
2159 409 2203 468 Α
2231 401 2351 475 ejus
2386 402 2599 458 transiit
2627 415 2791 471 super
2824 410 3047 466 tenam,
3074 401 3202 455 dum
3238 398 3481 457 videlicet
3518 393 3712 460 contra
3737 401 3826 458 di-

550 502 863 562 Dominicus
906 515 1040 574 ager
1086 500 1390 573 appellatur
1413 537 1428 564 ,
1475 510 1699 553 auctore
1742 494 1955 561 Photio,
1990 508 2130 551 nova

548 592 896 668 presumptio
921 602 978 649 et
1004 592 1241 648 inaudita
1267 600 1353 647 est
1379 599 1498 646 orta
1524 590 1820 649 temeritas.
1849 586 2130 660 Siquidem

548 686 639 744 hic
663 672 911 753 Photius,
952 702 1077 743 cum
1117 685 1296 743 adhuc
1330 686 1639 741 mundanus
1678 684 1927 740 minister
1967 690 2130 747 esset,

547 776 841 851 genuinam
881 776 1279 848 quodammodo
1322 789 1540 845 semper
1576 772 1833 830 invidiam
1873 772 2136 828 adversus

548 870 778 928 fratrem
809 881 865 927 et
891 873 1269 942 coepiscopum
1300 880 1547 927 nostrum
1579 870 1849 942 lgnatium’
1868 868 2137 924 Constan-

548 960 967 1032 tiuopelitanum
1016 963 1384 1033 patriarcham
1437 963 1492 1017 in
1533 970 1756 1033 pectore
1794 969 2049 1032 gestans;
2079 967 2137 1014 et

548 1054 617 1108 ad
660 1051 984 1125 prtesulatus
1035 1054 1246 1109 culmen
1305 1067 1412 1108 non
1455 1052 1758 1124 gradatim,
1807 1050 1886 1125 vel
1933 1051 2137 1107 sensim

549 1145 937 1210 conscendere,
966 1144 1059 1201 sed
1090 1145 1456 1217 praecipitibus
1482 1160 1560 1201 eoi
1574 1144 1867 1217 superstite
1890 1143 2140 1216 passibus

550 1236 829 1292 transilire
872 1236 1135 1305 gestiens,
1166 1236 1519 1305 semetipsum
1553 1235 1623 1291 ab
1655 1235 1899 1307 ejusdem
1937 1233 2135 1291 beatis-

549 1324 673 1383 simi
716 1325 963 1396 pmstilis
997 1316 1378 1381 communione
1417 1323 1547 1382 fecit
1574 1337 1894 1383 extraneum
1920 1342 1937 1379 :
1960 1333 2017 1383 et
2042 1340 2139 1396 per

549 1415 655 1471 hoc
688 1415 758 1471 ab
783 1414 1075 1472 universali
1103 1415 1370 1481 Ecclesia,
1396 1431 1519 1485 qua:
1562 1416 1664 1485 ipsi
1693 1415 2013 1472 beatissimo
2045 1428 2141 1486 pa;

550 1506 807 1563 triarchte
841 1506 1309 1572 communicabat,
1339 1523 1400 1564 se
1436 1506 1667 1563 reddidit
1699 1521 1923 1579 prorsus
1953 1522 2139 1563 exsor-

552 1607 688 1667 tem,
718 1608 884 1671 atque
913 1600 1058 1655 inter
1090 1598 1469 1657 schismatiens
1502 1601 1691 1671 procul
1722 1600 1886 1657 dubio
1932 1599 2139 1656 consti-

551 1700 724 1757 tutus,
766 1697 958 1747 contra
997 1704 1185 1747 saeros
1232 1689 1561 1763 apostolicos
1588 1706 1827 1748 canones
1866 1691 2141 1747 saeculari-
2177 1726 2182 1731 ι

2233 496 2415 551 rinam
2442 493 2856 557 ordinationem,
2887 493 3100 550 cmliurs
3136 493 3191 547 in
3218 492 3363 549 beati
3386 491 3534 550 Petri
3558 490 3826 565 principia

2231 587 2600 659 apostolorum
2651 598 2884 658 prunam
2932 586 3251 658 dispositam
3277 626 3294 647 ,
3344 584 3548 657 putridi
3592 586 3824 660 gurgitis

2234 690 2423 750 guttur
2450 682 2693 751 aperuit.
2735 689 2792 736 et
2819 680 3079 737 adversus
3109 678 3355 752 ejusdem
3390 678 3545 753 regni
3581 678 3826 738 celestis

2236 770 2492 845 clavigeri
2523 771 2874 844 apostolicam
2911 772 3118 837 sedem,
3146 781 3203 827 et
3229 773 3557 843 praecipuam
3585 788 3652 828 ac
3668 788 3824 831 sum-

2238 881 2384 922 matu
2409 865 2729 938 dignitatem
2756 875 2813 920 et
2837 873 3184 935 potestatem,
3222 865 3461 937 linguam
3490 850 3657 921 suam
3675 880 3829 928 tuom

2237 958 2509 1029 serpentis
2566 955 2816 1023 exacuit;
2863 956 3032 1012 vitam
3093 954 3297 1011 scilicet
3348 955 3653 1015 decessoris
3706 957 3824 1013 mei

2240 1050 2414 1106 beatis
2462 1047 2855 1106 recordationis
2899 1062 3052 1120 papa:
3097 1047 3307 1121 Nicolai
3355 1047 3626 1106 lacessere
3680 1050 3828 1105 nullo

2238 1141 2405 1198 modo
2428 1125 2700 1206 metuens,
2730 1155 2831 1198 nec
2857 1134 3036 1207 nobis,
3060 1141 3152 1212 qui
3179 1138 3300 1211 ejus
3320 1141 3413 1199 vix
3438 1141 3586 1214 digiti
3617 1140 3827 1212 famuli,

2239 1243 2299 1290 ut
2329 1249 2437 1289 non
2473 1232 2653 1289 dicam
2685 1248 2978 1304 sequaces,
3015 1234 3346 1295 exstitimus,
3380 1250 3606 1304 parcere
3636 1217 3834 1294 utcuno

2240 1339 2350 1395 que
2378 1324 2745 1392 consentiens,
2782 1325 2876 1381 sed
2909 1333 3166 1396 utrosque
3205 1324 3510 1382 maledictis
3547 1322 3828 1400 impetere,

2240 1426 2503 1486 quantum
2551 1416 2607 1471 in
2650 1415 2855 1481 sel'uit,
2899 1415 3329 1488 et'blasphcmis
3380 1416 3605 1474 indicere
3653 1419 3833 1480 verbis

2243 1506 2584 1571 existimans,
2632 1504 2884 1562 litlsitatis
2927 1507 3200 1578 praestigia
3236 1507 3441 1580 lingere
3475 1518 3740 1575 conatus;
3776 1517 3832 1567 et
3918 1577 3929 1585 ,

2242 1594 2430 1650 nescio
2475 1610 2597 1665 quae
2636 1594 2935 1667 Pythonica
2980 1604 3065 1653 est
3108 1596 3318 1654 somnia
3357 1597 3444 1653 vel
3488 1610 3828 1672 argumenta,

2246 1684 2611 1755 compilando‘
2637 1683 2826 1756 procul
2867 1685 3050 1752 dubio,
3103 1695 3523 1745 commentatus.
3573 1687 3642 1745 Et
3686 1698 3833 1759 certe

546 1782 656 1841 bus
681 1798 811 1840 usus
835 1783 1229 1855 potestatibus;
1258 1762 1556 1840 Ecclesium
1592 1781 2142 1856 Constantinopolita-
2172 1775 2217 1834 Β
2245 1775 2370 1847 quis
2399 1775 2489 1831 ille
2512 1774 2676 1831 Pater
2706 1762 2913 1842 noster,
2937 1775 3022 1831 vel
3059 1786 3297 1847 quantus
3334 1784 3429 1833 aut
3455 1776 3634 1849 qualis
3668 1780 3835 1837 exsti-

549 1890 679 1932 nam
709 1869 989 1946 tyrannica
1016 1884 1070 1930 et
1096 1874 1397 1931 adulterina
1429 1874 1733 1952 temeritate
1755 1875 1994 1946 pervasit
2024 1882 2143 1928 tan—

549 1965 699 2029 dem,
731 1965 982 2021 videlicet
1016 1964 1252 2022 indebita
1292 1966 1625 2037 usurpando,
1657 1965 1803 2020 foras
1826 1965 2140 2028 ostendens,

474 2111 478 2115 .
550 2056 697 2127 quod
743 2056 892 2112 intus
934 2054 1208 2126 prohibita
1258 2054 1715 2126 concupiscendo,
1762 2056 1945 2113 cordis
1983 2062 2145 2109 antro

550 2148 816 2222 gerebat,
858 2157 916 2203 et
959 2147 1320 2205 simulationis
1359 2148 1628 2204 velamine
1679 2148 2023 2219 contegebat,
2069 2145 2145 2201 nil

548 2255 674 2296 esse
723 2236 967 2310 profecto
1027 2238 1254 2311 intelligi
1306 2238 1445 2294 dans
1491 2253 1714 2294 causam
1777 2236 2056 2294 scissionis
2110 2252 2143 2292 a

550 2332 858 2404 patriarcha
901 2346 1001 2388 suo
1026 2373 1042 2396 ,
1094 2331 1177 2388 vel
1234 2332 1463 2388 desertae
1506 2330 1985 2387 communionis-a
2032 2340 2145 2386 tota

524 2425 816 2489 Ecclesia,
866 2425 968 2481 nisi
1014 2425 1282 2498 pessimos
1330 2423 1600 2481 anhelitus
1647 2424 1923 2485 ambiendi
1964 2425 2147 2497 ponti-

482 2519 487 2525 ’
554 2518 748 2575 ﬂeatus
787 2516 1019 2585 infulas,
1062 2526 1120 2573 et
1165 2516 1497 2573 soblimioris
1539 2516 1819 2575 obtinendi
1867 2517 2146 2590 dignitatis

458 2640 463 2645 ι
550 2621 606 2667 et
657 2612 941 2683 potestatis
993 2611 1272 2678 habenas;
1335 2611 1534 2682 quibus
1579 2611 1838 2667 nimirum
1889 2612 2145 2683 deinceps

553 2706 795 2769 abusus,
838 2714 893 2759 et
936 2712 1161 2773 repente
1205 2719 1312 2759 non
1363 2713 1545 2759 tuente
1590 2698 1693 2759 sed
1734 2705 1921 2761 habitu
1946 2710 2147 2760 .mnt‘a-

555 2806 664 2860 tus,
704 2794 896 2851 exsilia
941 2805 995 2850 ct
1025 2792 1239 2850 diversa
1268 2788 1603 2858 discrimina,
1649 2797 1743 2852 sed
1770 2806 1826 2851 et
1853 2806 2057 2852 mortes
2090 2795 2144 2851 in

551 2885 757 2943 Christi
803 2884 1114 2941 Sacerdotes
1155 2895 1212 2939 et
1248 2894 1476 2942 caeteros
1516 2885 1724 2951 l'idcles,
1755 2896 1835 2941 tot
1864 2897 2144 2943 actantas

551 2975 755 3042 intulit,
796 2987 853 3031 ut
885 2966 1206 3033 Diocletiani
1244 2978 1509 3033 saevitiam
1558 2979 1759 3045 imitari
1811 2994 1909 3055 per
1960 2979 2145 3035 munia

549 3067 849 3122 videretur.
900 3066 1130 3139 Propter
1156 3084 1278 3138 qua:
1314 3067 1396 3121 vel
1426 3068 1509 3123 his
1541 3068 1739 3123 similia
1779 3077 1985 3125 sancta:
2033 3083 2146 3124 tne-

551 3158 742 3213 ntoria:
775 3159 1032 3213 decessor
1066 3173 1221 3214 meus
1248 3156 1503 3215 Nicolaus
1529 3159 1689 3227 hujus
1717 3161 2028 3231 apostolicm
2060 3144 2145 3215 sc:-
2171 3141 2217 3203 (ἶ

549 3251 633 3307 dis
660 3250 912 3317 antistes,
939 3248 1177 3306 fraterna
1210 3252 1382 3307 victus
1408 3252 1691 3317 eharitatc,
1725 3255 1900 3323 primo
1927 3253 2146 3323 quidem

550 3334 657 3402 non
707 3348 879 3404 solum
927 3362 1024 3417 per
1068 3347 1303 3413 missos,
1363 3347 1459 3401 scd
1497 3356 1563 3406 et,
1596 3362 1692 3421 per
1739 3345 1949 3402 litteras
1996 3346 2144 3401 illum

549 3442 749 3496 merito
803 3440 1239 3505 reptehcndcus,
1298 3449 1670 3510 competenter
1718 3426 2148 3504 admonuit,‘et

551 3533 701 3589 nullo
749 3550 808 3590 se
860 3542 1021 3604 parte
1056 3533 1110 3586 in
1141 3533 1259 3605 ejus
1314 3548 1472 3602 posse
1516 3517 1858 3604 promotion'e
1904 3537 2148 3605 praebere

549 3638 905 3686 consensum,
938 3621 1158 3691 scriptis
1208 3621 1416 3677 idoneis
1462 3620 1737 3692 patefecit.
1790 3623 1992 3679 Deinde
2020 3636 2146 3678 vero

550 3713 769 3769 intuens
809 3714 945 3770 nihil
989 3729 1050 3769 se
1086 3712 1386 3783 proﬁcere,
1430 3713 1524 3768 sed
1555 3716 1727 3785 magis
1766 3730 1832 3768 ac
1871 3716 2043 3785 magis
2077 3716 2146 3771 ad

550 3805 810 3860 ulteriora
835 3803 953 3875 ejus
978 3803 1201 3860 extendi
1229 3803 1595 3874 tyrannidem,
1620 3806 1950 3861 anetoritate
1978 3805 2140 3860 simul

549 3895 733 3950 divina
779 3901 835 3950 et
880 3893 1177 3963 apostolica
1229 3891 1435 3955 frctus,
1485 3892 1629 3948 sedis
1676 3893 2008 3964 apostolicm,
2059 3895 2144 3949 cui

548 3982 895 4055 praesidebat,
935 3982 1254 4054 pontificum
1298 3995 1504 4037 morem
1547 3991 1789 4047 secutus,
1823 3984 1876 4039 in
1901 3996 2145 4055 prerupit:

548 4075 767 4140 Imbens,
796 4074 1092 4131 secundum
1111 4074 1451 4146 Apostolum,
1478 4090 1682 4129 omnem
1712 4072 1897 4130 ulcisci
1928 4092 2146 4147 prorsus

549 4169 956 4225 iuobedientimu
990 4168 1075 4240 (Il
1112 4167 1237 4224 Cor.
1277 4167 1373 4237 x);
1422 4169 1564 4223 hunc
1604 4168 1670 4225 ad
1704 4170 2035 4225 erectionem
2076 4171 2146 4227 ab

549 4276 617 4315 eo
642 4260 920 4325 elisorum,
948 4268 1009 4314 et
1037 4259 1510 4313 inuumerahilimn
1552 4259 1893 4330 refrigerium
1921 4258 2146 4316 salicto-

552 4369 694 4416 r.tsn,
722 4350 956 4422 regulari
997 4352 1289 4413 sententia,
1315 4351 1462 4418 quia,
1491 4350 1630 4404 sicut
1674 4350 1775 4419 ipsi
1805 4351 1997 4414 nostis,
2024 4366 2147 4404 cor-

554 4446 732 4515 rigere
770 4458 874 4497 neu
903 4441 1099 4512 potuit,
1129 4441 1451 4511 deponendo
1490 4443 1800 4512 prostravit,
1830 4455 1887 4497 et
1919 4442 2145 4518 anathe-

552 4534 863 4590 matizando
897 4533 965 4586 ab
994 4531 1208 4596 ordine,
1257 4547 1418 4602 quem
1459 4531 1685 4586 latronis
1728 4546 1879 4587 more
1920 4534 2147 4590 sortitus

551 4626 750 4691 fuerat,
796 4624 1176 4695 sequestravit.
1215 4621 1381 4693 Cujus
1413 4622 1489 4677 rei
1517 4622 1695 4692 gratia
1744 4622 1887 4679 idem
1918 4622 2145 4682 l‘hotius

553 4720 940 4780 inﬂammatus,
972 4732 1077 4770 non
1109 4715 1283 4770 solum
1315 4730 1421 4769 non
1448 4723 1533 4769 est
1580 4728 1833 4770 reversus
1857 4716 1924 4771 ad
1955 4732 2147 4785 percu-

555 4811 777 4865 ιίυιιωιει
810 4821 890 4873 se,
921 4805 1177 4861 nimirum
1207 4803 1300 4876 qui
1328 4804 1513 4859 durior
1541 4804 1691 4860 silice
1727 4820 1827 4859 nec
1859 4804 1992 4859 dura
2025 4822 2146 4861 ver-

553 4904 684 4957 bera
716 4900 909 4963 sensit,
951 4907 1009 4954 et
1052 4897 1293 4954 imitatus
1339 4896 1633 4962 diabolum,
1665 4913 1767 4951 nec
1800 4907 2084 4968 postquam
2113 4914 2145 4953 c

552 4994 695 5049 male
732 4991 953 5055 cecidit,
992 4989 1280 5060 superbire
1322 4990 1579 5049 cessavit,
1609 5004 1793 5043 verum
1825 4991 1987 5046 etiam
2016 5006 2147 5045 con-

555 5084 821 5142 venticula
858 5081 1213 5154 malignorum
1246 5096 1389 5151 saepe
1422 5096 1778 5152 congregans,
1811 5084 2144 5154 synagogatn

554 5176 900 5249 sangnimtm,
923 5174 1012 5230 cui
1044 5184 1102 5228 nt
1132 5173 1381 5242 princeps
1422 5171 1689 5226 latronum
1725 5171 1839 5241 ipse
1869 5174 2144 5242 pnesedit,

554 5272 885 5341 collegiitzet
935 5277 1064 5322 ante
1107 5266 1349 5336 quidem,
1384 5275 1442 5319 ut
1478 5265 1809 5320 scvissimus
1854 5265 2140 5336 patricida,

555 5372 765 5433 patrem
812 5376 968 5413 suum
1012 5358 1277 5428 [gnatium
1346 5355 1859 5411 reverendissimum
1912 5357 2142 5428 patriar-

552 5458 712 5511 cham
739 5455 1018 5524 pzoprium
1053 5450 1299 5522 perculit.
1325 5461 1377 5504 et
1404 5451 1470 5503 ad
1501 5450 1673 5504 lucem
1700 5450 2009 5518 pervenire.
2038 5450 2141 5504 nisi

552 5548 914 5605 t‘hﬁllilCliOItc
951 5545 1217 5615 parentis,
1249 5559 1407 5613 posse
1433 5542 1752 5611 desperans.
1785 5543 1930 5597 hunc
1971 5543 2144 5598 instar

552 5641 757 5695 atrocis
792 5638 986 5706 vipera:
1026 5652 1293 5708 pertinere
1330 5636 1536 5690 crudeli
1570 5651 1753 5689 morsu
1793 5651 1899 5689 non
1928 5638 2140 5691 metuit.

550 5729 681 5788 Pent
725 5730 838 5785 hcce
882 5744 1009 5783 vero
1045 5728 1223 5798 posuit
1268 5728 1319 5784 in
1347 5728 1547 5783 twlum
1574 5742 1636 5782 os
1665 5740 1845 5790 snunt,
1872 5740 1925 5779 et
1960 5725 2138 5797 lingua

2247 1870 2392 1933 terit,
2430 1884 2621 1924 omnes
2656 1869 2748 1940 qui
2780 1884 2994 1926 tuorum
3026 1869 3145 1942 ejus
3173 1869 3430 1941 insignia,
3457 1871 3541 1927 vel
3573 1870 3830 1928 virtutum

2247 1967 2447 2031 tropica
2481 1959 2745 2022 recolitis,
2768 1959 2981 2031 plenius
3009 1961 3332 2032 agnovistis;
3377 1963 3651 2033 quomodo
3684 1964 3831 2021 scili-

2244 2061 2334 2109 cet
2370 2053 2424 2106 in
2450 2048 2613 2124 hujus
2650 2053 2773 2108 tetri
2806 2052 3107 2125 caliginoso
3145 2042 3327 2111 ἐπαιιὶ
3357 2050 3523 2113 cursu
3560 2071 3683 2114 sero
3719 2068 3834 2113 utn-

2246 2146 2370 2202 dem
2411 2147 2552 2204 sicut
2591 2164 2790 2204 novum
2838 2147 2991 2206 sidus
3027 2151 3360 2224 apparuerit,
3400 2152 3649 2223 quinimo
3676 2156 3832 2225 quasi

2245 2236 2485 2298 l‘hmbus
2538 2238 2591 2293 in
2637 2239 2840 2296 aethere
2883 2255 2997 2310 pne
3042 2240 3253 2298 cunctis
3307 2242 3474 2301 astris
3536 2242 3831 2307 eluiserit:

2246 2331 2519 2400 quomodo
2543 2329 2689 2387 hunc
2728 2344 2829 2386 nec
2865 2329 3063 2387 blanda
3089 2348 3317 2404 quaeque
3360 2331 3617 2407 frangere
3650 2344 3835 2408 potue-

2246 2419 2381 2481 rint.
2424 2434 2523 2476 nec
2560 2434 2753 2490 aspera
2802 2423 3156 2493 perturbare;
3203 2425 3478 2494 quomodo
3520 2426 3689 2483 etiam
3737 2442 3835 2485 nec

2246 2512 2432 2568 mtuuli
2456 2512 2814 2584 principibus,
2840 2512 3083 2570 Michaeli
3111 2514 3318 2573 scilicet
3345 2523 3402 2574 et
3425 2515 3617 2575 Bard:
3645 2530 3836 2578 contra

2208 2672 2211 2677 _
2242 2599 2513 2671 justitiam
2554 2602 2778 2669 faverit;
2820 2619 2959 2674 quos
3000 2606 3280 2672 nimirum,
3313 2624 3373 2664 se
3411 2624 3628 2666 murum
3664 2626 3832 2684 oppo-

2246 2708 2383 2747 nens
2410 2707 2511 2764 pro
2538 2694 2701 2749 domo
2727 2693 2964 2760 Domini,
3002 2710 3144 2767 saepe
3185 2697 3487 2770 redarguit,
3517 2709 3575 2758 et
3610 2701 3699 2759 his
3725 2703 3834 2759 ini-

2247 2798 2353 2853 que
2401 2785 2684 2856 agentibus
2728 2784 3041 2856 frequenter
3087 2787 3355 2859 intrepide
3396 2789 3617 2849 restitit.
3669 2791 3832 2866 Ergo,

2247 2873 2582 2931 dilectissimi
2627 2875 2823 2932 fratres
2857 2887 2911 2933 et
2949 2877 3077 2941 lilii,
3134 2880 3478 2937 considerate
3512 2884 3643 2956 quid
3670 2900 3835 2958 super

2249 2963 2554 3035 hujusmodi
2598 2967 2903 3037 temeritate
2934 2969 3002 3024 sit
3042 2970 3199 3026 nobis
3241 2972 3534 3042 agendum,
3557 2973 3667 3042 vel,
3705 2976 3836 3048 quid

2219 3052 2222 3055 “
2248 3059 2316 3114 de
2346 3059 2703 3117 conciliabnlo
2729 3061 2840 3127 illo,
2867 3063 2948 3118 vel
2979 3062 3223 3132 profanis
3249 3065 3418 3135 ipsius
3447 3065 3585 3123 actis
3608 3081 3710 3139 per
3737 3070 3849 3130 uti:

2249 3158 2533 3213 nistcrium
2562 3167 2806 3214 nostrum
2843 3160 3065 3226 existat,
3090 3159 3215 3217 'fore
3242 3161 3672 3231 deliberandum,
3694 3165 3834 3235 cquid

2248 3249 2413 3303 etiam
2443 3250 2509 3302 de
2540 3249 2607 3304 iis
2632 3250 2722 3321 qui
2754 3249 3138 3317 interfuerunt,
3170 3252 3255 3308 vel
3279 3269 3443 3309 ntaltu
3466 3254 3684 3325 propria
3711 3257 3837 3311 sub-

2248 3341 2614 3410 scripserunt,
2659 3342 2739 3398 sic
2790 3344 2858 3399 ab
2906 3343 3262 3399 unanimitate
3307 3345 3550 3402 omnium
3592 3357 3832 3403 nostrum

2247 3431 2635 3500 definiendum,
2677 3435 2884 3491 intente
2921 3443 3173 3501 tractate,
3200 3445 3257 3492 et
3280 3435 3452 3493 libere
3487 3439 3683 3512 singuli
3719 3456 3835 3510 quge

2247 3522 2461 3577 sentitis
2499 3523 2717 3588 edicitc.
2756 3524 2870 3598 Ego
2905 3535 3085 3583 tamen
3111 3542 3211 3599 pro
3246 3527 3364 3599 lege
3391 3529 3507 3596 Dei,
3534 3544 3635 3599 pro
3659 3541 3834 3602 pater-

2248 3611 2335 3669 nis
2378 3616 2767 3672 conservandis
2811 3619 3132 3683 eanonibus,
3183 3635 3284 3691 pro
3310 3624 3657 3681 veneratione
3704 3641 3835 3697 apo-

2246 3705 2529 3773 stolorum,
2560 3724 2658 3778 pro
2684 3708 2984 3781 privilegiis
3010 3710 3365 3789 defendendis
3397 3716 3542 3779 sedis
3571 3714 3833 3786 ipsorum,

2246 3814 2455 3870 proque
2500 3809 2703 3857 Sanctae
2742 3802 3033 3870 mentiunis
3070 3804 3376 3863 decessoris
3418 3809 3523 3863 mei
3569 3824 3723 3880 papa:
3747 3809 3833 3865 Ni-

2247 3888 2385 3945 colai
2423 3892 2766 3969 prmdicauda
2810 3898 3097 3962 memoria,
3128 3906 3183 3953 et
3215 3900 3569 3969 sequentibus
3606 3900 3831 3965 actibus,

2245 3988 2410 4049 atque
2448 3980 2790 4042 celebrandis
2834 3984 3261 4055 definitionibus,
3305 4004 3415 4046 non
3458 3991 3632 4046 solum
3682 3994 3831 4047 varia

2247 4072 2587 4129 incommoda
2630 4077 2858 4148 perpeti,
2903 4094 3088 4134 verum
3129 4082 3294 4137 etiam
3336 4098 3488 4139 more
3527 4095 3833 4141 sanctorum

2244 4162 2704 4233 prazu'ecessorum
2743 4182 2987 4224 meorum
3018 4170 3334 4240 pontiﬁcum
3375 4173 3427 4228 in
3456 4186 3707 4246 promptu
3740 4178 3830 4232 ha~

2246 4255 2369 4321 lico,
2398 4255 2444 4310 si
2473 4270 2700 4313 necesse
2728 4257 2821 4325 sit,
2851 4260 3041 4315 mortis
3070 4261 3342 4317 sustinere
3366 4262 3678 4321 discrimen.

2962 4371 3103 4427 XVI.

2175 4495 2225 4556 υ
2380 4458 2460 4530 ,μιν
2487 4478 2798 4521 emensus
2843 4480 3295 4522 sucumrrscowu
3349 4480 3695 4530 casucasu;

2750 4559 2930 4625 (Anno
2966 4558 3114 4627 868.)

2246 4648 2588 4706 Commendat
2626 4651 2705 4705 illi
2743 4651 3014 4708 echesiam
3056 4653 3483 4720 Lauduttemem,
3511 4657 3639 4714 dum
3667 4659 3833 4716 Hinc-

2317 4737 2500 4775 murus
2547 4724 2819 4792 episcopus
2880 4723 3105 4778 Romam
3170 4726 3306 4780 venit
3352 4739 3373 4778 :
3403 4725 3830 4788 Northmannuut

2321 4808 2461 4856 vero,
2487 4792 2595 4849 nisi
2642 4792 2822 4849 ablata
2874 4796 3136 4862 restituat,
3183 4799 3631 4856 excommunican’
3660 4801 3830 4873 jubet.

2319 4904 2597 4960 ADRMNL‘S
2626 4904 2934 4977 episcopus,
2976 4921 3170 4963 servus
3224 4922 3505 4965 servarunt
3542 4909 3660 4976 Dei,
3685 4924 3833 4978 reve-

2249 4996 2561 5051 rentissitno
2584 5003 2641 5052 et
2665 4997 3011 5059 sanctissimo
3033 4982 3293 5057 contratri
3340 5010 3530 5057 nostro
3552 4999 3834 5095 Hinc-seu

2248 5088 2656 5160 archiepiscopo
2679 5087 2975 5145 Rhentensi
3414 5101 3417 5104 '

2314 5178 2580 5233 lilu<trcm
2635 5177 2981 5235 llinctnarum
3033 5179 3446 5251 Lugdunenqu
3497 5183 3835 5256 episcopum.

2245 5269 2513 5325 desiderio
2559 5269 2900 5327 visendontm
2928 5282 3237 5328 sanctorum
3269 5274 3635 5343 apostolorum
3687 5275 3832 5332 limi-

2247 5378 2375 5416 num
2429 5363 2802 5426 anhelantem,
2833 5374 2890 5419 et
2943 5364 3179 5422 libenter
3220 5367 3627 5437 amplectimur.
3653 5379 3710 5425 et
3736 5370 3829 5425 ud-
3862 5388 3869 5395 '

2246 5464 2463 5509 ventum
2495 5455 2638 5509 illius
2656 5472 2763 5510 non
2787 5455 2960 5512 solum
2984 5474 3090 5513 non
3103 5454 3426 5523 differimus,
3450 5474 3639 5516 verum
3663 5461 3828 5518 etiam

2243 5545 2475 5601 neultra
2526 5546 2792 5603 Kalendas
2838 5547 3063 5620 Augusti
3096 5556 3244 5603 stare
3291 5551 3517 5617 audeat,
3563 5550 3832 5621 gravitate

2236 5637 2560 5708 apostolica,
2584 5640 2823 5694 scientes
2851 5626 3000 5695 illum
3032 5640 3123 5710 tali
3157 5652 3287 5697 voto
3303 5641 3621 5711 spiritaliter
3669 5656 3830 5713 ptis-ao

2243 5727 2531 5804 prolicere,
2558 5728 2929 5799 prohibemus.
2961 5728 3098 5787 lluic
3126 5744 3259 5803 ergo
3279 5730 3333 5788 in
3365 5731 3654 5797 veniendo,
3687 5731 3827 5790 sicut
