4198 6312
554 397 685 456 1291

1954 399 2237 463 Αυιιιιλω
2275 397 2478 459 ΡᾹΡΕ
2514 398 2561 456 il

1808 96 1907 123 τ..-
1932 98 2101 124 .-ε-

3748 396 3895 461 ηεξ

588 536 783 586 perure
839 519 1159 576 necessitas.
1221 518 1529 575 l'iissimum
1592 516 1878 590 imperium
1940 522 2179 569 vestrum
2211 521 2256 576 Α
2284 511 2580 574 sollicitare
2605 515 3154 579 COIISCtﬂlal;001'UIII
3179 512 3448 577 videlicet,
3470 527 3592 583 qua:
3616 524 3741 566 cum
3771 513 3887 567 sint

586 614 765 686 gratia
796 628 1031 683 superna
1078 611 1371 676 custodiat,
1399 611 1559 681 eique
1600 608 1844 665 omnium
1876 606 2174 666 inﬁdelium

591 707 833 772 gentium
858 703 1168 760 fcrocitates
1196 704 1264 758 ad
1275 703 1668 764 exultationem
1694 709 1898 763 sanctae
1927 698 2181 759 Ecclesia:

592 796 796 865 potenti
820 796 1026 853 virtute
1056 794 1419 852 substernat.‘
2015 811 2018 814 ’

884 1057 952 1096 AD
987 1061 1252 1101 PliOCEllES
1288 1061 1442 1101 lllTGNl
1479 1062 1667 1100 (LSROLI
1705 1059 1879 1101 ωιΜ.

1192 1158 1209 1227 (
1232 1158 1389 1211 Anno
1410 1142 1541 1212 sua.
1566 1154 1584 1227 )

593 1268 855 1325 Hurlatur
885 1281 940 1324 ut
983 1269 1231 1328 Carolum
1272 1287 1437 1340 regem
1503 1270 1798 1340 deterreant
1864 1286 1927 1322 ne
1952 1243 2182 1332 'invudqt

664 1357 877 1410 regnum
920 1340 1185 1399 Lolliuirii.
1218 1352 1264 1394 et
1301 1338 1355 1394 iit
1392 1338 1619 1396 Paulum
1648 1356 1709 1393 ac
1738 1339 1962 1403 Leonem
1986 1339 2184 1411 legatos

659 1429 782 1474 sitos
818 1410 1035 1482 benigne
1058 1412 1368 1481 suscipiant.
1943 1418 1949 1423 ’

659 1527 935 1581 Λοιιιλπε
952 1524 1259 1599 episc0pus,
1286 1539 1475 1580 servus
1496 1508 1775 1581 servorum
1798 1524 1915 1589 Dei,
1935 1524 2187 1580 omnibus

585 1613 839 1688 gloriosis
866 1616 1113 1696 ducibus,
1138 1617 1443 1678 comitibus,
1473 1628 1529 1675 ct
1556 1617 1767 1674 caneris
1788 1616 2111 1698 primatibus
2131 1615 2187 1670 in

588 1722 758 1775 regno
784 1704 968 1761 Caroli
993 1706 1436 1768 excellentissimi
1467 1708 1611 1779 regis
1637 1706 1968 1769 constitutis.
2020 1720 2023 1721 '

657 1796 860 1859 Omnes
889 1798 1109 1872 quidem
1122 1798 1349 1856 virtutes
1369 1798 1572 1855 Christi
1598 1797 1898 1855 cultoribus
1919 1796 2190 1856 sectandae

2284 604 2339 659 in
2368 620 2535 676 regno
2571 594 2819 677 gloriosae
2863 606 3141 661 memoria:
3164 603 3413 661 Lotharii
3439 608 3715 676 quondam
3741 605 3887 677 regis

2281 699 2523 770 germani
2552 698 2634 753 sui
2663 735 2679 761 ,
2724 699 2791 753 ad
2819 711 2880 753 se
2913 695 3335 767 suifragantibus
3374 694 3590 751 cunctis
3633 692 3845 765 legibus
3869 735 3884 756 ,

2282 804 2390 845 non
2425 797 2534 845 tam
2553 804 2656 861 pro
2679 787 2921 845 fraterna
2950 787 3321 852 successione,
3349 801 3511 857 quant
3533 798 3636 857 pro
3653 772 3885 855 paterna

2283 881 2670 956 dispositione,
2718 882 3066 943 hereditario
3100 866 3225 950 jure
3258 880 3533 950 pertinere
3560 879 3884 950 probantur.

2250 1024 2253 1033 λ
2283 976 2386 1044 Qui
2411 974 2559 1030 enim
2580 973 2819 1030 concutit
2842 972 2997 1039 lines,
3022 981 3079 1028 et
3102 972 3361 1028 sollicitat
3377 970 3644 1030 homines.
3665 969 3758 1038 qui
3782 968 3892 1023 sub

2286 1067 2661 1127 moderamine
2692 1068 2963 1137 quondam
2983 1062 3387 1135 jam‘nominati
3413 1061 3558 1133 regis
3582 1071 3761 1125 erant,
3794 1060 3887 1116 illo

2284 1171 2408 1227 quze
2429 1154 2526 1212 Dei
2557 1164 2707 1221 sunt,
2730 1164 2789 1210 et
2820 1152 3081 1215 Ecclesia:
3111 1151 3334 1210 utilitati
3365 1151 3717 1225 conveniunt.
3746 1164 3886 1206 con-

2287 1248 2425 1303 cutit
2451 1265 2464 1301 :
2485 1256 2539 1303 et
2556 1248 2648 1318 qui
2670 1249 2821 1321 hunc
2839 1246 3067 1306 avaritia
3087 1246 3264 1302 vietus
3285 1254 3610 1308 commovet,
3627 1259 3888 1317 magnum

2287 1339 2474 1412 procul
2501 1340 2666 1399 dubio
2688 1338 2945 1397 Ecclesia:
2960 1337 3222 1409 dispergit
3240 1344 3609 1409 augmentum.
3634 1333 3888 1405 iniquum

2290 1441 2551 1501 praeterea
2578 1438 2665 1487 est
2690 1438 2751 1485 ut
2777 1428 2920 1500 quod
2948 1427 3152 1485 fratres
3179 1426 3282 1484 sibi
3308 1435 3517 1493 mutuo,
3545 1442 3647 1498 pro
3672 1426 3891 1498 integra

2290 1520 2432 1582 inter
2452 1504 2512 1580 se
2532 1538 2596 1579 ac
2616 1531 2840 1594 nepotes
2864 1537 2992 1577 suos
3014 1520 3368 1577 custodienda
3388 1529 3541 1589 parte
3568 1534 3888 1592 regnorum,

2286 1634 2452 1690 quam
2480 1616 2677 1689 singuli
2707 1615 2958 1672 distincta
2985 1627 3133 1671 sorte
3154 1622 3536 1684 perceperant,
3560 1610 3893 1681 iuramentis

2291 1706 3075 1778 terribilibusspoponderant,
3107 1706 3272 1775 impia
3299 1703 3749 1776 praevaricatione
3772 1702 3892 1755 vioc

2291 1796 2465 1877 lctur,
2513 1799 2596 1854 vel
2638 1798 2958 1869 cujusquam
3004 1795 3272 1867 cupidinis
3318 1792 3510 1849 fomite
3548 1803 3886 1848 temeretur:

580 1901 733 1955 sunt,
779 1891 874 1948 sed
922 1891 1067 1947 nulla
1120 1891 1304 1948 utilius
1349 1907 1513 1964 quam
1563 1906 1670 1961 pax
1720 1907 1844 1946 cum
1900 1888 2187 1947 dilectione
2216 1879 2413 1949 Bcum
2442 1890 2624 1963 potius
2650 1890 2742 1962 pio
2774 1891 3062 1947 conveniat
3099 1888 3293 1963 allecto
3326 1885 3550 1942 fratrem
3577 1880 3774 1951 fratri,
3822 1900 3893 1941 ac

586 1990 773 2036 mutua
803 1980 946 2038 inter
965 1996 1174 2047 omnes,
1205 1990 1262 2039 et
1283 1981 1520 2045 maxime
1542 1982 1681 2038 inter
1703 1981 2046 2038 sublimiorcs
2062 1976 2188 2053 per-

584 2085 750 2126 sonas
774 2112 789 2139 ,
828 2072 1147 2129 custoditur
1166 2080 1223 2130 et
1249 2072 1464 2129 colitur.
1500 2073 1714 2140 Quanto
1755 2070 1910 2128 enim
1934 2070 2056 2141 quis
2094 2085 2187 2143 su-

585 2159 819 2230 blimior,
868 2172 1018 2221 tanto
1064 2164 1135 2220 ad
1178 2180 1359 2223 mores
1399 2179 1529 2243 suos
1573 2180 1817 2237 quosque
1862 2163 2185 2227 trahendum

585 2261 809 2309 Constat
848 2268 972 2318 esse
1014 2254 1248 2315 facilior.
1287 2256 1519 2331 Ideoque
1558 2254 1642 2310 his
1690 2253 2050 2325 prazsentibus
2091 2266 2187 2326 0p-

585 2348 817 2413 portune
854 2360 1046 2405 moneo
1067 2387 1082 2414 ,
1112 2346 1342 2411 suadeo,
1373 2357 1429 2401 et
1458 2346 1720 2401 exhortor
1754 2342 1996 2416 apicibus
2016 2384 2033 2409 ,
2078 2357 2188 2415 quo

584 2435 737 2504 pacis
765 2436 967 2513 bonum
993 2436 1047 2492 in
1078 2452 1289 2504 nntncs,
1310 2422 1413 2493 sed
1438 2436 1705 2511 praecipue
1736 2435 1877 2491 inter
1903 2435 2188 2493 sublimio-

585 2542 675 2582 res
706 2528 1192 2599 mundi‘principcs
1215 2569 1229 2589 .
1269 2530 1541 2584 :edilicare
1580 2537 1637 2585 et
1683 2536 1965 2584 construct
2042 2538 2188 2585 sata-

585 2618 747 2685 gatis.
773 2617 831 2672 In
980 2619 1125 2675 enim
1148 2619 1326 2674 dilecti
1353 2619 1448 2675 lilii
1474 2619 1579 2674 mci
1602 2618 1746 2689 regis
1770 2616 1938 2675 vestri
1958 2629 2187 2692 regnum

584 2706 748 2765 titius
772 2698 974 2781 poterit
1018 2710 1287 2767 incolume
1327 2698 1683 2783 permanere,
1726 2710 1772 2767 si
1800 2710 2074 2771 nemiuem
2101 2710 2189 2767 illc

586 2800 925 2865 concutiens,
959 2815 991 2865 a
1018 2799 1163 2857 nullo
1189 2802 1553 2859 concutiatur.
1584 2801 1701 2856 Non
1724 2812 1907 2856 autem
1935 2802 2187 2875 ignorare

590 2906 686 2949 vos
710 2893 895 2961 credo,
925 2893 1159 2975 qualiter
1187 2895 1734 2954 desiderabilissimus
1753 2905 1808 2951 et
1831 2896 2089 2967 spiritalis
2120 2897 2185 2951 ﬁ-

589 2982 695 3037 lius
725 2998 878 3038 meus
906 2981 1243 3051 Ludovicus,
1273 2987 1551 3057 piissimus
1595 2997 1649 3045 et
1692 3002 1724 3040 a
1763 2987 1873 3044 Deo
1911 2995 2189 3059 protectus

592 3077 905 3145 imperator,
936 3092 1045 3139 non
1079 3087 1136 3133 ut
1155 3081 1375 3157 quidam
1403 3081 1663 3137 adversus
1690 3089 1890 3137 sanctae
1914 3080 2189 3152 religionis

590 3168 750 3235 illius,
792 3185 900 3235 non
936 3178 1129 3244 contra.
1168 3170 1295 3226 ﬁdei
1339 3170 1665 3233 Christianae
1708 3165 2058 3236 domesticos,
2093 3170 2188 3226 sed

2285 1993 2511 2057 patruos
2553 1983 2875 2055 nepotibus,
2916 1982 3083 2037 totius
3110 1979 3419 2051 praesidium
3448 1977 3702 2035 conferre
3721 1976 3891 2046 juva-

2288 2076 2450 2132 ntinis
2474 2116 2490 2141 ,
2528 2083 2587 2131 et
2626 2074 2923 2131 secundum
2952 2074 3279 2145 promissam
3315 2073 3547 2135 invicem
3573 2070 3892 2141 iuramento

2287 2168 2470 2233 ﬁdem,
2497 2167 2677 2235 omnis
2694 2167 2955 2231 auxilium
2977 2175 3234 2238 praestare
3253 2164 3453 2224 solatii.
3478 2160 3891 2233 Przecipuotjam
3966 2212 3975 2217 -

2286 2260 2458 2326 fatum
2503 2258 2767 2331 inclytum
2805 2272 2986 2331 regem
3018 2267 3256 2312 vestrum
3278 2296 3299 2323 ,_
3323 2256 3416 2327 qui
3448 2255 3597 2315 hunc
3635 2262 3890 2324 nepotem

2230 2398 2240 2404 .
2286 2366 2468 2417 suum,
2496 2367 2750 2423 magnum
2778 2349 2987 2406 scilicet
3013 2349 3340 2419 Augustum,
3371 2347 3439 2402 de
3479 2345 3652 2415 patris
3680 2342 3889 2415 proprii

2287 2443 2479 2499 dextra
2498 2483 2518 2509 ,,
2559 2457 2683 2499 cmn
2714 2440 2968 2499 omnibus
2995 2455 3117 2509 qua:
3151 2438 3219 2493 ad
3259 2452 3384 2492 eum
3421 2435 3698 2508 pertinere
3736 2436 3891 2491 vide—

2288 2544 2514 2599 rentur,
2557 2533 2625 2588 ad
2676 2531 2969 2588 fovendum
3012 2531 3486 2601 roborandumquc
3536 2542 3635 2599 pro
3682 2529 3891 2585 viribus

2287 2626 2452 2690 veluti
2477 2623 2750 2681 secundus
2765 2632 2922 2695 pater
2943 2623 3218 2692 accepisse
3237 2623 3592 2695 dignoscitur.
3638 2621 3889 2693 Iniquum

2288 2726 2470 2772 autem
2498 2724 2553 2771 et
2582 2716 2754 2770 instar
2780 2712 3053 2786 sacrilegii
3077 2720 3184 2777 est,
3217 2719 3273 2766 ut
3300 2711 3395 2783 qui
3424 2727 3486 2770 se
3512 2712 3655 2766 ultro
3679 2723 3780 2782 pro
3802 2726 3893 2766 sa-

2287 2810 2398 2864 lute
2421 2807 2657 2863 fidelium
2669 2848 2683 2871 ,
2701 2815 2757 2861 et
2777 2806 3011 2867 maxime
3024 2819 3124 2875 pro
3143 2798 3345 2859 sancta:
3359 2802 3619 2863 Romana:
3632 2803 3893 2863 Ecclesia:

2264 2901 2480 2961 ‘tnatris
2505 2918 2616 2957 suae
2646 2899 2965 2957 defensione
2986 2939 3003 2965 ,
3033 2907 3114 2954 tot
3143 2897 3401 2971 periculis
3428 2896 3587 2953 offert
3610 2939 3625 2963 ,
3655 2913 3685 2951 a
3709 2907 3893 2967 coepto

2286 2994 2507 3065 pietatis
2534 2991 2763 3062 alicujus
2790 2990 3027 3047 factione
3071 2990 3384 3050 stimulatus
3426 2991 3642 3046 recedat
3688 3004 3890 3061 Opere,

2289 3094 2455 3156 atque
2504 3084 2575 3140 ad
2628 3083 2863 3155 patriam
2920 3091 3143 3138 coactus
3198 3081 3581 3143 vindicandam
3632 3082 3897 3155 procedat

2290 3180 2680 3243 hacreditatem.
2712 3176 2912 3233 Verum
2952 3177 3199 3248 quisquis
3239 3191 3339 3231 suo
3383 3175 3518 3241 vitio
3557 3184 3667 3229 tam
3702 3183 3897 3244 sancto

590 3259 855 3316 δ’ἀνετευθ
887 3261 1042 3335 imos
1079 3261 1249 3316 Belial
1273 3302 1288 3327 ι
1338 3262 1601 3318 ίιὼότδυε
1647 3261 1851 3318 Clitis“
1905 3259 2184 3325 inimicos.‘
2215 3240 2259 3302 Ε
2294 3270 2490 3334 labori,
2516 3268 2827 3341 cupiditatis
2850 3267 3072 3322 testibus
3092 3240 3388 3329 accensus.
3415 3240 3635 3335 aliquod
3665 3241 3896 3334 impedi-

590 3354 862 3434 pmcipue
889 3371 988 3427 pro
1013 3364 1197 3413 nostra
1225 3355 1539 3425 securitate,
1571 3370 1777 3426 proque
1805 3353 2098 3410 multorum
2126 3352 2191 3413 li-

592 3448 876 3507 beratione
904 3448 1162 3518 ﬁdelium,
1194 3448 1288 3523 qui
1320 3448 1585 3511 ﬁnetcnus
1620 3449 1760 3519 apud
1790 3445 2094 3512 Samnium,
2136 3454 2193 3502 et

594 3542 1019 3617 cit-etunquaque
1047 3544 1319 3615 regiones,
1342 3542 1455 3613 jam
1476 3541 1701 3612 jamque
1722 3538 2190 3610 periclitabantur,

594 3631 671 3685 ita
726 3640 784 3686 ut
849 3630 1015 3692 etiam
1062 3633 1198 3694 ﬁnes
1234 3640 1451 3687 nostros
1490 3630 1765 3687 infestatio
1800 3630 2194 3703 propemodum
2226 3663 2235 3671 ι

594 3724 1026 3780 Sarracenorum
1054 3723 1337 3783 invaderet
1361 3764 1377 3792 ,
1421 3739 1675 3796 egressus
1712 3740 1745 3780 a
1774 3739 1988 3780 summo
2028 3722 2197 3781 subli-

595 3816 806 3880 mitatis
830 3816 1063 3889 propria
1098 3817 1236 3879 solio
1258 3857 1275 3882 ,
1318 3824 1377 3875 et
1402 3831 1431 3872 a
1460 3817 1824 3888 pacatissima:
1855 3816 2057 3888 requiei
2085 3830 2197 3872 sua:

594 3908 932 3975 fundamine,
958 3925 1066 3967 non
1099 3908 1315 3982 corpori
1338 3918 1547 3979 parcat,
1581 3926 1686 3966 non
1712 3911 1957 3974 testibus,
1980 3925 2090 3965 non
2120 3907 2200 3962 al-

596 4000 840 4071 goribus,
868 4016 975 4056 non
1006 4000 1244 4073 denique
1269 4000 1394 4055 ullis
1413 4000 1699 4070 eventibus
1722 4000 1879 4057 cedat
1909 4017 1923 4052 :
1955 3999 2051 4056 sed
2076 4013 2199 4055 om-

598 4092 691 4151 nia
718 4092 1081 4157 incommoda,
1129 4091 1313 4149 omnia
1357 4092 1672 4149 discrimina
1717 4107 1815 4163 pro
1852 4090 2056 4148 Christi
2082 4088 2202 4146 'no-

598 4185 747 4242 mine
789 4180 1069 4249 tolerans,
1120 4182 1255 4258 nihil
1298 4192 1386 4245 est
1433 4183 1579 4254 quod
1626 4199 1724 4253 pro
1768 4182 2201 4241 Christianorum

596 4274 877 4348 ereptione
897 4280 1116 4328 recuset
1134 4273 1397 4343 arripere,
1414 4259 1548 4327 nihil
1570 4282 1653 4327 est
1672 4272 1817 4355 quod
1838 4287 1939 4343 pro
1960 4271 2202 4327 ﬁdelium

596 4365 779 4435 quiete
808 4380 871 4419 ac
900 4379 1036 4441 pace
1062 4363 1297 4419 declinet
1321 4378 1621 4439 assumere.
1653 4362 1896 4435 Denique
1927 4379 2034 4420 non
2079 4379 2203 4419 mo-

600 4457 782 4511 dicam
813 4456 1070 4515 Ecclesise
1098 4464 1300 4513 sanctae
1325 4456 1561 4527 quietem
1592 4472 1688 4532 per
1717 4472 1841 4519 eum
1869 4456 2049 4512 divina
2083 4456 2200 4527 pie-
2246 4480 2251 4485 λ

604 4554 688 4599 tas
716 4555 936 4620 operata
977 4555 1081 4612 est;
1114 4560 1217 4603 nec
1242 4546 1469 4603 modicae
1511 4545 1845 4618 paganorum
1878 4547 2024 4602 vires
2048 4543 2203 4601 forti-

604 4639 793 4694 tudine
818 4653 1051 4711 superna
1078 4646 1364 4710 prostrate
1395 4650 1540 4695 sunt.
1576 4639 1855 4710 Siquidem
1882 4637 2080 4710 saepius
2106 4638 2203 4694 bo-

604 4741 718 4785 stcs
742 4770 756 4793 ,
790 4738 1048 4801 tanquam
1084 4744 1266 4785 mures
1290 4731 1542 4787 cavernis
1571 4731 1685 4785 suis
1706 4743 1978 4803 egressos,
2017 4728 2083 4785 ad
2104 4743 2201 4785 sua

547 4868 557 4881 ,
607 4821 827 4875 latibula
880 4832 1029 4891 terga
1076 4829 1291 4878 vertere
1332 4819 1613 4892 compulit,
1662 4829 1717 4874 et
1755 4821 1982 4877 brachia
2010 4828 2204 4883 contra

606 4926 823 4968 nostros
848 4924 1035 4974 exerta
1067 4915 1270 4983 potenti
1296 4914 1494 4971 virtute
1518 4911 1785 4968 dissolvit.
1811 4903 1954 4987 Quin
1973 4922 2029 4968 et
2051 4912 2206 4969 uoltis

607 5008 883 5074 omnibus,
915 5009 1006 5077 qui
1045 5007 1200 5084 longe
1231 5008 1433 5065 fuimus
1456 5019 1513 5062 et
1535 5007 1627 5078 qui
1652 5021 1852 5079 prepe,
1884 5021 2093 5078 magna:
2121 5021 2207 5063 se-

612 5103 863 5156 curitalis
906 5102 1155 5171 praesidia
1186 5101 1415 5156 contulit
1456 5115 1472 5154 :
1520 5101 1649 5159 dum
1688 5100 1895 5155 scilicet
1922 5098 2208 5157 nonnullos

612 5210 800 5258 eorum
831 5195 1114 5264 postrarit,
1139 5194 1425 5255 nonnullos
1450 5195 1617 5255 etiam
1644 5194 1717 5250 ab
1736 5208 1922 5249 eorum
1947 5192 2209 5262 supersti-
2252 5194 2257 5201 ’

616 5289 763 5342 tiuue
806 5297 1168 5348 convertens,
1223 5286 1425 5344 Christi
1475 5285 1603 5342 ﬁdei
1643 5294 1698 5340 et
1744 5300 1888 5343 verre
1937 5283 2213 5355 religionis

618 5381 814 5435 itinera
843 5379 1042 5436 sectari
1070 5374 1370 5450 perdocuit.
1401 5379 1516 5445 Qua
1547 5378 1614 5431 dc
1643 5393 1703 5432 re
1733 5388 1906 5434 ratum
1938 5376 2211 5440 ducimus,

616 5482 854 5527 vestram
897 5486 1243 5533 commonere
1286 5471 1663 5530 dilectionem,
1698 5486 1806 5539 quo
1837 5467 2063 5540 pncfato
2101 5469 2215 5539 glo-

618 5564 766 5618 rioso
788 5563 896 5634 regi
919 5571 1122 5626 vestro,
1155 5573 1211 5617 et
1253 5560 1379 5617 ﬁliis
1413 5562 1529 5632 ejus
1558 5576 1847 5632 suggerere
1873 5569 2085 5633 satagat
2109 5601 2123 5625 ,
2165 5570 2220 5613 et

620 5656 870 5726 prudenti
912 5655 1138 5712 consilio
1187 5654 1417 5707 suadere
1461 5652 1783 5715 cmitcudat,
1815 5662 2083 5721 quatenus
2118 5666 2219 5706 nec

621 5750 735 5806 suis
758 5750 907 5804 mori'
935 5766 1017 5807 us.
1050 5765 1145 5801 nec
1174 5748 1402 5802 aliorum
1425 5747 1767 5801 suasionibus
1790 5746 2075 5816 impulsus,
2099 5760 2220 5811 qua:

627 5845 758 5902 tanti
787 5844 1049 5949 principis
1076 5853 1129 5898 ct
1162 5852 1271 5898 tam
1305 5840 1378 5913 pii
1412 5841 1633 5913 Augusti
1660 5849 1815 5907 sunt,
1847 5839 2102 5895 invadere
2138 5840 2221 5891 rel

2294 3372 2538 3425 mentum
2570 3360 2905 3431 praestiterit,
2937 3358 3263 3428 condignam
3295 3355 3559 3427 profecto,
3594 3352 3897 3425 apostolica

2294 3455 2425 3515 sedc
2462 3454 2776 3515 saeuiente,
2814 3450 2928 3507 luet
2957 3465 3085 3507 cum
3115 3449 3229 3504 suis
3260 3447 3564 3504 fautoribus
3609 3442 3896 3519 ultionem.

2301 3545 2452 3602 Unde
2489 3544 2533 3599 si
2577 3544 2868 3615 quisquam
2902 3551 3146 3598 vestrum
3189 3540 3354 3612 hujus
3388 3537 3673 3594 diabolica:
3716 3535 3898 3590 ambi-

2297 3636 2462 3693 tionis
2498 3644 2778 3691 auctorcm
2817 3642 3058 3691 sectatus
3087 3632 3287 3707 fuerit,
3321 3631 3405 3688 rel
3429 3632 3479 3686 ei
3514 3624 3902 3701 quoquemon

2298 3727 2352 3783 in
2382 3725 2591 3796 rapinis
2610 3724 3014 3795 concupiscenti
3047 3723 3291 3783 favorem
3321 3722 3636 3787 contulerit,
3667 3722 3899 3777 anathe-

2299 3818 2465 3889 matis
2486 3817 2728 3891 .vinculis
2765 3814 3149 3880 innodabitur,
3191 3830 3258 3870 ac
3286 3828 3385 3885 pro
3411 3815 3517 3869 hoc
3541 3830 3572 3870 a
3602 3828 3769 3883 regno
3799 3812 3904 3867 Do-

2294 3908 2435 3965 mini
2455 3914 2760 3980 separatus.
2794 3922 2919 3962 cum
2941 3906 3235 3985 impiorum
3259 3905 3505 3967 omnium
3527 3904 3724 3976 capite,
3754 3901 3905 3973 quod

2300 4008 2387 4057 est
2411 3998 2690 4065 diabolus,
2726 3998 2925 4055 merito
2952 3994 3320 4069 deputabitur.
3348 3995 3612 4052 Attendat
3637 4006 3772 4063 ergo
3803 4005 3903 4046 rex
3935 4057 3940 4060 _

2298 4091 2779 4168 prudentissimus,
2802 4091 3005 4149 vestris
3023 4104 3243 4164 quoque
3264 4086 3636 4162 probabilibus
3656 4083 3907 4159 consiliis
3945 4130 3951 4136 .

2302 4184 2648 4252 adhortatus,
2680 4203 2752 4259 nc
2778 4184 3092 4257 iniquorum
3122 4182 3465 4240 suasionibus
3491 4181 3670 4243 cedat,
3705 4195 3806 4235 nec
3830 4178 3909 4238 si-

2301 4278 2477 4335 nistra
2520 4273 2962 4331 machinantibus
2992 4287 3154 4328 aures
3184 4270 3609 4354 accommodet:
3641 4266 3737 4322 sed
3780 4282 3908 4337 pm-

2301 4367 2424 4447 prio
2445 4368 2908 4439 jure_contentus,
2935 4378 3060 4434 qua:
3090 4376 3188 4417 sua
3211 4376 3320 4416 non
3350 4366 3477 4419 sunt
3505 4371 3773 4427 usurpare
3794 4370 3906 4419 non

2304 4468 2510 4526 tentet,
2545 4473 2649 4515 nec
2684 4456 2943 4514 invadere
2967 4469 3295 4526 quocunque
3322 4454 3482 4513 modo
3507 4451 3742 4517 nitatur,
3769 4465 3937 4521 quos

2305 4552 2469 4609 modo
2490 4551 2741 4607 iuvasum
2758 4564 2865 4605 non
2886 4548 3160 4612 modicum
3181 4554 3361 4622 potest
3380 4544 3618 4600 invasuri
3641 4556 3912 4615 generare

2308 4634 2623 4699 discrimen.
2648 4641 2729 4697 Ne
2752 4641 2937 4710 itaque
2954 4639 3067 4711 iam
3094 4645 3401 4694 memorato
3420 4634 3776 4693 dilectissimo
3797 4635 3913 4697 tilio

2310 4749 2473 4798 meo,
2525 4733 2749 4789 domino
2784 4746 3002 4806 semper
3025 4732 3309 4804 Augusto,
3349 4747 3571 4787 causam
3611 4731 3710 4789 Dei
3751 4746 3914 4791 exsc-

2309 4825 2532 4901 quenti,
2575 4824 2953 4889 haereditatcm
2999 4822 3212 4878 Domini
3254 4809 3583 4884 vindicanti,
3634 4837 3700 4878 ac
3739 4822 3913 4897 ipsius

2313 4900 2451 4973 bella
2490 4900 2794 4987 ptmlianti',
2844 4913 3122 4985 quodlibet
3165 4911 3548 4973 offendiculum
3599 4923 3910 4986 prreparet.

2314 5025 2422 5079 quo
2449 5018 2650 5064 sanctae
2679 5006 2776 5061 Dei
2806 5006 3070 5061 Ecclesia:
3092 5004 3286 5074 quavis
3311 5020 3379 5059 ex
3403 5013 3557 5078 parte
3586 5004 3917 5074 impediatur

2311 5101 2541 5168 utilitas,
2571 5099 2663 5154 vel‘
2699 5098 2978 5170 profectus
3010 5096 3249 5151 ﬁdelium
3278 5095 3623 5177 ercludatur.
3652 5093 3913 5166 Alioquin

2313 5207 2532 5251 manum
2556 5188 2867 5263 apostolicae
2889 5186 3031 5243 sedis
3055 5201 3179 5243 cum
3201 5184 3392 5240 eodem
3409 5184 3917 5255 piissimo'priucipo

2316 5282 2531 5339 fortiter
2549 5297 2669 5339 esse
2689 5284 3009 5354 comperiat,
3032 5290 3087 5334 et
3113 5294 3264 5337 arma
3293 5288 3478 5332 n0«tra
3505 5277 3580 5331 illi
3611 5276 3916 5331 munimina

2316 5373 2644 5429 validissima
2688 5371 3051 5435 confercntia,
3101 5385 3315 5425 summo
3365 5367 3694 5457 agonotlteta
3754 5364 3919 5420 nobis

2322 5466 2695 5525 conuertante,
2724 5470 2779 5516 et
2811 5462 3090 5515 beatorum
3114 5456 3418 5531 principum
3444 5455 3815 5528 apuStolorum
3838 5455 3921 5512 itt-

2324 5557 2656 5613 tcrcessione
2684 5563 3042 5625 cooperante,
3087 5569 3139 5623 pl
3172 5562 3390 5622 spat-uta
3423 5553 3539 5607 sine
3570 5566 3598 5606 c
3626 5549 3922 5606 iactatione

2316 5656 2643 5719 praenoscat.
2680 5645 2790 5703 Hos
2827 5655 3085 5715 praeterea
3128 5664 3140 5698 ι
3189 5646 3324 5699 ‘ssos
3364 5642 3675 5713 apostolica:
3717 5648 3920 5698 nosti:

2321 5745 2490 5808 Sedis,
2513 5742 2741 5798 Paulum
2768 5750 2821 5795 et
2847 5740 3083 5797 Leonem
3108 5756 3185 5797 re.
3214 5738 3445 5795 erabiles
3461 5738 3767 5807 episcopos,
3790 5734 3907 5794 dillt

2325 5846 2441 5892 ctos
2469 5836 2807 5892 consiliarios
2834 5843 3066 5903 nostros,
3097 5848 3232 5907 quos
3258 5849 3356 5905 pro
3386 5846 3523 5904 pace
3547 5826 3919 5887 ctconcordie
