  <div class='ocr_page' id='page_1' title='image "/cluster/home/n/w/nwhite01/storage/ocr_20150623/122/uva.x000503459/689.png"; bbox 0 0 4198 6300; ppageno 0'>
   <div class='ocr_carea' id='block_1_1' title="bbox 1494 66 1753 91">
    <p class='ocr_par' dir='ltr' id='par_1_1' title="bbox 1494 66 1753 91">
     <span class='ocr_line' id='line_1_1' title="bbox 1494 66 1753 91; baseline 0.008 -8"><span class='ocrx_word' id='word_1_1' title='bbox 1494 70 1511 91; x_wconf 67' lang='lat'><strong>_~</strong></span> <span class='ocrx_word' id='word_1_2' title='bbox 1550 66 1565 83; x_wconf 71' lang='grc' dir='ltr'><strong>ι’</strong></span> <span class='ocrx_word' id='word_1_3' title='bbox 1594 76 1637 85; x_wconf 68' lang='grc'><strong>-.-</strong></span> <span class='ocrx_word' id='word_1_4' title='bbox 1670 70 1691 91; x_wconf 60' lang='grc'><strong>⁷,</strong></span> <span class='ocrx_word' id='word_1_5' title='bbox 1744 84 1753 89; x_wconf 61' lang='lat'><em>_</em></span> 
     </span>
    </p>
   </div>
   <div class='ocr_carea' id='block_1_2' title="bbox 526 392 706 487">
    <p class='ocr_par' dir='ltr' id='par_1_2' title="bbox 526 392 706 487">
     <span class='ocr_line' id='line_1_2' title="bbox 526 392 706 487; baseline 0.006 -34"><span class='ocrx_word' id='word_1_6' title='bbox 526 392 706 487; x_wconf 24' lang='grc' dir='ltr'><strong>,νιος</strong></span> 
     </span>
    </p>
   </div>
   <div class='ocr_carea' id='block_1_3' title="bbox 1870 369 2540 469">
    <p class='ocr_par' dir='ltr' id='par_1_3' title="bbox 1870 369 2540 469">
     <span class='ocr_line' id='line_1_3' title="bbox 1870 369 2540 469; baseline 0.009 -7"><span class='ocrx_word' id='word_1_7' title='bbox 1870 374 1875 379; x_wconf 75' lang='grc'><em>’</em></span> <span class='ocrx_word' id='word_1_8' title='bbox 1922 369 2206 464; x_wconf 63' lang='lat' dir='ltr'><strong>annum</strong></span> <span class='ocrx_word' id='word_1_9' title='bbox 2246 408 2447 469; x_wconf 64' lang='lat' dir='ltr'><strong>eam</strong></span> <span class='ocrx_word' id='word_1_10' title='bbox 2484 411 2540 468; x_wconf 76' lang='lat' dir='ltr'><strong>u~</strong></span> 
     </span>
    </p>
   </div>
   <div class='ocr_carea' id='block_1_4' title="bbox 3704 413 3843 469">
    <p class='ocr_par' dir='ltr' id='par_1_4' title="bbox 3704 413 3843 469">
     <span class='ocr_line' id='line_1_4' title="bbox 3704 413 3843 469; baseline -0.014 0"><span class='ocrx_word' id='word_1_11' title='bbox 3704 413 3843 469; x_wconf 65' lang='lat'><strong>1300</strong></span> 
     </span>
    </p>
   </div>
   <div class='ocr_carea' id='block_1_5' title="bbox 569 507 3840 616">
    <p class='ocr_par' dir='ltr' id='par_1_5' title="bbox 569 507 3840 616">
     <span class='ocr_line' id='line_1_5' title="bbox 569 507 3840 616; baseline 0.006 -40"><span class='ocrx_word' id='word_1_12' title='bbox 569 535 679 579; x_wconf 83' lang='lat' dir='ltr'><strong>non</strong></span> <span class='ocrx_word' id='word_1_13' title='bbox 703 531 790 577; x_wconf 85' lang='lat' dir='ltr'><strong>est</strong></span> <span class='ocrx_word' id='word_1_14' title='bbox 815 514 1404 616; x_wconf 8' lang='lat' dir='ltr'><strong>quod’omnipotentem</strong></span> <span class='ocrx_word' id='word_1_15' title='bbox 1442 524 1727 580; x_wconf 87' lang='lat' dir='ltr'><strong>Dominum</strong></span> <span class='ocrx_word' id='word_1_16' title='bbox 1759 525 1821 580; x_wconf 84' lang='lat' dir='ltr'><strong>ad</strong></span> <span class='ocrx_word' id='word_1_17' title='bbox 1872 524 1987 580; x_wconf 67' lang='lat' dir='ltr'><strong>haec</strong></span> <span class='ocrx_word' id='word_1_18' title='bbox 2031 539 2155 596; x_wconf 87' lang='lat' dir='ltr'><strong>per-</strong></span> <span class='ocrx_word' id='word_1_19' title='bbox 2182 527 2230 585; x_wconf 83' lang='lat' dir='ltr'><strong>A</strong></span> <span class='ocrx_word' id='word_1_20' title='bbox 2260 518 2663 599; x_wconf 86' lang='lat' dir='ltr'><strong>vobismelipsis</strong></span> <span class='ocrx_word' id='word_1_21' title='bbox 2687 530 3065 597; x_wconf 84' lang='lat' dir='ltr'><strong>eonsuleretis,</strong></span> <span class='ocrx_word' id='word_1_22' title='bbox 3091 507 3420 600; x_wconf 70' lang='lat' dir='ltr'><strong>monuimus,</strong></span> <span class='ocrx_word' id='word_1_23' title='bbox 3443 546 3496 616; x_wconf 72' lang='lat' dir='ltr'><strong>et</strong></span> <span class='ocrx_word' id='word_1_24' title='bbox 3511 534 3668 604; x_wconf 75' lang='lat' dir='ltr'><strong>joitta</strong></span> <span class='ocrx_word' id='word_1_25' title='bbox 3692 542 3840 611; x_wconf 83' lang='lat' dir='ltr'><strong>quod</strong></span> 
     </span>
    </p>
   </div>
   <div class='ocr_carea' id='block_1_6' title="bbox 569 611 2154 685">
    <p class='ocr_par' dir='ltr' id='par_1_6' title="bbox 569 611 2154 685">
     <span class='ocr_line' id='line_1_6' title="bbox 569 611 2154 685; baseline 0.005 -22"><span class='ocrx_word' id='word_1_26' title='bbox 569 613 778 681; x_wconf 84' lang='lat' dir='ltr'><strong>agenda</strong></span> <span class='ocrx_word' id='word_1_27' title='bbox 801 613 901 670; x_wconf 91' lang='lat' dir='ltr'><strong>sibi</strong></span> <span class='ocrx_word' id='word_1_28' title='bbox 922 614 1208 685; x_wconf 83' lang='lat' dir='ltr'><strong>propitium</strong></span> <span class='ocrx_word' id='word_1_29' title='bbox 1229 611 1412 680; x_wconf 72' lang='lat' dir='ltr'><strong>faciet,</strong></span> <span class='ocrx_word' id='word_1_30' title='bbox 1430 615 1569 671; x_wconf 90' lang='lat' dir='ltr'><strong>etde</strong></span> <span class='ocrx_word' id='word_1_31' title='bbox 1592 615 1838 672; x_wconf 77' lang='lat' dir='ltr'><strong>hostibus</strong></span> <span class='ocrx_word' id='word_1_32' title='bbox 1858 615 2154 672; x_wconf 71' lang='lat' dir='ltr'><strong>Christiani</strong></span> 
     </span>
    </p>
   </div>
   <div class='ocr_carea' id='block_1_7' title="bbox 571 703 2157 780">
    <p class='ocr_par' dir='ltr' id='par_1_7' title="bbox 571 703 2157 780">
     <span class='ocr_line' id='line_1_7' title="bbox 571 703 2157 780; baseline 0.004 -23"><span class='ocrx_word' id='word_1_33' title='bbox 571 703 808 762; x_wconf 86' lang='lat' dir='ltr'><strong>nominis</strong></span> <span class='ocrx_word' id='word_1_34' title='bbox 833 705 1162 777; x_wconf 87' lang='lat' dir='ltr'><strong>triumphum</strong></span> <span class='ocrx_word' id='word_1_35' title='bbox 1184 707 1292 762; x_wconf 83' lang='lat' dir='ltr'><strong>cito</strong></span> <span class='ocrx_word' id='word_1_36' title='bbox 1320 708 1600 780; x_wconf 73' lang='lat' dir='ltr'><strong>percipiet.</strong></span> <span class='ocrx_word' id='word_1_37' title='bbox 1628 707 1738 763; x_wconf 89' lang='lat' dir='ltr'><strong>Sed</strong></span> <span class='ocrx_word' id='word_1_38' title='bbox 1765 708 1852 764; x_wconf 87' lang='lat' dir='ltr'><strong>his</strong></span> <span class='ocrx_word' id='word_1_39' title='bbox 1879 708 2157 765; x_wconf 87' lang='lat' dir='ltr'><strong>succincte</strong></span> 
     </span>
    </p>
   </div>
   <div class='ocr_carea' id='block_1_8' title="bbox 568 794 2156 867">
    <p class='ocr_par' dir='ltr' id='par_1_8' title="bbox 568 794 2156 867">
     <span class='ocr_line' id='line_1_8' title="bbox 568 794 2156 867; baseline 0.004 -21"><span class='ocrx_word' id='word_1_40' title='bbox 568 795 823 865; x_wconf 74' lang='lat' dir='ltr'><strong>prolatis,</strong></span> <span class='ocrx_word' id='word_1_41' title='bbox 862 798 1157 867; x_wconf 79' lang='lat' dir='ltr'><strong>qboniam,</strong></span> <span class='ocrx_word' id='word_1_42' title='bbox 1212 794 1275 852; x_wconf 57' lang='lat' dir='ltr'><strong>ut?</strong></span> <span class='ocrx_word' id='word_1_43' title='bbox 1314 797 1694 867; x_wconf 74' lang='lat' dir='ltr'><strong>praediximus,</strong></span> <span class='ocrx_word' id='word_1_44' title='bbox 1738 797 1880 855; x_wconf 88' lang='lat' dir='ltr'><strong>sicut</strong></span> <span class='ocrx_word' id='word_1_45' title='bbox 1912 799 2156 856; x_wconf 85' lang='lat' dir='ltr'><strong>omnium</strong></span> 
     </span>
    </p>
   </div>
   <div class='ocr_carea' id='block_1_9' title="bbox 566 884 2153 969">
    <p class='ocr_par' dir='ltr' id='par_1_9' title="bbox 566 884 2153 969">
     <span class='ocr_line' id='line_1_9' title="bbox 566 884 2153 969; baseline 0.006 -32"><span class='ocrx_word' id='word_1_46' title='bbox 566 884 809 954; x_wconf 89' lang='lat' dir='ltr'><strong>pondera</strong></span> <span class='ocrx_word' id='word_1_47' title='bbox 854 888 907 941; x_wconf 88' lang='lat' dir='ltr'><strong>in</strong></span> <span class='ocrx_word' id='word_1_48' title='bbox 939 888 1181 944; x_wconf 78' lang='lat' dir='ltr'><strong>humeris</strong></span> <span class='ocrx_word' id='word_1_49' title='bbox 1210 890 1412 945; x_wconf 72' lang='lat' dir='ltr'><strong>nosu&#39;is</strong></span> <span class='ocrx_word' id='word_1_50' title='bbox 1447 900 1758 961; x_wconf 75' lang='lat' dir='ltr'><strong>gestamus,</strong></span> <span class='ocrx_word' id='word_1_51' title='bbox 1804 891 1883 969; x_wconf 87' lang='lat' dir='ltr'><strong>ita</strong></span> <span class='ocrx_word' id='word_1_52' title='bbox 1912 893 2153 948; x_wconf 89' lang='lat' dir='ltr'><strong>omnium</strong></span> 
     </span>
    </p>
   </div>
   <div class='ocr_carea' id='block_1_10' title="bbox 569 980 2156 1053">
    <p class='ocr_par' dir='ltr' id='par_1_10' title="bbox 569 980 2156 1053">
     <span class='ocr_line' id='line_1_10' title="bbox 569 980 2156 1053; baseline 0.006 -22"><span class='ocrx_word' id='word_1_53' title='bbox 569 987 721 1050; x_wconf 76' lang='lat' dir='ltr'><strong>actus</strong></span> <span class='ocrx_word' id='word_1_54' title='bbox 751 980 1048 1050; x_wconf 80' lang='lat' dir='ltr'><strong>praevidere</strong></span> <span class='ocrx_word' id='word_1_55' title='bbox 1075 980 1354 1048; x_wconf 80' lang='lat' dir='ltr'><strong>debemus,</strong></span> <span class='ocrx_word' id='word_1_56' title='bbox 1380 999 1448 1037; x_wconf 89' lang='lat' dir='ltr'><strong>ne</strong></span> <span class='ocrx_word' id='word_1_57' title='bbox 1477 998 1577 1053; x_wconf 89' lang='lat' dir='ltr'><strong>pro</strong></span> <span class='ocrx_word' id='word_1_58' title='bbox 1600 983 1851 1040; x_wconf 80' lang='lat' dir='ltr'><strong>humanis</strong></span> <span class='ocrx_word' id='word_1_59' title='bbox 1880 983 2156 1040; x_wconf 77' lang='lat' dir='ltr'><strong>favoribus</strong></span> 
     </span>
    </p>
   </div>
   <div class='ocr_carea' id='block_1_11' title="bbox 568 1066 2157 1144">
    <p class='ocr_par' dir='ltr' id='par_1_11' title="bbox 568 1066 2157 1144">
     <span class='ocr_line' id='line_1_11' title="bbox 568 1066 2157 1144; baseline 0.004 -21"><span class='ocrx_word' id='word_1_60' title='bbox 568 1084 668 1124; x_wconf 87' lang='lat' dir='ltr'><strong>nos</strong></span> <span class='ocrx_word' id='word_1_61' title='bbox 696 1070 815 1126; x_wconf 78' lang='lat' dir='ltr'><strong>hzco</strong></span> <span class='ocrx_word' id='word_1_62' title='bbox 839 1071 1018 1128; x_wconf 81' lang='lat' dir='ltr'><strong>dicere</strong></span> <span class='ocrx_word' id='word_1_63' title='bbox 1058 1073 1180 1144; x_wconf 87' lang='lat' dir='ltr'><strong>quis</strong></span> <span class='ocrx_word' id='word_1_64' title='bbox 1207 1074 1516 1139; x_wconf 81' lang='lat' dir='ltr'><strong>existimet,</strong></span> <span class='ocrx_word' id='word_1_65' title='bbox 1556 1074 1603 1130; x_wconf 88' lang='lat' dir='ltr'><strong>si</strong></span> <span class='ocrx_word' id='word_1_66' title='bbox 1632 1066 1776 1131; x_wconf 86' lang='lat' dir='ltr'><strong>forte</strong></span> <span class='ocrx_word' id='word_1_67' title='bbox 1800 1077 2073 1137; x_wconf 85' lang='lat' dir='ltr'><strong>accideret</strong></span> <span class='ocrx_word' id='word_1_68' title='bbox 2095 1083 2157 1130; x_wconf 90' lang='lat' dir='ltr'><strong>ut</strong></span> 
     </span>
    </p>
   </div>
   <div class='ocr_carea' id='block_1_12' title="bbox 563 1156 2156 1240">
    <p class='ocr_par' dir='ltr' id='par_1_12' title="bbox 563 1156 2156 1240">
     <span class='ocr_line' id='line_1_12' title="bbox 563 1156 2156 1240; baseline 0.005 -25"><span class='ocrx_word' id='word_1_69' title='bbox 563 1156 839 1233; x_wconf 78' lang='lat' dir='ltr'><strong>principes</strong></span> <span class='ocrx_word' id='word_1_70' title='bbox 863 1164 1056 1231; x_wconf 83' lang='lat' dir='ltr'><strong>nostri,</strong></span> <span class='ocrx_word' id='word_1_71' title='bbox 1087 1164 1284 1236; x_wconf 81' lang='lat' dir='ltr'><strong>quibus</strong></span> <span class='ocrx_word' id='word_1_72' title='bbox 1322 1184 1354 1221; x_wconf 89' lang='lat' dir='ltr'><strong>a</strong></span> <span class='ocrx_word' id='word_1_73' title='bbox 1389 1180 1439 1221; x_wconf 87' lang='lat' dir='ltr'><strong>te</strong></span> <span class='ocrx_word' id='word_1_74' title='bbox 1464 1182 1753 1239; x_wconf 84' lang='lat' dir='ltr'><strong>pervasum</strong></span> <span class='ocrx_word' id='word_1_75' title='bbox 1784 1183 2008 1240; x_wconf 82' lang='lat' dir='ltr'><strong>regnum</strong></span> <span class='ocrx_word' id='word_1_76' title='bbox 2032 1167 2156 1239; x_wconf 86' lang='lat' dir='ltr'><strong>jure</strong></span> 
     </span>
    </p>
   </div>
   <div class='ocr_carea' id='block_1_13' title="bbox 567 1253 2156 1326">
    <p class='ocr_par' dir='ltr' id='par_1_13' title="bbox 567 1253 2156 1326">
     <span class='ocr_line' id='line_1_13' title="bbox 567 1253 2156 1326; baseline 0.003 -17"><span class='ocrx_word' id='word_1_77' title='bbox 567 1253 813 1320; x_wconf 86' lang='lat' dir='ltr'><strong>debetur,</strong></span> <span class='ocrx_word' id='word_1_78' title='bbox 857 1256 960 1311; x_wconf 82' lang='lat' dir='ltr'><strong>sibi</strong></span> <span class='ocrx_word' id='word_1_79' title='bbox 992 1255 1172 1312; x_wconf 81' lang='lat' dir='ltr'><strong>illatas</strong></span> <span class='ocrx_word' id='word_1_80' title='bbox 1206 1256 1432 1324; x_wconf 73' lang='lat' dir='ltr'><strong>injurias</strong></span> <span class='ocrx_word' id='word_1_81' title='bbox 1476 1274 1584 1316; x_wconf 88' lang='lat' dir='ltr'><strong>non</strong></span> <span class='ocrx_word' id='word_1_82' title='bbox 1630 1259 2009 1326; x_wconf 24' lang='lat' dir='ltr'><strong>vindicarent»;</strong></span> <span class='ocrx_word' id='word_1_83' title='bbox 2056 1273 2156 1314; x_wconf 87' lang='lat' dir='ltr'><strong>nos</strong></span> 
     </span>
    </p>
   </div>
   <div class='ocr_carea' id='block_1_14' title="bbox 568 1346 2158 1421">
    <p class='ocr_par' dir='ltr' id='par_1_14' title="bbox 568 1346 2158 1421">
     <span class='ocr_line' id='line_1_14' title="bbox 568 1346 2158 1421; baseline 0.004 -21"><span class='ocrx_word' id='word_1_84' title='bbox 568 1360 740 1415; x_wconf 86' lang='lat' dir='ltr'><strong>usque</strong></span> <span class='ocrx_word' id='word_1_85' title='bbox 766 1346 834 1402; x_wconf 90' lang='lat' dir='ltr'><strong>ad</strong></span> <span class='ocrx_word' id='word_1_86' title='bbox 865 1352 1052 1403; x_wconf 87' lang='lat' dir='ltr'><strong>veram</strong></span> <span class='ocrx_word' id='word_1_87' title='bbox 1093 1348 1554 1416; x_wconf 82' lang='lat' dir='ltr'><strong>emendationem,</strong></span> <span class='ocrx_word' id='word_1_88' title='bbox 1579 1351 1707 1421; x_wconf 87' lang='lat' dir='ltr'><strong>quia</strong></span> <span class='ocrx_word' id='word_1_89' title='bbox 1727 1364 1918 1417; x_wconf 84' lang='lat' dir='ltr'><strong>oinnes</strong></span> <span class='ocrx_word' id='word_1_90' title='bbox 1944 1350 2158 1407; x_wconf 85' lang='lat' dir='ltr'><strong>salvare</strong></span> 
     </span>
    </p>
   </div>
   <div class='ocr_carea' id='block_1_15' title="bbox 566 1434 2155 1515">
    <p class='ocr_par' dir='ltr' id='par_1_15' title="bbox 566 1434 2155 1515">
     <span class='ocr_line' id='line_1_15' title="bbox 566 1434 2155 1515; baseline 0.006 -27"><span class='ocrx_word' id='word_1_91' title='bbox 566 1434 835 1505; x_wconf 77' lang='lat' dir='ltr'><strong>volumus,</strong></span> <span class='ocrx_word' id='word_1_92' title='bbox 865 1436 1105 1510; x_wconf 88' lang='lat' dir='ltr'><strong>perjuria</strong></span> <span class='ocrx_word' id='word_1_93' title='bbox 1132 1437 1248 1505; x_wconf 80' lang='lat' dir='ltr'><strong>illa,</strong></span> <span class='ocrx_word' id='word_1_94' title='bbox 1276 1446 1441 1510; x_wconf 87' lang='lat' dir='ltr'><strong>atque</strong></span> <span class='ocrx_word' id='word_1_95' title='bbox 1468 1440 1809 1499; x_wconf 83' lang='lat' dir='ltr'><strong>invasionum</strong></span> <span class='ocrx_word' id='word_1_96' title='bbox 1843 1442 2155 1515; x_wconf 80' lang='lat' dir='ltr'><strong>tyrannides</strong></span> 
     </span>
    </p>
   </div>
   <div class='ocr_carea' id='block_1_16' title="bbox 507 1520 2158 1602">
    <p class='ocr_par' dir='ltr' id='par_1_16' title="bbox 507 1520 2158 1602">
     <span class='ocr_line' id='line_1_16' title="bbox 507 1520 2158 1602; baseline 0 -17"><span class='ocrx_word' id='word_1_97' title='bbox 507 1577 515 1585; x_wconf 91' lang='lat'><strong>.</strong></span> <span class='ocrx_word' id='word_1_98' title='bbox 566 1525 1034 1597; x_wconf 19' lang='lat' dir='ltr'><strong>itnpunitas‘nullo</strong></span> <span class='ocrx_word' id='word_1_99' title='bbox 1060 1537 1221 1601; x_wconf 87' lang='lat' dir='ltr'><strong>pacto</strong></span> <span class='ocrx_word' id='word_1_100' title='bbox 1248 1529 1647 1599; x_wconf 87' lang='lat' dir='ltr'><strong>dimitteremus</strong></span> <span class='ocrx_word' id='word_1_101' title='bbox 1675 1548 1689 1586; x_wconf 74' lang='grc' dir='ltr'>ε</span> <span class='ocrx_word' id='word_1_102' title='bbox 1719 1531 1845 1602; x_wconf 84' lang='lat' dir='ltr'><strong>quia</strong></span> <span class='ocrx_word' id='word_1_103' title='bbox 1886 1520 1996 1589; x_wconf 76' lang='lat' dir='ltr'><strong>non</strong></span> <span class='ocrx_word' id='word_1_104' title='bbox 2038 1547 2158 1588; x_wconf 87' lang='lat' dir='ltr'><strong>am-</strong></span> 
     </span>
    </p>
   </div>
   <div class='ocr_carea' id='block_1_17' title="bbox 565 1615 2157 1693">
    <p class='ocr_par' dir='ltr' id='par_1_17' title="bbox 565 1615 2157 1693">
     <span class='ocr_line' id='line_1_17' title="bbox 565 1615 2157 1693; baseline 0.004 -19"><span class='ocrx_word' id='word_1_105' title='bbox 565 1616 770 1675; x_wconf 87' lang='lat' dir='ltr'><strong>bitione</strong></span> <span class='ocrx_word' id='word_1_106' title='bbox 798 1621 971 1691; x_wconf 85' lang='lat' dir='ltr'><strong>regni,</strong></span> <span class='ocrx_word' id='word_1_107' title='bbox 997 1624 1093 1679; x_wconf 88' lang='lat' dir='ltr'><strong>sed</strong></span> <span class='ocrx_word' id='word_1_108' title='bbox 1110 1620 1325 1693; x_wconf 75' lang='lat' dir='ltr'><strong>iustitia</strong></span> <span class='ocrx_word' id='word_1_109' title='bbox 1354 1638 1785 1692; x_wconf 87' lang='lat' dir='ltr'><strong>commovemur,</strong></span> <span class='ocrx_word' id='word_1_110' title='bbox 1826 1633 1883 1681; x_wconf 88' lang='lat' dir='ltr'><strong>et</strong></span> <span class='ocrx_word' id='word_1_111' title='bbox 1912 1641 2019 1682; x_wconf 91' lang='lat' dir='ltr'><strong>non</strong></span> <span class='ocrx_word' id='word_1_112' title='bbox 2048 1615 2157 1680; x_wconf 88' lang='lat' dir='ltr'><strong>ter-</strong></span> 
     </span>
    </p>
   </div>
   <div class='ocr_carea' id='block_1_18' title="bbox 566 1714 2160 1789">
    <p class='ocr_par' dir='ltr' id='par_1_18' title="bbox 566 1714 2160 1789">
     <span class='ocr_line' id='line_1_18' title="bbox 566 1714 2160 1789; baseline 0.004 -24"><span class='ocrx_word' id='word_1_113' title='bbox 566 1724 752 1767; x_wconf 85' lang='lat' dir='ltr'><strong>rarum</strong></span> <span class='ocrx_word' id='word_1_114' title='bbox 785 1714 960 1784; x_wconf 78' lang='lat' dir='ltr'><strong>Spatia</strong></span> <span class='ocrx_word' id='word_1_115' title='bbox 985 1715 1306 1786; x_wconf 65' lang='lat' dir='ltr'><strong>quarimus,</strong></span> <span class='ocrx_word' id='word_1_116' title='bbox 1327 1717 1423 1773; x_wconf 88' lang='lat' dir='ltr'><strong>sed</strong></span> <span class='ocrx_word' id='word_1_117' title='bbox 1445 1731 1510 1773; x_wconf 85' lang='lat' dir='ltr'><strong>ex</strong></span> <span class='ocrx_word' id='word_1_118' title='bbox 1539 1716 1723 1774; x_wconf 88' lang='lat' dir='ltr'><strong>debito</strong></span> <span class='ocrx_word' id='word_1_119' title='bbox 1767 1717 1912 1773; x_wconf 89' lang='lat' dir='ltr'><strong>vitiis</strong></span> <span class='ocrx_word' id='word_1_120' title='bbox 1936 1732 2003 1772; x_wconf 90' lang='lat' dir='ltr'><strong>ac</strong></span> <span class='ocrx_word' id='word_1_121' title='bbox 2028 1731 2160 1789; x_wconf 72' lang='lat' dir='ltr'><strong>pra-</strong></span> 
     </span>
    </p>
   </div>
   <div class='ocr_carea' id='block_1_19' title="bbox 562 1798 2158 1883">
    <p class='ocr_par' dir='ltr' id='par_1_19' title="bbox 562 1798 2158 1883">
     <span class='ocr_line' id='line_1_19' title="bbox 562 1798 2158 1883; baseline 0.004 -25"><span class='ocrx_word' id='word_1_122' title='bbox 562 1803 1279 1878; x_wconf 66' lang='lat' dir='ltr'><strong>vitatibus&#39;quibuscunque</strong></span> <span class='ocrx_word' id='word_1_123' title='bbox 1329 1810 1586 1866; x_wconf 88' lang='lat' dir='ltr'><strong>resistere</strong></span> <span class='ocrx_word' id='word_1_124' title='bbox 1630 1810 1941 1883; x_wconf 72' lang='lat' dir='ltr'><strong>vigilamus.</strong></span> <span class='ocrx_word' id='word_1_125' title='bbox 1988 1798 2158 1882; x_wconf 79' lang='lat' dir='ltr'><strong>igitur</strong></span> 
     </span>
    </p>
   </div>
   <div class='ocr_carea' id='block_1_20' title="bbox 562 1898 2147 1974">
    <p class='ocr_par' dir='ltr' id='par_1_20' title="bbox 562 1898 2147 1974">
     <span class='ocr_line' id='line_1_20' title="bbox 562 1898 2147 1974; baseline 0.005 -23"><span class='ocrx_word' id='word_1_126' title='bbox 562 1908 623 1953; x_wconf 88' lang='lat' dir='ltr'><strong>ut</strong></span> <span class='ocrx_word' id='word_1_127' title='bbox 668 1898 888 1957; x_wconf 85' lang='lat' dir='ltr'><strong>interim</strong></span> <span class='ocrx_word' id='word_1_128' title='bbox 939 1901 1224 1972; x_wconf 85' lang='lat' dir='ltr'><strong>perpaucis</strong></span> <span class='ocrx_word' id='word_1_129' title='bbox 1269 1901 1494 1974; x_wconf 79' lang='lat' dir='ltr'><strong>gloriam</strong></span> <span class='ocrx_word' id='word_1_130' title='bbox 1536 1910 1686 1962; x_wconf 86' lang='lat' dir='ltr'><strong>tuam</strong></span> <span class='ocrx_word' id='word_1_131' title='bbox 1731 1902 2147 1967; x_wconf 81' lang='lat' dir='ltr'><strong>ronveuiamus,</strong></span> 
     </span>
    </p>
   </div>
   <div class='ocr_carea' id='block_1_21' title="bbox 562 1992 2155 2067">
    <p class='ocr_par' dir='ltr' id='par_1_21' title="bbox 562 1992 2155 2067">
     <span class='ocr_line' id='line_1_21' title="bbox 562 1992 2155 2067; baseline 0.004 -24"><span class='ocrx_word' id='word_1_132' title='bbox 562 1998 868 2056; x_wconf 76' lang='lat' dir='ltr'><strong>nionemus,</strong></span> <span class='ocrx_word' id='word_1_133' title='bbox 894 1998 950 2045; x_wconf 91' lang='lat' dir='ltr'><strong>et</strong></span> <span class='ocrx_word' id='word_1_134' title='bbox 979 1992 1302 2049; x_wconf 87' lang='lat' dir='ltr'><strong>auctoritate</strong></span> <span class='ocrx_word' id='word_1_135' title='bbox 1324 1993 1621 2065; x_wconf 88' lang='lat' dir='ltr'><strong>apostolica</strong></span> <span class='ocrx_word' id='word_1_136' title='bbox 1646 1994 1844 2067; x_wconf 82' lang='lat' dir='ltr'><strong>quibus</strong></span> <span class='ocrx_word' id='word_1_137' title='bbox 1864 2008 2155 2066; x_wconf 84' lang='lat' dir='ltr'><strong>possumus</strong></span> 
     </span>
    </p>
   </div>
   <div class='ocr_carea' id='block_1_22' title="bbox 562 2080 2153 2159">
    <p class='ocr_par' dir='ltr' id='par_1_22' title="bbox 562 2080 2153 2159">
     <span class='ocr_line' id='line_1_22' title="bbox 562 2080 2153 2159; baseline 0.003 -23"><span class='ocrx_word' id='word_1_138' title='bbox 562 2080 741 2139; x_wconf 88' lang='lat' dir='ltr'><strong>modis</strong></span> <span class='ocrx_word' id='word_1_139' title='bbox 804 2083 1126 2156; x_wconf 81' lang='lat' dir='ltr'><strong>spiritaliter</strong></span> <span class='ocrx_word' id='word_1_140' title='bbox 1186 2087 1512 2153; x_wconf 83' lang='lat' dir='ltr'><strong>suademus,</strong></span> <span class='ocrx_word' id='word_1_141' title='bbox 1573 2095 1911 2159; x_wconf 82' lang='lat' dir='ltr'><strong>paterneque</strong></span> <span class='ocrx_word' id='word_1_142' title='bbox 1958 2086 2153 2144; x_wconf 74' lang='lat' dir='ltr'><strong>affectu</strong></span> 
     </span>
    </p>
   </div>
   <div class='ocr_carea' id='block_1_23' title="bbox 561 2175 2154 2247">
    <p class='ocr_par' dir='ltr' id='par_1_23' title="bbox 561 2175 2154 2247">
     <span class='ocr_line' id='line_1_23' title="bbox 561 2175 2154 2247; baseline 0.005 -18"><span class='ocrx_word' id='word_1_143' title='bbox 561 2175 945 2247; x_wconf 68' lang='lat' dir='ltr'><strong>prmcipimus,</strong></span> <span class='ocrx_word' id='word_1_144' title='bbox 1009 2188 1071 2233; x_wconf 88' lang='lat' dir='ltr'><strong>ut</strong></span> <span class='ocrx_word' id='word_1_145' title='bbox 1121 2176 1234 2246; x_wconf 86' lang='lat' dir='ltr'><strong>jam</strong></span> <span class='ocrx_word' id='word_1_146' title='bbox 1282 2180 1443 2236; x_wconf 86' lang='lat' dir='ltr'><strong>tertio</strong></span> <span class='ocrx_word' id='word_1_147' title='bbox 1486 2182 1722 2237; x_wconf 90' lang='lat' dir='ltr'><strong>monitus</strong></span> <span class='ocrx_word' id='word_1_148' title='bbox 1760 2182 1830 2237; x_wconf 89' lang='lat' dir='ltr'><strong>ab</strong></span> <span class='ocrx_word' id='word_1_149' title='bbox 1874 2180 2154 2237; x_wconf 84' lang='lat' dir='ltr'><strong>invasione</strong></span> 
     </span>
    </p>
   </div>
   <div class='ocr_carea' id='block_1_24' title="bbox 562 2260 2153 2342">
    <p class='ocr_par' dir='ltr' id='par_1_24' title="bbox 562 2260 2153 2342">
     <span class='ocr_line' id='line_1_24' title="bbox 562 2260 2153 2342; baseline 0.004 -24"><span class='ocrx_word' id='word_1_150' title='bbox 562 2263 716 2335; x_wconf 75' lang='lat' dir='ltr'><strong>regni</strong></span> <span class='ocrx_word' id='word_1_151' title='bbox 762 2265 1028 2336; x_wconf 77' lang='lat' dir='ltr'><strong>spiritalis</strong></span> <span class='ocrx_word' id='word_1_152' title='bbox 1070 2265 1165 2323; x_wconf 83' lang='lat' dir='ltr'><strong>lilii</strong></span> <span class='ocrx_word' id='word_1_153' title='bbox 1187 2271 1364 2326; x_wconf 85' lang='lat' dir='ltr'><strong>nostri</strong></span> <span class='ocrx_word' id='word_1_154' title='bbox 1401 2269 1856 2328; x_wconf 86' lang='lat' dir='ltr'><strong>Christianissimi</strong></span> <span class='ocrx_word' id='word_1_155' title='bbox 1891 2260 2153 2342; x_wconf 88' lang='lat' dir='ltr'><strong>principis</strong></span> 
     </span>
    </p>
   </div>
   <div class='ocr_carea' id='block_1_25' title="bbox 562 2357 2153 2431">
    <p class='ocr_par' dir='ltr' id='par_1_25' title="bbox 562 2357 2153 2431">
     <span class='ocr_line' id='line_1_25' title="bbox 562 2357 2153 2431; baseline 0.003 -20"><span class='ocrx_word' id='word_1_156' title='bbox 562 2366 617 2411; x_wconf 85' lang='lat' dir='ltr'><strong>te</strong></span> <span class='ocrx_word' id='word_1_157' title='bbox 644 2357 860 2426; x_wconf 88' lang='lat' dir='ltr'><strong>penitus</strong></span> <span class='ocrx_word' id='word_1_158' title='bbox 886 2357 1176 2415; x_wconf 83' lang='lat' dir='ltr'><strong>subtrahas</strong></span> <span class='ocrx_word' id='word_1_159' title='bbox 1205 2370 1261 2414; x_wconf 92' lang='lat' dir='ltr'><strong>et</strong></span> <span class='ocrx_word' id='word_1_160' title='bbox 1281 2373 1597 2431; x_wconf 87' lang='lat' dir='ltr'><strong>compescas</strong></span> <span class='ocrx_word' id='word_1_161' title='bbox 1615 2399 1630 2426; x_wconf 94' lang='lat'><strong>,</strong></span> <span class='ocrx_word' id='word_1_162' title='bbox 1672 2359 1848 2417; x_wconf 88' lang='lat' dir='ltr'><strong>aliena</strong></span> <span class='ocrx_word' id='word_1_163' title='bbox 1877 2374 1987 2415; x_wconf 91' lang='lat' dir='ltr'><strong>non</strong></span> <span class='ocrx_word' id='word_1_164' title='bbox 2015 2375 2153 2415; x_wconf 85' lang='lat' dir='ltr'><strong>con-</strong></span> 
     </span>
    </p>
   </div>
   <div class='ocr_carea' id='block_1_26' title="bbox 560 2440 2147 2522">
    <p class='ocr_par' dir='ltr' id='par_1_26' title="bbox 560 2440 2147 2522">
     <span class='ocr_line' id='line_1_26' title="bbox 560 2440 2147 2522; baseline 0.002 -19"><span class='ocrx_word' id='word_1_165' title='bbox 560 2449 827 2522; x_wconf 87' lang='lat' dir='ltr'><strong>cupiscas,</strong></span> <span class='ocrx_word' id='word_1_166' title='bbox 855 2440 912 2506; x_wconf 81' lang='lat' dir='ltr'><strong>et</strong></span> <span class='ocrx_word' id='word_1_167' title='bbox 939 2452 1082 2520; x_wconf 89' lang='lat' dir='ltr'><strong>quod</strong></span> <span class='ocrx_word' id='word_1_168' title='bbox 1121 2451 1222 2507; x_wconf 88' lang='lat' dir='ltr'><strong>tibi</strong></span> <span class='ocrx_word' id='word_1_169' title='bbox 1251 2468 1358 2507; x_wconf 89' lang='lat' dir='ltr'><strong>non</strong></span> <span class='ocrx_word' id='word_1_170' title='bbox 1381 2454 1466 2509; x_wconf 87' lang='lat' dir='ltr'><strong>vis</strong></span> <span class='ocrx_word' id='word_1_171' title='bbox 1487 2452 1604 2510; x_wconf 89' lang='lat' dir='ltr'><strong>lieri</strong></span> <span class='ocrx_word' id='word_1_172' title='bbox 1630 2493 1645 2518; x_wconf 91' lang='lat'><strong>,</strong></span> <span class='ocrx_word' id='word_1_173' title='bbox 1668 2460 1675 2461; x_wconf 63' lang='lat'><strong><em>’</em></strong></span> <span class='ocrx_word' id='word_1_174' title='bbox 1698 2451 1774 2509; x_wconf 89' lang='lat' dir='ltr'><strong>illi</strong></span> <span class='ocrx_word' id='word_1_175' title='bbox 1820 2468 1931 2508; x_wconf 92' lang='lat' dir='ltr'><strong>non</strong></span> <span class='ocrx_word' id='word_1_176' title='bbox 1960 2451 2147 2509; x_wconf 81' lang='lat' dir='ltr'><strong>facias.</strong></span> 
     </span>
    </p>
   </div>
   <div class='ocr_carea' id='block_1_27' title="bbox 561 2539 2154 2616">
    <p class='ocr_par' dir='ltr' id='par_1_27' title="bbox 561 2539 2154 2616">
     <span class='ocr_line' id='line_1_27' title="bbox 561 2539 2154 2616; baseline 0.003 -22"><span class='ocrx_word' id='word_1_177' title='bbox 561 2539 682 2597; x_wconf 83' lang='lat' dir='ltr'><strong>Noli</strong></span> <span class='ocrx_word' id='word_1_178' title='bbox 721 2539 883 2610; x_wconf 88' lang='lat' dir='ltr'><strong>justis</strong></span> <span class='ocrx_word' id='word_1_179' title='bbox 909 2541 1016 2598; x_wconf 90' lang='lat' dir='ltr'><strong>tuis</strong></span> <span class='ocrx_word' id='word_1_180' title='bbox 1041 2544 1581 2616; x_wconf 87' lang='lat' dir='ltr'><strong>competentibusquc</strong></span> <span class='ocrx_word' id='word_1_181' title='bbox 1622 2544 1720 2601; x_wconf 88' lang='lat' dir='ltr'><strong>tibi</strong></span> <span class='ocrx_word' id='word_1_182' title='bbox 1768 2545 1930 2601; x_wconf 83' lang='lat' dir='ltr'><strong>rebus</strong></span> <span class='ocrx_word' id='word_1_183' title='bbox 1956 2543 2154 2616; x_wconf 88' lang='lat' dir='ltr'><strong>injuste</strong></span> 
     </span>
    </p>
   </div>
   <div class='ocr_carea' id='block_1_28' title="bbox 560 2633 2153 2710">
    <p class='ocr_par' dir='ltr' id='par_1_28' title="bbox 560 2633 2153 2710">
     <span class='ocr_line' id='line_1_28' title="bbox 560 2633 2153 2710; baseline 0.001 -20"><span class='ocrx_word' id='word_1_184' title='bbox 560 2644 749 2708; x_wconf 80' lang='lat' dir='ltr'><strong>captas</strong></span> <span class='ocrx_word' id='word_1_185' title='bbox 775 2635 1054 2709; x_wconf 88' lang='lat' dir='ltr'><strong>tyrannice</strong></span> <span class='ocrx_word' id='word_1_186' title='bbox 1079 2638 1309 2703; x_wconf 77' lang='lat' dir='ltr'><strong>sociare,</strong></span> <span class='ocrx_word' id='word_1_187' title='bbox 1344 2654 1410 2695; x_wconf 88' lang='lat' dir='ltr'><strong>ne</strong></span> <span class='ocrx_word' id='word_1_188' title='bbox 1435 2649 1490 2694; x_wconf 89' lang='lat' dir='ltr'><strong>et</strong></span> <span class='ocrx_word' id='word_1_189' title='bbox 1510 2633 1658 2707; x_wconf 81' lang='lat' dir='ltr'><strong>justo</strong></span> <span class='ocrx_word' id='word_1_190' title='bbox 1682 2652 1965 2710; x_wconf 86' lang='lat' dir='ltr'><strong>possessas</strong></span> <span class='ocrx_word' id='word_1_191' title='bbox 1992 2638 2153 2693; x_wconf 61' lang='lat' dir='ltr'><strong>amit«</strong></span> 
     </span>
    </p>
   </div>
   <div class='ocr_carea' id='block_1_29' title="bbox 562 2714 2152 2802">
    <p class='ocr_par' dir='ltr' id='par_1_29' title="bbox 562 2714 2152 2802">
     <span class='ocr_line' id='line_1_29' title="bbox 562 2714 2152 2802; baseline 0.002 -20"><span class='ocrx_word' id='word_1_192' title='bbox 562 2739 666 2793; x_wconf 78' lang='lat' dir='ltr'><strong>tas,</strong></span> <span class='ocrx_word' id='word_1_193' title='bbox 699 2737 754 2784; x_wconf 90' lang='lat' dir='ltr'><strong>et</strong></span> <span class='ocrx_word' id='word_1_194' title='bbox 776 2728 976 2799; x_wconf 87' lang='lat' dir='ltr'><strong>injuste</strong></span> <span class='ocrx_word' id='word_1_195' title='bbox 1004 2742 1266 2801; x_wconf 78' lang='lat' dir='ltr'><strong>pervasus</strong></span> <span class='ocrx_word' id='word_1_196' title='bbox 1286 2732 1433 2802; x_wconf 84' lang='lat' dir='ltr'><strong>justo</strong></span> <span class='ocrx_word' id='word_1_197' title='bbox 1473 2730 1569 2785; x_wconf 82' lang='lat' dir='ltr'><strong>Dei</strong></span> <span class='ocrx_word' id='word_1_198' title='bbox 1602 2714 1807 2802; x_wconf 81' lang='lat' dir='ltr'><strong>judicio</strong></span> <span class='ocrx_word' id='word_1_199' title='bbox 1836 2740 1888 2786; x_wconf 90' lang='lat' dir='ltr'><strong>te</strong></span> <span class='ocrx_word' id='word_1_200' title='bbox 1916 2730 2152 2787; x_wconf 84' lang='lat' dir='ltr'><strong>ambissc</strong></span> 
     </span>
    </p>
   </div>
   <div class='ocr_carea' id='block_1_30' title="bbox 562 2818 2152 2892">
    <p class='ocr_par' dir='ltr' id='par_1_30' title="bbox 562 2818 2152 2892">
     <span class='ocr_line' id='line_1_30' title="bbox 562 2818 2152 2892; baseline 0.001 -19"><span class='ocrx_word' id='word_1_201' title='bbox 562 2819 841 2889; x_wconf 69' lang='lat' dir='ltr'><strong>pmniteat.</strong></span> <span class='ocrx_word' id='word_1_202' title='bbox 872 2818 981 2877; x_wconf 83' lang='lat' dir='ltr'><strong>Nos</strong></span> <span class='ocrx_word' id='word_1_203' title='bbox 1008 2821 1233 2887; x_wconf 87' lang='lat' dir='ltr'><strong>etenim,</strong></span> <span class='ocrx_word' id='word_1_204' title='bbox 1259 2821 1514 2892; x_wconf 89' lang='lat' dir='ltr'><strong>quoniam</strong></span> <span class='ocrx_word' id='word_1_205' title='bbox 1538 2823 1747 2877; x_wconf 77' lang='lat' dir='ltr'><strong>salvum</strong></span> <span class='ocrx_word' id='word_1_206' title='bbox 1778 2831 1834 2878; x_wconf 90' lang='lat' dir='ltr'><strong>te</strong></span> <span class='ocrx_word' id='word_1_207' title='bbox 1854 2821 2152 2878; x_wconf 88' lang='lat' dir='ltr'><strong>consistere</strong></span> 
     </span>
    </p>
   </div>
   <div class='ocr_carea' id='block_1_31' title="bbox 516 2912 2150 2985">
    <p class='ocr_par' dir='ltr' id='par_1_31' title="bbox 516 2912 2150 2985">
     <span class='ocr_line' id='line_1_31' title="bbox 516 2912 2150 2985; baseline 0 -16"><span class='ocrx_word' id='word_1_208' title='bbox 516 2976 519 2981; x_wconf 88' lang='lat'><strong><em>_</em></strong></span> <span class='ocrx_word' id='word_1_209' title='bbox 562 2912 843 2984; x_wconf 88' lang='lat' dir='ltr'><strong>cupimus,</strong></span> <span class='ocrx_word' id='word_1_210' title='bbox 905 2922 961 2969; x_wconf 90' lang='lat' dir='ltr'><strong>et</strong></span> <span class='ocrx_word' id='word_1_211' title='bbox 1008 2924 1069 2970; x_wconf 92' lang='lat' dir='ltr'><strong>ut</strong></span> <span class='ocrx_word' id='word_1_212' title='bbox 1102 2914 1284 2971; x_wconf 91' lang='lat' dir='ltr'><strong>anima</strong></span> <span class='ocrx_word' id='word_1_213' title='bbox 1325 2930 1663 2985; x_wconf 89' lang='lat' dir='ltr'><strong>corporeque</strong></span> <span class='ocrx_word' id='word_1_214' title='bbox 1706 2914 1851 2973; x_wconf 85' lang='lat' dir='ltr'><strong>felici</strong></span> <span class='ocrx_word' id='word_1_215' title='bbox 1893 2929 2150 2971; x_wconf 88' lang='lat' dir='ltr'><strong>successu</strong></span> 
     </span>
    </p>
   </div>
   <div class='ocr_carea' id='block_1_32' title="bbox 560 2998 2153 3076">
    <p class='ocr_par' dir='ltr' id='par_1_32' title="bbox 560 2998 2153 3076">
     <span class='ocr_line' id='line_1_32' title="bbox 560 2998 2153 3076; baseline 0.004 -19"><span class='ocrx_word' id='word_1_216' title='bbox 560 2998 767 3075; x_wconf 83' lang='lat' dir='ltr'><strong>polleas</strong></span> <span class='ocrx_word' id='word_1_217' title='bbox 795 3004 1131 3072; x_wconf 84' lang='lat' dir='ltr'><strong>anhelamus,</strong></span> <span class='ocrx_word' id='word_1_218' title='bbox 1163 3004 1269 3063; x_wconf 84' lang='lat' dir='ltr'><strong>nisi</strong></span> <span class='ocrx_word' id='word_1_219' title='bbox 1296 3005 1490 3076; x_wconf 79' lang='lat' dir='ltr'><strong>saltem</strong></span> <span class='ocrx_word' id='word_1_220' title='bbox 1516 3023 1660 3063; x_wconf 91' lang='lat' dir='ltr'><strong>nunc</strong></span> <span class='ocrx_word' id='word_1_221' title='bbox 1684 3007 1887 3064; x_wconf 88' lang='lat' dir='ltr'><strong>nostris</strong></span> <span class='ocrx_word' id='word_1_222' title='bbox 1905 3047 1921 3073; x_wconf 94' lang='lat'><strong>,</strong></span> <span class='ocrx_word' id='word_1_223' title='bbox 1963 3006 2153 3063; x_wconf 79' lang='lat' dir='ltr'><strong>aliisve</strong></span> 
     </span>
    </p>
   </div>
   <div class='ocr_carea' id='block_1_33' title="bbox 562 3085 2150 3178">
    <p class='ocr_par' dir='ltr' id='par_1_33' title="bbox 562 3085 2150 3178">
     <span class='ocr_line' id='line_1_33' title="bbox 562 3085 2150 3178; baseline 0.003 -26"><span class='ocrx_word' id='word_1_224' title='bbox 562 3086 871 3153; x_wconf 68' lang='lat' dir='ltr'><strong>salubribus</strong></span> <span class='ocrx_word' id='word_1_225' title='bbox 910 3098 1158 3178; x_wconf 81' lang='lat' dir='ltr'><strong>parueris</strong></span> <span class='ocrx_word' id='word_1_226' title='bbox 1188 3098 1440 3165; x_wconf 82' lang='lat' dir='ltr'><strong>monitis,</strong></span> <span class='ocrx_word' id='word_1_227' title='bbox 1491 3109 1550 3155; x_wconf 93' lang='lat' dir='ltr'><strong>ut</strong></span> <span class='ocrx_word' id='word_1_228' title='bbox 1579 3109 1631 3154; x_wconf 91' lang='lat' dir='ltr'><strong>et</strong></span> <span class='ocrx_word' id='word_1_229' title='bbox 1657 3085 1806 3170; x_wconf 85' lang='lat' dir='ltr'><strong>prius</strong></span> <span class='ocrx_word' id='word_1_230' title='bbox 1836 3101 2150 3158; x_wconf 85' lang='lat' dir='ltr'><strong>inobedicus</strong></span> 
     </span>
    </p>
   </div>
   <div class='ocr_carea' id='block_1_34' title="bbox 560 3184 2147 3266">
    <p class='ocr_par' dir='ltr' id='par_1_34' title="bbox 560 3184 2147 3266">
     <span class='ocr_line' id='line_1_34' title="bbox 560 3184 2147 3266; baseline 0.004 -22"><span class='ocrx_word' id='word_1_231' title='bbox 560 3197 762 3246; x_wconf 64' lang='lat' dir='ltr'><strong>nostrae</strong></span> <span class='ocrx_word' id='word_1_232' title='bbox 804 3184 1328 3263; x_wconf 48' lang='lat' dir='ltr'><strong>spiritali&#39;censura:</strong></span> <span class='ocrx_word' id='word_1_233' title='bbox 1362 3193 1706 3256; x_wconf 89' lang='lat' dir='ltr'><strong>constiteris,</strong></span> <span class='ocrx_word' id='word_1_234' title='bbox 1772 3193 1918 3250; x_wconf 92' lang='lat' dir='ltr'><strong>nullo</strong></span> <span class='ocrx_word' id='word_1_235' title='bbox 1955 3202 2147 3266; x_wconf 85' lang='lat' dir='ltr'><strong>pacto,</strong></span> 
     </span>
    </p>
   </div>
   <div class='ocr_carea' id='block_1_35' title="bbox 563 3279 2151 3356">
    <p class='ocr_par' dir='ltr' id='par_1_35' title="bbox 563 3279 2151 3356">
     <span class='ocr_line' id='line_1_35' title="bbox 563 3279 2151 3356; baseline 0.005 -23"><span class='ocrx_word' id='word_1_236' title='bbox 563 3279 818 3352; x_wconf 85' lang='lat' dir='ltr'><strong>nulloque</strong></span> <span class='ocrx_word' id='word_1_237' title='bbox 866 3283 1341 3354; x_wconf 73' lang='lat' dir='ltr'><strong>prtetermittemus</strong></span> <span class='ocrx_word' id='word_1_238' title='bbox 1383 3285 1635 3354; x_wconf 79' lang='lat' dir='ltr'><strong>ingenio,</strong></span> <span class='ocrx_word' id='word_1_239' title='bbox 1672 3285 1994 3356; x_wconf 86' lang='lat' dir='ltr'><strong>quominus,</strong></span> <span class='ocrx_word' id='word_1_240' title='bbox 2040 3286 2151 3342; x_wconf 86' lang='lat' dir='ltr'><strong>Deo</strong></span> 
     </span>
    </p>
   </div>
   <div class='ocr_carea' id='block_1_36' title="bbox 484 3363 2155 3447">
    <p class='ocr_par' dir='ltr' id='par_1_36' title="bbox 484 3363 2155 3447">
     <span class='ocr_line' id='line_1_36' title="bbox 484 3363 2155 3447; baseline 0.005 -23"><span class='ocrx_word' id='word_1_241' title='bbox 484 3363 496 3445; x_wconf 18' lang='grc' dir='ltr'><strong>ἰ</strong></span> <span class='ocrx_word' id='word_1_242' title='bbox 558 3371 811 3442; x_wconf 87' lang='lat' dir='ltr'><strong>jnvaute,</strong></span> <span class='ocrx_word' id='word_1_243' title='bbox 860 3383 1044 3443; x_wconf 88' lang='lat' dir='ltr'><strong>partes</strong></span> <span class='ocrx_word' id='word_1_244' title='bbox 1084 3373 1205 3430; x_wconf 85' lang='lat' dir='ltr'><strong>illas</strong></span> <span class='ocrx_word' id='word_1_245' title='bbox 1247 3376 1569 3446; x_wconf 71' lang='lat' dir='ltr'><strong>nosmetipsi</strong></span> <span class='ocrx_word' id='word_1_246' title='bbox 1595 3385 1870 3447; x_wconf 86' lang='lat' dir='ltr'><strong>petamus,</strong></span> <span class='ocrx_word' id='word_1_247' title='bbox 1915 3382 1972 3431; x_wconf 89' lang='lat' dir='ltr'><strong>et</strong></span> <span class='ocrx_word' id='word_1_248' title='bbox 2008 3377 2155 3447; x_wconf 85' lang='lat' dir='ltr'><strong>quod</strong></span> 
     </span>
    </p>
   </div>
   <div class='ocr_carea' id='block_1_37' title="bbox 566 3463 2153 3538">
    <p class='ocr_par' dir='ltr' id='par_1_37' title="bbox 566 3463 2153 3538">
     <span class='ocr_line' id='line_1_37' title="bbox 566 3463 2153 3538; baseline 0.003 -21"><span class='ocrx_word' id='word_1_249' title='bbox 566 3463 737 3519; x_wconf 84' lang='lat' dir='ltr'><strong>nostri</strong></span> <span class='ocrx_word' id='word_1_250' title='bbox 778 3472 861 3521; x_wconf 86' lang='lat' dir='ltr'><strong>est</strong></span> <span class='ocrx_word' id='word_1_251' title='bbox 902 3464 1188 3534; x_wconf 80' lang='lat' dir='ltr'><strong>ministerii</strong></span> <span class='ocrx_word' id='word_1_252' title='bbox 1217 3465 1435 3536; x_wconf 85' lang='lat' dir='ltr'><strong>penitus</strong></span> <span class='ocrx_word' id='word_1_253' title='bbox 1472 3481 1818 3538; x_wconf 90' lang='lat' dir='ltr'><strong>peragamus.</strong></span> <span class='ocrx_word' id='word_1_254' title='bbox 1870 3464 2153 3523; x_wconf 82' lang='lat' dir='ltr'><strong>Postremo</strong></span> 
     </span>
    </p>
   </div>
   <div class='ocr_carea' id='block_1_38' title="bbox 567 3555 2153 3628">
    <p class='ocr_par' dir='ltr' id='par_1_38' title="bbox 567 3555 2153 3628">
     <span class='ocr_line' id='line_1_38' title="bbox 567 3555 2153 3628; baseline 0.003 -20"><span class='ocrx_word' id='word_1_255' title='bbox 567 3570 892 3627; x_wconf 74' lang='lat' dir='ltr'><strong>magnopere</strong></span> <span class='ocrx_word' id='word_1_256' title='bbox 921 3570 1332 3613; x_wconf 88' lang='lat' dir='ltr'><strong>commonemus</strong></span> <span class='ocrx_word' id='word_1_257' title='bbox 1353 3598 1368 3621; x_wconf 92' lang='lat'><strong>,</strong></span> <span class='ocrx_word' id='word_1_258' title='bbox 1412 3565 1472 3612; x_wconf 93' lang='lat' dir='ltr'><strong>ot</strong></span> <span class='ocrx_word' id='word_1_259' title='bbox 1495 3558 1594 3612; x_wconf 89' lang='lat' dir='ltr'><strong>hos</strong></span> <span class='ocrx_word' id='word_1_260' title='bbox 1618 3556 1955 3628; x_wconf 88' lang='lat' dir='ltr'><strong>apostolatus</strong></span> <span class='ocrx_word' id='word_1_261' title='bbox 1979 3555 2153 3613; x_wconf 88' lang='lat' dir='ltr'><strong>nostri</strong></span> 
     </span>
    </p>
   </div>
   <div class='ocr_carea' id='block_1_39' title="bbox 565 3642 2151 3718">
    <p class='ocr_par' dir='ltr' id='par_1_39' title="bbox 565 3642 2151 3718">
     <span class='ocr_line' id='line_1_39' title="bbox 565 3642 2151 3718; baseline 0.001 -20"><span class='ocrx_word' id='word_1_262' title='bbox 565 3646 865 3718; x_wconf 55' lang='lat' dir='ltr'><strong>praecipuos</strong></span> <span class='ocrx_word' id='word_1_263' title='bbox 892 3646 1105 3709; x_wconf 89' lang='lat' dir='ltr'><strong>missos,</strong></span> <span class='ocrx_word' id='word_1_264' title='bbox 1130 3642 1392 3701; x_wconf 90' lang='lat' dir='ltr'><strong>Joannem</strong></span> <span class='ocrx_word' id='word_1_265' title='bbox 1423 3646 1691 3712; x_wconf 82' lang='lat' dir='ltr'><strong>videlicet,</strong></span> <span class='ocrx_word' id='word_1_266' title='bbox 1717 3654 1880 3715; x_wconf 81' lang='lat' dir='ltr'><strong>atque</strong></span> <span class='ocrx_word' id='word_1_267' title='bbox 1904 3644 2151 3709; x_wconf 84' lang='lat' dir='ltr'><strong>Petrum,</strong></span> 
     </span>
    </p>
   </div>
   <div class='ocr_carea' id='block_1_40' title="bbox 571 3736 2154 3815">
    <p class='ocr_par' dir='ltr' id='par_1_40' title="bbox 571 3736 2154 3815">
     <span class='ocr_line' id='line_1_40' title="bbox 571 3736 2154 3815; baseline 0.004 -25"><span class='ocrx_word' id='word_1_268' title='bbox 571 3736 918 3802; x_wconf 76' lang='lat' dir='ltr'><strong>Wibbodum,</strong></span> <span class='ocrx_word' id='word_1_269' title='bbox 945 3747 1001 3793; x_wconf 90' lang='lat' dir='ltr'><strong>et</strong></span> <span class='ocrx_word' id='word_1_270' title='bbox 1026 3736 1316 3805; x_wconf 89' lang='lat' dir='ltr'><strong>Joannem,</strong></span> <span class='ocrx_word' id='word_1_271' title='bbox 1349 3741 1674 3795; x_wconf 85' lang='lat' dir='ltr'><strong>reverendos</strong></span> <span class='ocrx_word' id='word_1_272' title='bbox 1711 3741 2020 3815; x_wconf 87' lang='lat' dir='ltr'><strong>episcopos,</strong></span> <span class='ocrx_word' id='word_1_273' title='bbox 2052 3755 2154 3796; x_wconf 82' lang='lat' dir='ltr'><strong>nec</strong></span> 
     </span>
    </p>
   </div>
   <div class='ocr_carea' id='block_1_41' title="bbox 565 3825 2155 3901">
    <p class='ocr_par' dir='ltr' id='par_1_41' title="bbox 565 3825 2155 3901">
     <span class='ocr_line' id='line_1_41' title="bbox 565 3825 2155 3901; baseline 0.002 -19"><span class='ocrx_word' id='word_1_274' title='bbox 565 3830 670 3884; x_wconf 78' lang='lat' dir='ltr'><strong>non</strong></span> <span class='ocrx_word' id='word_1_275' title='bbox 721 3835 778 3883; x_wconf 90' lang='lat' dir='ltr'><strong>et</strong></span> <span class='ocrx_word' id='word_1_276' title='bbox 830 3825 1052 3883; x_wconf 86' lang='lat' dir='ltr'><strong>Petrum</strong></span> <span class='ocrx_word' id='word_1_277' title='bbox 1115 3827 1423 3900; x_wconf 81' lang='lat' dir='ltr'><strong>religiosum</strong></span> <span class='ocrx_word' id='word_1_278' title='bbox 1475 3831 1853 3901; x_wconf 83' lang='lat' dir='ltr'><strong>presbyterum</strong></span> <span class='ocrx_word' id='word_1_279' title='bbox 1914 3830 2155 3887; x_wconf 80' lang='lat' dir='ltr'><strong>cardinis</strong></span> 
     </span>
    </p>
   </div>
   <div class='ocr_carea' id='block_1_42' title="bbox 563 3919 2150 3995">
    <p class='ocr_par' dir='ltr' id='par_1_42' title="bbox 563 3919 2150 3995">
     <span class='ocr_line' id='line_1_42' title="bbox 563 3919 2150 3995; baseline 0.001 -19"><span class='ocrx_word' id='word_1_280' title='bbox 563 3920 759 3987; x_wconf 87' lang='lat' dir='ltr'><strong>nostri,</strong></span> <span class='ocrx_word' id='word_1_281' title='bbox 809 3919 1175 3991; x_wconf 85' lang='lat' dir='ltr'><strong>dilectumque</strong></span> <span class='ocrx_word' id='word_1_282' title='bbox 1217 3920 1537 3976; x_wconf 81' lang='lat' dir='ltr'><strong>familiarem</strong></span> <span class='ocrx_word' id='word_1_283' title='bbox 1568 3928 1838 3995; x_wconf 84' lang='lat' dir='ltr'><strong>nostrum,</strong></span> <span class='ocrx_word' id='word_1_284' title='bbox 1869 3937 1968 3993; x_wconf 89' lang='lat' dir='ltr'><strong>pro</strong></span> <span class='ocrx_word' id='word_1_285' title='bbox 1994 3921 2150 3993; x_wconf 89' lang='lat' dir='ltr'><strong>prin-</strong></span> 
     </span>
    </p>
   </div>
   <div class='ocr_carea' id='block_1_43' title="bbox 561 4008 2156 4083">
    <p class='ocr_par' dir='ltr' id='par_1_43' title="bbox 561 4008 2156 4083">
     <span class='ocr_line' id='line_1_43' title="bbox 561 4008 2156 4083; baseline 0.003 -18"><span class='ocrx_word' id='word_1_286' title='bbox 561 4010 741 4082; x_wconf 87' lang='lat' dir='ltr'><strong>cipum</strong></span> <span class='ocrx_word' id='word_1_287' title='bbox 799 4010 1167 4082; x_wconf 87' lang='lat' dir='ltr'><strong>apostolorum</strong></span> <span class='ocrx_word' id='word_1_288' title='bbox 1216 4008 1576 4067; x_wconf 74' lang='lat' dir='ltr'><strong>abeuntibus</strong></span> <span class='ocrx_word' id='word_1_289' title='bbox 1620 4009 2156 4083; x_wconf 69' lang='lat' dir='ltr'><strong>prail‘erenda-reve-</strong></span> 
     </span>
    </p>
   </div>
   <div class='ocr_carea' id='block_1_44' title="bbox 566 4100 2154 4173">
    <p class='ocr_par' dir='ltr' id='par_1_44' title="bbox 566 4100 2154 4173">
     <span class='ocr_line' id='line_1_44' title="bbox 566 4100 2154 4173; baseline 0.001 -18"><span class='ocrx_word' id='word_1_290' title='bbox 566 4101 740 4157; x_wconf 88' lang='lat' dir='ltr'><strong>rentia</strong></span> <span class='ocrx_word' id='word_1_291' title='bbox 766 4110 823 4158; x_wconf 91' lang='lat' dir='ltr'><strong>et</strong></span> <span class='ocrx_word' id='word_1_292' title='bbox 846 4116 1050 4166; x_wconf 86' lang='lat' dir='ltr'><strong>amore,</strong></span> <span class='ocrx_word' id='word_1_293' title='bbox 1080 4102 1310 4173; x_wconf 83' lang='lat' dir='ltr'><strong>benigne</strong></span> <span class='ocrx_word' id='word_1_294' title='bbox 1335 4100 1624 4171; x_wconf 87' lang='lat' dir='ltr'><strong>suscipias,</strong></span> <span class='ocrx_word' id='word_1_295' title='bbox 1649 4110 1707 4158; x_wconf 89' lang='lat' dir='ltr'><strong>et</strong></span> <span class='ocrx_word' id='word_1_296' title='bbox 1733 4109 1921 4171; x_wconf 84' lang='lat' dir='ltr'><strong>utpote</strong></span> <span class='ocrx_word' id='word_1_297' title='bbox 1946 4116 1977 4155; x_wconf 87' lang='lat' dir='ltr'><strong>a</strong></span> <span class='ocrx_word' id='word_1_298' title='bbox 2004 4108 2154 4157; x_wconf 85' lang='lat' dir='ltr'><strong>tanta</strong></span> 
     </span>
    </p>
   </div>
   <div class='ocr_carea' id='block_1_45' title="bbox 564 4188 2151 4263">
    <p class='ocr_par' dir='ltr' id='par_1_45' title="bbox 564 4188 2151 4263">
     <span class='ocr_line' id='line_1_45' title="bbox 564 4188 2151 4263; baseline 0.001 -16"><span class='ocrx_word' id='word_1_299' title='bbox 564 4193 693 4250; x_wconf 81' lang='lat' dir='ltr'><strong>sede</strong></span> <span class='ocrx_word' id='word_1_300' title='bbox 725 4193 1016 4263; x_wconf 81' lang='lat' dir='ltr'><strong>digressos,</strong></span> <span class='ocrx_word' id='word_1_301' title='bbox 1041 4191 1340 4249; x_wconf 84' lang='lat' dir='ltr'><strong>honorifice</strong></span> <span class='ocrx_word' id='word_1_302' title='bbox 1364 4198 1609 4262; x_wconf 87' lang='lat' dir='ltr'><strong>receptos</strong></span> <span class='ocrx_word' id='word_1_303' title='bbox 1630 4190 1800 4248; x_wconf 89' lang='lat' dir='ltr'><strong>colas.</strong></span> <span class='ocrx_word' id='word_1_304' title='bbox 1822 4188 1961 4261; x_wconf 78' lang='lat' dir='ltr'><strong>Ipsis</strong></span> <span class='ocrx_word' id='word_1_305' title='bbox 1985 4190 2151 4256; x_wconf 88' lang='lat' dir='ltr'><strong>enim,</strong></span> 
     </span>
    </p>
   </div>
   <div class='ocr_carea' id='block_1_46' title="bbox 520 4270 2158 4355">
    <p class='ocr_par' dir='ltr' id='par_1_46' title="bbox 520 4270 2158 4355">
     <span class='ocr_line' id='line_1_46' title="bbox 520 4270 2158 4355; baseline -0.001 -18"><span class='ocrx_word' id='word_1_306' title='bbox 520 4311 524 4315; x_wconf 93' lang='lat'><strong><em>-</em></strong></span> <span class='ocrx_word' id='word_1_307' title='bbox 563 4299 686 4355; x_wconf 64' lang='lat' dir='ltr'><strong>qua:</strong></span> <span class='ocrx_word' id='word_1_308' title='bbox 729 4270 925 4355; x_wconf 80' lang='lat' dir='ltr'><strong>pagina</strong></span> <span class='ocrx_word' id='word_1_309' title='bbox 971 4285 1214 4348; x_wconf 87' lang='lat' dir='ltr'><strong>reticuit,</strong></span> <span class='ocrx_word' id='word_1_310' title='bbox 1270 4284 1366 4339; x_wconf 88' lang='lat' dir='ltr'><strong>tibi</strong></span> <span class='ocrx_word' id='word_1_311' title='bbox 1412 4281 1641 4341; x_wconf 86' lang='lat' dir='ltr'><strong>dicenda</strong></span> <span class='ocrx_word' id='word_1_312' title='bbox 1683 4280 2058 4352; x_wconf 78' lang='lat' dir='ltr'><strong>injunximus:</strong></span> <span class='ocrx_word' id='word_1_313' title='bbox 2098 4290 2158 4337; x_wconf 89' lang='lat' dir='ltr'><strong>et</strong></span> 
     </span>
    </p>
   </div>
   <div class='ocr_carea' id='block_1_47' title="bbox 566 4370 2156 4447">
    <p class='ocr_par' dir='ltr' id='par_1_47' title="bbox 566 4370 2156 4447">
     <span class='ocr_line' id='line_1_47' title="bbox 566 4370 2156 4447; baseline -0.005 -13"><span class='ocrx_word' id='word_1_314' title='bbox 566 4378 689 4434; x_wconf 84' lang='lat' dir='ltr'><strong>ideo</strong></span> <span class='ocrx_word' id='word_1_315' title='bbox 718 4375 981 4447; x_wconf 87' lang='lat' dir='ltr'><strong>quidquid</strong></span> <span class='ocrx_word' id='word_1_316' title='bbox 1004 4376 1331 4439; x_wconf 85' lang='lat' dir='ltr'><strong>verbotenus</strong></span> <span class='ocrx_word' id='word_1_317' title='bbox 1353 4373 1727 4445; x_wconf 78' lang='lat' dir='ltr'><strong>cxposuerint,</strong></span> <span class='ocrx_word' id='word_1_318' title='bbox 1753 4374 1873 4429; x_wconf 90' lang='lat' dir='ltr'><strong>sine</strong></span> <span class='ocrx_word' id='word_1_319' title='bbox 1897 4370 2156 4442; x_wconf 83' lang='lat' dir='ltr'><strong>scrupulo</strong></span> 
     </span>
    </p>
   </div>
   <div class='ocr_carea' id='block_1_48' title="bbox 563 4463 2157 4539">
    <p class='ocr_par' dir='ltr' id='par_1_48' title="bbox 563 4463 2157 4539">
     <span class='ocr_line' id='line_1_48' title="bbox 563 4463 2157 4539; baseline -0.002 -19"><span class='ocrx_word' id='word_1_320' title='bbox 563 4482 792 4539; x_wconf 87' lang='lat' dir='ltr'><strong>prorsus</strong></span> <span class='ocrx_word' id='word_1_321' title='bbox 815 4466 1078 4523; x_wconf 87' lang='lat' dir='ltr'><strong>admitte:</strong></span> <span class='ocrx_word' id='word_1_322' title='bbox 1104 4473 1159 4521; x_wconf 91' lang='lat' dir='ltr'><strong>et</strong></span> <span class='ocrx_word' id='word_1_323' title='bbox 1196 4473 1256 4521; x_wconf 92' lang='lat' dir='ltr'><strong>ut</strong></span> <span class='ocrx_word' id='word_1_324' title='bbox 1295 4463 1541 4522; x_wconf 82' lang='lat' dir='ltr'><strong>ellicaces</strong></span> <span class='ocrx_word' id='word_1_325' title='bbox 1572 4464 1651 4529; x_wconf 71' lang='lat' dir='ltr'><strong>ad</strong></span> <span class='ocrx_word' id='word_1_326' title='bbox 1688 4478 1788 4520; x_wconf 81' lang='lat' dir='ltr'><strong>nos</strong></span> <span class='ocrx_word' id='word_1_327' title='bbox 1818 4464 2017 4520; x_wconf 88' lang='lat' dir='ltr'><strong>reverti</strong></span> <span class='ocrx_word' id='word_1_328' title='bbox 2065 4478 2157 4517; x_wconf 87' lang='lat' dir='ltr'><strong>va-</strong></span> 
     </span>
    </p>
   </div>
   <div class='ocr_carea' id='block_1_49' title="bbox 470 4550 2151 4646">
    <p class='ocr_par' dir='ltr' id='par_1_49' title="bbox 470 4550 2151 4646">
     <span class='ocr_line' id='line_1_49' title="bbox 470 4550 2151 4646; baseline -0.003 -35"><span class='ocrx_word' id='word_1_329' title='bbox 470 4582 481 4593; x_wconf 72' lang='grc' dir='ltr'>ν</span> <span class='ocrx_word' id='word_1_330' title='bbox 567 4559 731 4621; x_wconf 81' lang='lat' dir='ltr'><strong>lea’nt,</strong></span> <span class='ocrx_word' id='word_1_331' title='bbox 779 4556 1107 4646; x_wconf 58' lang='lat' dir='ltr'><strong>omnimodis</strong></span> <span class='ocrx_word' id='word_1_332' title='bbox 1141 4555 1327 4627; x_wconf 81' lang='lat' dir='ltr'><strong>vigila.</strong></span> <span class='ocrx_word' id='word_1_333' title='bbox 1371 4554 1636 4626; x_wconf 86' lang='lat' dir='ltr'><strong>Optamus</strong></span> <span class='ocrx_word' id='word_1_334' title='bbox 1658 4553 1889 4627; x_wconf 79' lang='lat' dir='ltr'><strong>gloriam</strong></span> <span class='ocrx_word' id='word_1_335' title='bbox 1921 4562 2069 4607; x_wconf 86' lang='lat' dir='ltr'><strong>tuam</strong></span> <span class='ocrx_word' id='word_1_336' title='bbox 2097 4550 2151 4607; x_wconf 89' lang='lat' dir='ltr'><strong>in</strong></span> 
     </span>
    </p>
   </div>
   <div class='ocr_carea' id='block_1_50' title="bbox 563 4620 2230 4718">
    <p class='ocr_par' dir='ltr' id='par_1_50' title="bbox 563 4620 2230 4718">
     <span class='ocr_line' id='line_1_50' title="bbox 563 4620 2230 4718; baseline -0.004 -16"><span class='ocrx_word' id='word_1_337' title='bbox 563 4620 782 4703; x_wconf 72' lang='lat' dir='ltr'><strong>Christo</strong></span> <span class='ocrx_word' id='word_1_338' title='bbox 815 4622 957 4702; x_wconf 61' lang='lat' dir='ltr'><strong>nunc</strong></span> <span class='ocrx_word' id='word_1_339' title='bbox 1000 4655 1054 4701; x_wconf 89' lang='lat' dir='ltr'><strong>et</strong></span> <span class='ocrx_word' id='word_1_340' title='bbox 1087 4620 1302 4718; x_wconf 70' lang='lat' dir='ltr'><strong>semper</strong></span> <span class='ocrx_word' id='word_1_341' title='bbox 1334 4620 1474 4703; x_wconf 77' lang='lat' dir='ltr'><strong>bene</strong></span> <span class='ocrx_word' id='word_1_342' title='bbox 1502 4620 1703 4703; x_wconf 72' lang='lat' dir='ltr'><strong>valere.</strong></span> <span class='ocrx_word' id='word_1_343' title='bbox 1735 4644 1869 4701; x_wconf 86' lang='lat' dir='ltr'><strong>Data</strong></span> <span class='ocrx_word' id='word_1_344' title='bbox 1902 4660 1932 4698; x_wconf 92' lang='lat' dir='ltr'><strong>v</strong></span> <span class='ocrx_word' id='word_1_345' title='bbox 1958 4641 2152 4700; x_wconf 77' lang='lat' dir='ltr'><strong>Kalcn-</strong></span> <span class='ocrx_word' id='word_1_346' title='bbox 2182 4620 2230 4681; x_wconf 81' lang='lat' dir='ltr'><strong>D</strong></span> 
     </span>
    </p>
   </div>
   <div class='ocr_carea' id='block_1_51' title="bbox 565 4743 1265 4811">
    <p class='ocr_par' dir='ltr' id='par_1_51' title="bbox 565 4743 1265 4811">
     <span class='ocr_line' id='line_1_51' title="bbox 565 4743 1265 4811; baseline -0.006 -12"><span class='ocrx_word' id='word_1_347' title='bbox 565 4745 662 4801; x_wconf 89' lang='lat' dir='ltr'><strong>das</strong></span> <span class='ocrx_word' id='word_1_348' title='bbox 681 4743 830 4811; x_wconf 88' lang='lat' dir='ltr'><strong>Julii,</strong></span> <span class='ocrx_word' id='word_1_349' title='bbox 862 4743 1157 4799; x_wconf 86' lang='lat' dir='ltr'><strong>indictione</strong></span> <span class='ocrx_word' id='word_1_350' title='bbox 1184 4758 1265 4799; x_wconf 87' lang='lat' dir='ltr'><strong>tu.</strong></span> 
     </span>
    </p>
   </div>
   <div class='ocr_carea' id='block_1_52' title="bbox 1278 4877 1447 4936">
    <p class='ocr_par' dir='ltr' id='par_1_52' title="bbox 1278 4877 1447 4936">
     <span class='ocr_line' id='line_1_52' title="bbox 1278 4877 1447 4936; baseline -0.024 0"><span class='ocrx_word' id='word_1_351' title='bbox 1278 4877 1447 4936; x_wconf 76' lang='lat' dir='ltr'><strong>XXV.</strong></span> 
     </span>
    </p>
   </div>
   <div class='ocr_carea' id='block_1_53' title="bbox 692 5008 2026 5058">
    <p class='ocr_par' dir='ltr' id='par_1_53' title="bbox 692 5008 2026 5058">
     <span class='ocr_line' id='line_1_53' title="bbox 692 5008 2026 5058; baseline -0.002 -7"><span class='ocrx_word' id='word_1_352' title='bbox 692 5011 761 5051; x_wconf 69' lang='lat' dir='ltr'><strong>AD</strong></span> <span class='ocrx_word' id='word_1_353' title='bbox 795 5008 1077 5051; x_wconf 68' lang='lat' dir='ltr'><strong>EPISCOPOS</strong></span> <span class='ocrx_word' id='word_1_354' title='bbox 1115 5010 1165 5050; x_wconf 78' lang='lat' dir='ltr'><strong>IN</strong></span> <span class='ocrx_word' id='word_1_355' title='bbox 1204 5008 1379 5052; x_wconf 73' lang='lat' dir='ltr'><strong>REGNO</strong></span> <span class='ocrx_word' id='word_1_356' title='bbox 1409 5009 2026 5058; x_wconf 62' lang='lat' dir='ltr'><strong>CAROLlCOﬁS‘I&#39;ITUTOS.</strong></span> 
     </span>
    </p>
   </div>
   <div class='ocr_carea' id='block_1_54' title="bbox 1173 5110 1561 5183">
    <p class='ocr_par' dir='ltr' id='par_1_54' title="bbox 1173 5110 1561 5183">
     <span class='ocr_line' id='line_1_54' title="bbox 1173 5110 1561 5183; baseline 0.003 -18"><span class='ocrx_word' id='word_1_357' title='bbox 1173 5111 1366 5183; x_wconf 78' lang='lat' dir='ltr'><strong>(Anno</strong></span> <span class='ocrx_word' id='word_1_358' title='bbox 1397 5110 1522 5167; x_wconf 84' lang='lat'><strong>870.</strong></span> <span class='ocrx_word' id='word_1_359' title='bbox 1542 5111 1561 5182; x_wconf 89' lang='lat'>)</span> 
     </span>
    </p>
   </div>
   <div class='ocr_carea' id='block_1_55' title="bbox 568 5224 2153 5301">
    <p class='ocr_par' dir='ltr' id='par_1_55' title="bbox 568 5224 2153 5301">
     <span class='ocr_line' id='line_1_55' title="bbox 568 5224 2153 5301; baseline -0.002 -18"><span class='ocrx_word' id='word_1_360' title='bbox 568 5227 635 5283; x_wconf 63' lang='lat' dir='ltr'><strong>lit</strong></span> <span class='ocrx_word' id='word_1_361' title='bbox 665 5243 834 5301; x_wconf 83' lang='lat' dir='ltr'><strong>regem</strong></span> <span class='ocrx_word' id='word_1_362' title='bbox 870 5237 1113 5301; x_wconf 80' lang='lat' dir='ltr'><strong>moneant</strong></span> <span class='ocrx_word' id='word_1_363' title='bbox 1136 5268 1150 5293; x_wconf 95' lang='lat'><strong>,</strong></span> <span class='ocrx_word' id='word_1_364' title='bbox 1190 5237 1254 5301; x_wconf 75' lang='lat' dir='ltr'><strong>nt</strong></span> <span class='ocrx_word' id='word_1_365' title='bbox 1277 5241 1309 5301; x_wconf 69' lang='grc' dir='ltr'><em>ᾳ</em></span> <span class='ocrx_word' id='word_1_366' title='bbox 1342 5241 1501 5297; x_wconf 83' lang='lat' dir='ltr'><strong>regno</strong></span> <span class='ocrx_word' id='word_1_367' title='bbox 1527 5224 1762 5301; x_wconf 68' lang='lat' dir='ltr'><strong>Lothai&#39;ii</strong></span> <span class='ocrx_word' id='word_1_368' title='bbox 1786 5225 2072 5291; x_wconf 78' lang='lat' dir='ltr'><strong>abstineat,</strong></span> <span class='ocrx_word' id='word_1_369' title='bbox 2105 5234 2153 5281; x_wconf 91' lang='lat' dir='ltr'><strong>et</strong></span> 
     </span>
    </p>
   </div>
   <div class='ocr_carea' id='block_1_56' title="bbox 955 5298 1728 5369">
    <p class='ocr_par' dir='ltr' id='par_1_56' title="bbox 955 5298 1728 5369">
     <span class='ocr_line' id='line_1_56' title="bbox 955 5298 1728 5369; baseline 0.001 -20"><span class='ocrx_word' id='word_1_370' title='bbox 955 5298 1152 5367; x_wconf 79' lang='lat' dir='ltr'><strong>legatos</strong></span> <span class='ocrx_word' id='word_1_371' title='bbox 1181 5298 1395 5369; x_wconf 79' lang='lat' dir='ltr'><strong>benigne</strong></span> <span class='ocrx_word' id='word_1_372' title='bbox 1417 5298 1728 5368; x_wconf 79' lang='lat' dir='ltr'><strong>suscipiant.</strong></span> 
     </span>
    </p>
   </div>
   <div class='ocr_carea' id='block_1_57' title="bbox 639 5428 2155 5498">
    <p class='ocr_par' dir='ltr' id='par_1_57' title="bbox 639 5428 2155 5498">
     <span class='ocr_line' id='line_1_57' title="bbox 639 5428 2155 5498; baseline 0.003 -16"><span class='ocrx_word' id='word_1_373' title='bbox 639 5430 917 5485; x_wconf 68' lang='lat' dir='ltr'><strong>ADRIASUS</strong></span> <span class='ocrx_word' id='word_1_374' title='bbox 940 5428 1229 5498; x_wconf 85' lang='lat' dir='ltr'><strong>cpiscopus</strong></span> <span class='ocrx_word' id='word_1_375' title='bbox 1247 5469 1263 5487; x_wconf 87' lang='lat'><strong>.</strong></span> <span class='ocrx_word' id='word_1_376' title='bbox 1307 5443 1499 5484; x_wconf 80' lang='lat' dir='ltr'><strong>servus</strong></span> <span class='ocrx_word' id='word_1_377' title='bbox 1522 5443 1800 5485; x_wconf 84' lang='lat' dir='ltr'><strong>servorum</strong></span> <span class='ocrx_word' id='word_1_378' title='bbox 1829 5428 1946 5495; x_wconf 87' lang='lat' dir='ltr'><strong>Dei,</strong></span> <span class='ocrx_word' id='word_1_379' title='bbox 1994 5445 2155 5486; x_wconf 80' lang='lat' dir='ltr'><strong>rere-</strong></span> 
     </span>
    </p>
   </div>
   <div class='ocr_carea' id='block_1_58' title="bbox 568 5499 2154 5556">
    <p class='ocr_par' dir='ltr' id='par_1_58' title="bbox 568 5499 2154 5556">
     <span class='ocr_line' id='line_1_58' title="bbox 568 5499 2154 5556; baseline -0.001 -2"><span class='ocrx_word' id='word_1_380' title='bbox 568 5500 892 5554; x_wconf 73' lang='lat' dir='ltr'><strong>reutissimis</strong></span> <span class='ocrx_word' id='word_1_381' title='bbox 932 5510 984 5554; x_wconf 83' lang='lat' dir='ltr'><strong>et</strong></span> <span class='ocrx_word' id='word_1_382' title='bbox 1018 5499 1378 5555; x_wconf 85' lang='lat' dir='ltr'><strong>sanctissimis</strong></span> <span class='ocrx_word' id='word_1_383' title='bbox 1424 5501 1792 5556; x_wconf 80' lang='lat' dir='ltr'><strong>conl‘ratribus</strong></span> <span class='ocrx_word' id='word_1_384' title='bbox 1834 5500 2037 5556; x_wconf 88' lang='lat' dir='ltr'><strong>nostris</strong></span> <span class='ocrx_word' id='word_1_385' title='bbox 2064 5516 2154 5554; x_wconf 87' lang='lat' dir='ltr'><strong>ar-</strong></span> 
     </span>
    </p>
   </div>
   <div class='ocr_carea' id='block_1_59' title="bbox 565 5568 2149 5643">
    <p class='ocr_par' dir='ltr' id='par_1_59' title="bbox 565 5568 2149 5643">
     <span class='ocr_line' id='line_1_59' title="bbox 565 5568 2149 5643; baseline 0.003 -20"><span class='ocrx_word' id='word_1_386' title='bbox 565 5570 924 5643; x_wconf 82' lang='lat' dir='ltr'><strong>chiepiscopis</strong></span> <span class='ocrx_word' id='word_1_387' title='bbox 971 5579 1026 5643; x_wconf 84' lang='lat' dir='ltr'><strong>et</strong></span> <span class='ocrx_word' id='word_1_388' title='bbox 1071 5569 1341 5640; x_wconf 83' lang='lat' dir='ltr'><strong>episcopis</strong></span> <span class='ocrx_word' id='word_1_389' title='bbox 1385 5570 1440 5625; x_wconf 92' lang='lat' dir='ltr'><strong>in</strong></span> <span class='ocrx_word' id='word_1_390' title='bbox 1492 5586 1660 5643; x_wconf 80' lang='lat' dir='ltr'><strong>regno</strong></span> <span class='ocrx_word' id='word_1_391' title='bbox 1710 5568 1889 5627; x_wconf 87' lang='lat' dir='ltr'><strong>Caroli</strong></span> <span class='ocrx_word' id='word_1_392' title='bbox 1933 5569 2149 5643; x_wconf 77' lang='lat' dir='ltr'><strong>gloriosi</strong></span> 
     </span>
    </p>
   </div>
   <div class='ocr_carea' id='block_1_60' title="bbox 571 5642 1170 5713">
    <p class='ocr_par' dir='ltr' id='par_1_60' title="bbox 571 5642 1170 5713">
     <span class='ocr_line' id='line_1_60' title="bbox 571 5642 1170 5713; baseline 0 -19"><span class='ocrx_word' id='word_1_393' title='bbox 571 5642 712 5713; x_wconf 76' lang='lat' dir='ltr'><strong>regis</strong></span> <span class='ocrx_word' id='word_1_394' title='bbox 739 5642 1071 5697; x_wconf 82' lang='lat' dir='ltr'><strong>constitutis.</strong></span> <span class='ocrx_word' id='word_1_395' title='bbox 1163 5650 1170 5656; x_wconf 84' lang='lat'><strong>&#39;</strong></span> 
     </span>
    </p>
   </div>
   <div class='ocr_carea' id='block_1_61' title="bbox 638 5756 2169 5829">
    <p class='ocr_par' dir='ltr' id='par_1_61' title="bbox 638 5756 2169 5829">
     <span class='ocr_line' id='line_1_61' title="bbox 638 5756 2169 5829; baseline -0.001 -18"><span class='ocrx_word' id='word_1_396' title='bbox 638 5756 820 5827; x_wconf 66' lang='lat' dir='ltr'><strong>.Nupcr</strong></span> <span class='ocrx_word' id='word_1_397' title='bbox 866 5757 1197 5825; x_wconf 65' lang='lat' dir='ltr'><strong>apostolatus</strong></span> <span class='ocrx_word' id='word_1_398' title='bbox 1262 5758 1432 5812; x_wconf 86' lang='lat' dir='ltr'><strong>nostri</strong></span> <span class='ocrx_word' id='word_1_399' title='bbox 1481 5756 1663 5812; x_wconf 85' lang='lat' dir='ltr'><strong>missis</strong></span> <span class='ocrx_word' id='word_1_400' title='bbox 1705 5767 1864 5825; x_wconf 87' lang='lat' dir='ltr'><strong>atque</strong></span> <span class='ocrx_word' id='word_1_401' title='bbox 1915 5757 2169 5829; x_wconf 2' lang='lat' dir='ltr'><strong>epistolis,</strong></span> 
     </span>
    </p>
   </div>
   <div class='ocr_carea' id='block_1_62' title="bbox 574 5850 2153 5919">
    <p class='ocr_par' dir='ltr' id='par_1_62' title="bbox 574 5850 2153 5919">
     <span class='ocr_line' id='line_1_62' title="bbox 574 5850 2153 5919; baseline 0.001 -15"><span class='ocrx_word' id='word_1_402' title='bbox 574 5850 928 5906; x_wconf 75' lang='lat' dir='ltr'><strong>ieierentiam</strong></span> <span class='ocrx_word' id='word_1_403' title='bbox 964 5861 1202 5909; x_wconf 81' lang='lat' dir='ltr'><strong>vestram</strong></span> <span class='ocrx_word' id='word_1_404' title='bbox 1240 5851 1536 5910; x_wconf 82' lang='lat' dir='ltr'><strong>salutiferis</strong></span> <span class='ocrx_word' id='word_1_405' title='bbox 1567 5851 2064 5919; x_wconf 69' lang='lat' dir='ltr'><strong>exhortationilms,</strong></span> <span class='ocrx_word' id='word_1_406' title='bbox 2099 5863 2153 5906; x_wconf 80' lang='grc' dir='ltr'>ιιι</span> 
     </span>
    </p>
   </div>
   <div class='ocr_carea' id='block_1_63' title="bbox 2257 621 3841 691">
    <p class='ocr_par' dir='ltr' id='par_1_63' title="bbox 2257 621 3841 691">
     <span class='ocr_line' id='line_1_63' title="bbox 2257 621 3841 691; baseline 0.009 -21"><span class='ocrx_word' id='word_1_407' title='bbox 2257 634 2353 674; x_wconf 91' lang='lat' dir='ltr'><strong>vos</strong></span> <span class='ocrx_word' id='word_1_408' title='bbox 2377 622 2639 691; x_wconf 90' lang='lat' dir='ltr'><strong>oportuit,</strong></span> <span class='ocrx_word' id='word_1_409' title='bbox 2670 621 3026 680; x_wconf 75' lang='lat' dir='ltr'><strong>fraternitatis</strong></span> <span class='ocrx_word' id='word_1_410' title='bbox 3056 623 3249 681; x_wconf 70' lang='lat' dir='ltr'><strong>affectu</strong></span> <span class='ocrx_word' id='word_1_411' title='bbox 3278 642 3388 682; x_wconf 87' lang='lat' dir='ltr'><strong>non</strong></span> <span class='ocrx_word' id='word_1_412' title='bbox 3418 625 3687 685; x_wconf 86' lang='lat' dir='ltr'><strong>immerito</strong></span> <span class='ocrx_word' id='word_1_413' title='bbox 3714 644 3841 686; x_wconf 85' lang='lat' dir='ltr'><strong>cor-</strong></span> 
     </span>
    </p>
   </div>
   <div class='ocr_carea' id='block_1_64' title="bbox 2257 704 3840 791">
    <p class='ocr_par' dir='ltr' id='par_1_64' title="bbox 2257 704 3840 791">
     <span class='ocr_line' id='line_1_64' title="bbox 2257 704 3840 791; baseline 0.006 -27"><span class='ocrx_word' id='word_1_414' title='bbox 2257 710 2539 783; x_wconf 89' lang='lat' dir='ltr'><strong>ripuimus.</strong></span> <span class='ocrx_word' id='word_1_415' title='bbox 2572 704 2684 770; x_wconf 88' lang='lat' dir='ltr'><strong>Sed</strong></span> <span class='ocrx_word' id='word_1_416' title='bbox 2719 723 2926 773; x_wconf 86' lang='lat' dir='ltr'><strong>tantum</strong></span> <span class='ocrx_word' id='word_1_417' title='bbox 2953 716 3248 787; x_wconf 87' lang='lat' dir='ltr'><strong>apostolica</strong></span> <span class='ocrx_word' id='word_1_418' title='bbox 3279 717 3480 775; x_wconf 86' lang='lat' dir='ltr'><strong>monita</strong></span> <span class='ocrx_word' id='word_1_419' title='bbox 3505 719 3840 791; x_wconf 84' lang='lat' dir='ltr'><strong>contempsi-</strong></span> 
     </span>
    </p>
   </div>
   <div class='ocr_carea' id='block_1_65' title="bbox 2254 801 3851 885">
    <p class='ocr_par' dir='ltr' id='par_1_65' title="bbox 2254 801 3851 885">
     <span class='ocr_line' id='line_1_65' title="bbox 2254 801 3851 885; baseline 0.006 -27"><span class='ocrx_word' id='word_1_420' title='bbox 2254 801 2376 868; x_wconf 91' lang='lat' dir='ltr'><strong>stis,</strong></span> <span class='ocrx_word' id='word_1_421' title='bbox 2401 813 2663 873; x_wconf 84' lang='lat' dir='ltr'><strong>quantum</strong></span> <span class='ocrx_word' id='word_1_422' title='bbox 2693 821 2796 862; x_wconf 87' lang='lat' dir='ltr'><strong>nec</strong></span> <span class='ocrx_word' id='word_1_423' title='bbox 2832 807 3034 862; x_wconf 87' lang='lat' dir='ltr'><strong>nostris</strong></span> <span class='ocrx_word' id='word_1_424' title='bbox 3067 807 3312 885; x_wconf 88' lang='lat' dir='ltr'><strong>epistolis</strong></span> <span class='ocrx_word' id='word_1_425' title='bbox 3340 810 3712 880; x_wconf 86' lang='lat' dir='ltr'><strong>respondistis,</strong></span> <span class='ocrx_word' id='word_1_426' title='bbox 3737 825 3851 867; x_wconf 78' lang='lat' dir='ltr'><strong>nee</strong></span> 
     </span>
    </p>
   </div>
   <div class='ocr_carea' id='block_1_66' title="bbox 2257 898 3844 979">
    <p class='ocr_par' dir='ltr' id='par_1_66' title="bbox 2257 898 3844 979">
     <span class='ocr_line' id='line_1_66' title="bbox 2257 898 3844 979; baseline 0.005 -28"><span class='ocrx_word' id='word_1_427' title='bbox 2257 912 2440 969; x_wconf 85' lang='lat' dir='ltr'><strong>regem</strong></span> <span class='ocrx_word' id='word_1_428' title='bbox 2466 907 2709 967; x_wconf 80' lang='lat' dir='ltr'><strong>vestrum</strong></span> <span class='ocrx_word' id='word_1_429' title='bbox 2750 898 3004 979; x_wconf 85' lang='lat' dir='ltr'><strong>Carolum</strong></span> <span class='ocrx_word' id='word_1_430' title='bbox 3032 917 3195 973; x_wconf 79' lang='lat' dir='ltr'><strong>grave</strong></span> <span class='ocrx_word' id='word_1_431' title='bbox 3222 902 3432 960; x_wconf 82' lang='lat' dir='ltr'><strong>facinus</strong></span> <span class='ocrx_word' id='word_1_432' title='bbox 3473 902 3844 959; x_wconf 85' lang='lat' dir='ltr'><strong>incurrentem</strong></span> 
     </span>
    </p>
   </div>
   <div class='ocr_carea' id='block_1_67' title="bbox 2254 983 3849 1064">
    <p class='ocr_par' dir='ltr' id='par_1_67' title="bbox 2254 983 3849 1064">
     <span class='ocr_line' id='line_1_67' title="bbox 2254 983 3849 1064; baseline 0.004 -22"><span class='ocrx_word' id='word_1_433' title='bbox 2254 987 2442 1059; x_wconf 89' lang='lat' dir='ltr'><strong>procul</strong></span> <span class='ocrx_word' id='word_1_434' title='bbox 2471 988 2633 1045; x_wconf 88' lang='lat' dir='ltr'><strong>dubio</strong></span> <span class='ocrx_word' id='word_1_435' title='bbox 2660 989 2927 1047; x_wconf 88' lang='lat' dir='ltr'><strong>doluistis.</strong></span> <span class='ocrx_word' id='word_1_436' title='bbox 2956 990 3172 1048; x_wconf 87' lang='lat' dir='ltr'><strong>Annon</strong></span> <span class='ocrx_word' id='word_1_437' title='bbox 3196 1007 3362 1064; x_wconf 84' lang='lat' dir='ltr'><strong>grave</strong></span> <span class='ocrx_word' id='word_1_438' title='bbox 3383 992 3561 1049; x_wconf 88' lang='lat' dir='ltr'><strong>scelus</strong></span> <span class='ocrx_word' id='word_1_439' title='bbox 3587 983 3849 1057; x_wconf 59' lang='lat' dir='ltr'><strong>incurrit,</strong></span> 
     </span>
    </p>
   </div>
   <div class='ocr_carea' id='block_1_68' title="bbox 2255 1078 3854 1150">
    <p class='ocr_par' dir='ltr' id='par_1_68' title="bbox 2255 1078 3854 1150">
     <span class='ocr_line' id='line_1_68' title="bbox 2255 1078 3854 1150; baseline 0.007 -19"><span class='ocrx_word' id='word_1_440' title='bbox 2255 1078 2473 1150; x_wconf 85' lang='lat' dir='ltr'><strong>quando</strong></span> <span class='ocrx_word' id='word_1_441' title='bbox 2491 1119 2507 1144; x_wconf 91' lang='lat'><strong>,</strong></span> <span class='ocrx_word' id='word_1_442' title='bbox 2537 1080 2676 1135; x_wconf 87' lang='lat' dir='ltr'><strong>sicut</strong></span> <span class='ocrx_word' id='word_1_443' title='bbox 2701 1081 3121 1138; x_wconf 71' lang='lat' dir='ltr'><strong>multi&#39;vestrum</strong></span> <span class='ocrx_word' id='word_1_444' title='bbox 3138 1093 3449 1150; x_wconf 88' lang='lat' dir='ltr'><strong>noverunt,</strong></span> <span class='ocrx_word' id='word_1_445' title='bbox 3494 1083 3578 1138; x_wconf 91' lang='lat' dir='ltr'><strong>sui</strong></span> <span class='ocrx_word' id='word_1_446' title='bbox 3604 1082 3854 1149; x_wconf 60' lang='lat' dir='ltr'><strong>oblitus...</strong></span> 
     </span>
    </p>
   </div>
   <div class='ocr_carea' id='block_1_69' title="bbox 2247 1165 3840 1245">
    <p class='ocr_par' dir='ltr' id='par_1_69' title="bbox 2247 1165 3840 1245">
     <span class='ocr_line' id='line_1_69' title="bbox 2247 1165 3840 1245; baseline 0.003 -21"><span class='ocrx_word' id='word_1_447' title='bbox 2247 1165 2626 1238; x_wconf 86' lang='lat' dir='ltr'><strong>jusjurandum</strong></span> <span class='ocrx_word' id='word_1_448' title='bbox 2648 1212 2663 1233; x_wconf 94' lang='lat'><strong>,</strong></span> <span class='ocrx_word' id='word_1_449' title='bbox 2691 1170 2837 1240; x_wconf 87' lang='lat' dir='ltr'><strong>quod</strong></span> <span class='ocrx_word' id='word_1_450' title='bbox 2860 1170 2993 1227; x_wconf 92' lang='lat' dir='ltr'><strong>olim</strong></span> <span class='ocrx_word' id='word_1_451' title='bbox 3020 1188 3143 1228; x_wconf 89' lang='lat' dir='ltr'><strong>cum</strong></span> <span class='ocrx_word' id='word_1_452' title='bbox 3183 1170 3444 1230; x_wconf 80' lang='lat' dir='ltr'><strong>fratribus</strong></span> <span class='ocrx_word' id='word_1_453' title='bbox 3470 1173 3584 1229; x_wconf 89' lang='lat' dir='ltr'><strong>suis</strong></span> <span class='ocrx_word' id='word_1_454' title='bbox 3606 1174 3840 1245; x_wconf 82' lang='lat' dir='ltr'><strong>pepigit,</strong></span> 
     </span>
    </p>
   </div>
   <div class='ocr_carea' id='block_1_70' title="bbox 2255 1256 3845 1334">
    <p class='ocr_par' dir='ltr' id='par_1_70' title="bbox 2255 1256 3845 1334">
     <span class='ocr_line' id='line_1_70' title="bbox 2255 1256 3845 1334; baseline 0.002 -19"><span class='ocrx_word' id='word_1_455' title='bbox 2255 1275 2365 1332; x_wconf 89' lang='lat' dir='ltr'><strong>quo</strong></span> <span class='ocrx_word' id='word_1_456' title='bbox 2414 1275 2575 1317; x_wconf 88' lang='lat' dir='ltr'><strong>nemo</strong></span> <span class='ocrx_word' id='word_1_457' title='bbox 2618 1260 2833 1317; x_wconf 89' lang='lat' dir='ltr'><strong>illorum</strong></span> <span class='ocrx_word' id='word_1_458' title='bbox 2879 1277 3105 1334; x_wconf 76' lang='lat' dir='ltr'><strong>regnum</strong></span> <span class='ocrx_word' id='word_1_459' title='bbox 3158 1256 3389 1321; x_wconf 86' lang='lat' dir='ltr'><strong>alterius</strong></span> <span class='ocrx_word' id='word_1_460' title='bbox 3440 1264 3720 1321; x_wconf 82' lang='lat' dir='ltr'><strong>invaderet</strong></span> <span class='ocrx_word' id='word_1_461' title='bbox 3760 1264 3845 1319; x_wconf 84' lang='lat' dir='ltr'><strong>vel</strong></span> 
     </span>
    </p>
   </div>
   <div class='ocr_carea' id='block_1_71' title="bbox 2259 1352 3849 1428">
    <p class='ocr_par' dir='ltr' id='par_1_71' title="bbox 2259 1352 3849 1428">
     <span class='ocr_line' id='line_1_71' title="bbox 2259 1352 3849 1428; baseline 0.003 -22"><span class='ocrx_word' id='word_1_462' title='bbox 2259 1360 2566 1421; x_wconf 84' lang='lat' dir='ltr'><strong>usurparet,</strong></span> <span class='ocrx_word' id='word_1_463' title='bbox 2590 1359 2654 1406; x_wconf 87' lang='lat' dir='ltr'><strong>ut</strong></span> <span class='ocrx_word' id='word_1_464' title='bbox 2686 1352 3098 1410; x_wconf 80' lang='lat' dir='ltr'><strong>evidentissime</strong></span> <span class='ocrx_word' id='word_1_465' title='bbox 3122 1354 3456 1424; x_wconf 82' lang='lat' dir='ltr'><strong>patefactum</strong></span> <span class='ocrx_word' id='word_1_466' title='bbox 3484 1364 3590 1420; x_wconf 84' lang='lat' dir='ltr'><strong>est,</strong></span> <span class='ocrx_word' id='word_1_467' title='bbox 3619 1371 3849 1428; x_wconf 77' lang='lat' dir='ltr'><strong>regnum</strong></span> 
     </span>
    </p>
   </div>
   <div class='ocr_carea' id='block_1_72' title="bbox 2257 1443 3848 1520">
    <p class='ocr_par' dir='ltr' id='par_1_72' title="bbox 2257 1443 3848 1520">
     <span class='ocr_line' id='line_1_72' title="bbox 2257 1443 3848 1520; baseline 0.004 -22"><span class='ocrx_word' id='word_1_468' title='bbox 2257 1443 2530 1515; x_wconf 87' lang='lat' dir='ltr'><strong>quondam</strong></span> <span class='ocrx_word' id='word_1_469' title='bbox 2580 1444 2829 1501; x_wconf 88' lang='lat' dir='ltr'><strong>Lotharii</strong></span> <span class='ocrx_word' id='word_1_470' title='bbox 2872 1446 3242 1519; x_wconf 88' lang='lat' dir='ltr'><strong>imperatoris,</strong></span> <span class='ocrx_word' id='word_1_471' title='bbox 3270 1448 3415 1520; x_wconf 85' lang='lat' dir='ltr'><strong>quod</strong></span> <span class='ocrx_word' id='word_1_472' title='bbox 3449 1446 3571 1519; x_wconf 89' lang='lat' dir='ltr'><strong>jure</strong></span> <span class='ocrx_word' id='word_1_473' title='bbox 3597 1447 3724 1505; x_wconf 88' lang='lat' dir='ltr'><strong>divo</strong></span> <span class='ocrx_word' id='word_1_474' title='bbox 3748 1449 3848 1505; x_wconf 85' lang='lat' dir='ltr'><strong>im-</strong></span> 
     </span>
    </p>
   </div>
   <div class='ocr_carea' id='block_1_73' title="bbox 2258 1536 3857 1615">
    <p class='ocr_par' dir='ltr' id='par_1_73' title="bbox 2258 1536 3857 1615">
     <span class='ocr_line' id='line_1_73' title="bbox 2258 1536 3857 1615; baseline 0.003 -25"><span class='ocrx_word' id='word_1_475' title='bbox 2258 1536 2498 1608; x_wconf 87' lang='lat' dir='ltr'><strong>peratori</strong></span> <span class='ocrx_word' id='word_1_476' title='bbox 2525 1537 2725 1615; x_wconf 88' lang='lat' dir='ltr'><strong>domno</strong></span> <span class='ocrx_word' id='word_1_477' title='bbox 2768 1537 3048 1599; x_wconf 82' lang='lat' dir='ltr'><strong>Ludovico</strong></span> <span class='ocrx_word' id='word_1_478' title='bbox 3074 1537 3187 1607; x_wconf 82' lang='lat' dir='ltr'><strong>lilio</strong></span> <span class='ocrx_word' id='word_1_479' title='bbox 3214 1537 3337 1609; x_wconf 87' lang='lat' dir='ltr'><strong>ejus</strong></span> <span class='ocrx_word' id='word_1_480' title='bbox 3363 1555 3579 1611; x_wconf 89' lang='lat' dir='ltr'><strong>semper</strong></span> <span class='ocrx_word' id='word_1_481' title='bbox 3601 1542 3857 1612; x_wconf 76' lang='lat' dir='ltr'><strong>Augusto</strong></span> 
     </span>
    </p>
   </div>
   <div class='ocr_carea' id='block_1_74' title="bbox 2258 1625 3861 1703">
    <p class='ocr_par' dir='ltr' id='par_1_74' title="bbox 2258 1625 3861 1703">
     <span class='ocr_line' id='line_1_74' title="bbox 2258 1625 3861 1703; baseline 0.004 -22"><span class='ocrx_word' id='word_1_482' title='bbox 2258 1625 2503 1693; x_wconf 86' lang='lat' dir='ltr'><strong>debetur,</strong></span> <span class='ocrx_word' id='word_1_483' title='bbox 2531 1628 2732 1698; x_wconf 89' lang='lat' dir='ltr'><strong>spretis</strong></span> <span class='ocrx_word' id='word_1_484' title='bbox 2774 1628 3103 1698; x_wconf 76' lang='lat' dir='ltr'><strong>iuramentis</strong></span> <span class='ocrx_word' id='word_1_485' title='bbox 3129 1630 3348 1697; x_wconf 82' lang='lat' dir='ltr'><strong>invasit,</strong></span> <span class='ocrx_word' id='word_1_486' title='bbox 3374 1639 3430 1687; x_wconf 91' lang='lat' dir='ltr'><strong>et</strong></span> <span class='ocrx_word' id='word_1_487' title='bbox 3453 1630 3677 1703; x_wconf 85' lang='lat' dir='ltr'><strong>perjurii</strong></span> <span class='ocrx_word' id='word_1_488' title='bbox 3705 1631 3861 1688; x_wconf 77' lang='lat' dir='ltr'><strong>inci-.</strong></span> 
     </span>
    </p>
   </div>
   <div class='ocr_carea' id='block_1_75' title="bbox 2258 1708 3848 1795">
    <p class='ocr_par' dir='ltr' id='par_1_75' title="bbox 2258 1708 3848 1795">
     <span class='ocr_line' id='line_1_75' title="bbox 2258 1708 3848 1795; baseline 0.005 -23"><span class='ocrx_word' id='word_1_489' title='bbox 2258 1716 2340 1773; x_wconf 89' lang='lat' dir='ltr'><strong>dit</strong></span> <span class='ocrx_word' id='word_1_490' title='bbox 2363 1719 2614 1774; x_wconf 87' lang='lat' dir='ltr'><strong>crimen?</strong></span> <span class='ocrx_word' id='word_1_491' title='bbox 2651 1718 2807 1779; x_wconf 86' lang='lat' dir='ltr'><strong>Unde</strong></span> <span class='ocrx_word' id='word_1_492' title='bbox 2853 1720 3011 1777; x_wconf 87' lang='lat' dir='ltr'><strong>valde</strong></span> <span class='ocrx_word' id='word_1_493' title='bbox 3052 1722 3338 1789; x_wconf 90' lang='lat' dir='ltr'><strong>miramur,-</strong></span> <span class='ocrx_word' id='word_1_494' title='bbox 3366 1708 3848 1795; x_wconf 74' lang='lat' dir='ltr'><strong>‘obstupescimus,</strong></span> 
     </span>
    </p>
   </div>
   <div class='ocr_carea' id='block_1_76' title="bbox 2259 1804 3851 1887">
    <p class='ocr_par' dir='ltr' id='par_1_76' title="bbox 2259 1804 3851 1887">
     <span class='ocr_line' id='line_1_76' title="bbox 2259 1804 3851 1887; baseline 0.003 -22"><span class='ocrx_word' id='word_1_495' title='bbox 2259 1816 2316 1865; x_wconf 90' lang='lat' dir='ltr'><strong>et</strong></span> <span class='ocrx_word' id='word_1_496' title='bbox 2342 1809 2616 1878; x_wconf 89' lang='lat' dir='ltr'><strong>dolemus,</strong></span> <span class='ocrx_word' id='word_1_497' title='bbox 2669 1818 2732 1887; x_wconf 87' lang='lat' dir='ltr'><strong>ut</strong></span> <span class='ocrx_word' id='word_1_498' title='bbox 2773 1811 2820 1867; x_wconf 87' lang='lat' dir='ltr'><strong>si</strong></span> <span class='ocrx_word' id='word_1_499' title='bbox 2846 1826 2946 1869; x_wconf 85' lang='lat' dir='ltr'><strong>vos</strong></span> <span class='ocrx_word' id='word_1_500' title='bbox 2967 1804 3130 1869; x_wconf 82' lang='lat' dir='ltr'><strong>fidem</strong></span> <span class='ocrx_word' id='word_1_501' title='bbox 3162 1812 3238 1868; x_wconf 81' lang='lat' dir='ltr'><strong>illi</strong></span> <span class='ocrx_word' id='word_1_502' title='bbox 3263 1813 3591 1887; x_wconf 84' lang='lat' dir='ltr'><strong>promisistis</strong></span> <span class='ocrx_word' id='word_1_503' title='bbox 3612 1855 3628 1881; x_wconf 94' lang='lat'><strong>,</strong></span> <span class='ocrx_word' id='word_1_504' title='bbox 3678 1829 3851 1886; x_wconf 85' lang='lat' dir='ltr'><strong>quare</strong></span> 
     </span>
    </p>
   </div>
   <div class='ocr_carea' id='block_1_77' title="bbox 2180 1884 3935 1979">
    <p class='ocr_par' dir='ltr' id='par_1_77' title="bbox 2180 1884 3935 1979">
     <span class='ocr_line' id='line_1_77' title="bbox 2180 1884 3935 1979; baseline 0.004 -23"><span class='ocrx_word' id='word_1_505' title='bbox 2180 1884 2226 1945; x_wconf 70' lang='grc' dir='ltr'><strong><em>Β</em></strong></span> <span class='ocrx_word' id='word_1_506' title='bbox 2255 1902 2606 1974; x_wconf 81' lang='lat' dir='ltr'><strong>vosmetipsos</strong></span> <span class='ocrx_word' id='word_1_507' title='bbox 2624 1884 2899 1975; x_wconf 71' lang='lat' dir='ltr'><strong>perditis...</strong></span> <span class='ocrx_word' id='word_1_508' title='bbox 2928 1911 2986 1960; x_wconf 89' lang='lat' dir='ltr'><strong>et</strong></span> <span class='ocrx_word' id='word_1_509' title='bbox 3013 1919 3124 1961; x_wconf 91' lang='lat' dir='ltr'><strong>non</strong></span> <span class='ocrx_word' id='word_1_510' title='bbox 3147 1884 3279 1962; x_wconf 80' lang='lat' dir='ltr'><strong>eum</strong></span> <span class='ocrx_word' id='word_1_511' title='bbox 3300 1905 3461 1961; x_wconf 90' lang='lat' dir='ltr'><strong>modo</strong></span> <span class='ocrx_word' id='word_1_512' title='bbox 3482 1884 3845 1979; x_wconf 80' lang='lat' dir='ltr'><strong>suggerendo,</strong></span> <span class='ocrx_word' id='word_1_513' title='bbox 3924 1974 3935 1979; x_wconf 19' lang='grc' dir='ltr'><em>Α</em></span> 
     </span>
    </p>
   </div>
   <div class='ocr_carea' id='block_1_78' title="bbox 2254 1993 3847 2068">
    <p class='ocr_par' dir='ltr' id='par_1_78' title="bbox 2254 1993 3847 2068">
     <span class='ocr_line' id='line_1_78' title="bbox 2254 1993 3847 2068; baseline 0.003 -20"><span class='ocrx_word' id='word_1_514' title='bbox 2254 1994 2416 2049; x_wconf 86' lang='lat' dir='ltr'><strong>modo</strong></span> <span class='ocrx_word' id='word_1_515' title='bbox 2458 1993 2588 2050; x_wconf 89' lang='lat' dir='ltr'><strong>illud</strong></span> <span class='ocrx_word' id='word_1_516' title='bbox 2613 2004 2707 2051; x_wconf 87' lang='lat' dir='ltr'><strong>aut</strong></span> <span class='ocrx_word' id='word_1_517' title='bbox 2747 1994 2878 2052; x_wconf 88' lang='lat' dir='ltr'><strong>illud</strong></span> <span class='ocrx_word' id='word_1_518' title='bbox 2920 1996 3274 2068; x_wconf 90' lang='lat' dir='ltr'><strong>opponendo,</strong></span> <span class='ocrx_word' id='word_1_519' title='bbox 3322 2005 3381 2052; x_wconf 88' lang='lat' dir='ltr'><strong>ut</strong></span> <span class='ocrx_word' id='word_1_520' title='bbox 3415 1997 3699 2068; x_wconf 87' lang='lat' dir='ltr'><strong>resipiscat</strong></span> <span class='ocrx_word' id='word_1_521' title='bbox 3740 1995 3847 2053; x_wconf 80' lang='lat' dir='ltr'><strong>cir-</strong></span> 
     </span>
    </p>
   </div>
   <div class='ocr_carea' id='block_1_79' title="bbox 2252 2085 3843 2159">
    <p class='ocr_par' dir='ltr' id='par_1_79' title="bbox 2252 2085 3843 2159">
     <span class='ocr_line' id='line_1_79' title="bbox 2252 2085 3843 2159; baseline 0.001 -18"><span class='ocrx_word' id='word_1_522' title='bbox 2252 2085 2579 2142; x_wconf 88' lang='lat' dir='ltr'><strong>cumvenitis</strong></span> <span class='ocrx_word' id='word_1_523' title='bbox 2604 2104 2618 2143; x_wconf 89' lang='lat'><strong>:</strong></span> <span class='ocrx_word' id='word_1_524' title='bbox 2647 2086 2777 2158; x_wconf 90' lang='lat' dir='ltr'><strong>quin</strong></span> <span class='ocrx_word' id='word_1_525' title='bbox 2807 2087 2988 2159; x_wconf 86' lang='lat' dir='ltr'><strong>potius</strong></span> <span class='ocrx_word' id='word_1_526' title='bbox 3014 2088 3170 2145; x_wconf 68' lang='lat' dir='ltr'><strong>vobis</strong></span> <span class='ocrx_word' id='word_1_527' title='bbox 3204 2087 3627 2156; x_wconf 52' lang='lat' dir='ltr'><strong>consenti‘endo,</strong></span> <span class='ocrx_word' id='word_1_528' title='bbox 3663 2096 3719 2145; x_wconf 88' lang='lat' dir='ltr'><strong>et</strong></span> <span class='ocrx_word' id='word_1_529' title='bbox 3743 2088 3843 2154; x_wconf 83' lang='lat' dir='ltr'><strong>illi,</strong></span> 
     </span>
    </p>
   </div>
   <div class='ocr_carea' id='block_1_80' title="bbox 2254 2170 3921 2253">
    <p class='ocr_par' dir='ltr' id='par_1_80' title="bbox 2254 2170 3921 2253">
     <span class='ocr_line' id='line_1_80' title="bbox 2254 2170 3921 2253; baseline 0.002 -18"><span class='ocrx_word' id='word_1_530' title='bbox 2254 2188 2367 2238; x_wconf 86' lang='lat' dir='ltr'><strong>tam</strong></span> <span class='ocrx_word' id='word_1_531' title='bbox 2393 2179 2733 2241; x_wconf 87' lang='lat' dir='ltr'><strong>detestabilia</strong></span> <span class='ocrx_word' id='word_1_532' title='bbox 2778 2180 3061 2246; x_wconf 85' lang='lat' dir='ltr'><strong>faciendo,</strong></span> <span class='ocrx_word' id='word_1_533' title='bbox 3113 2180 3260 2253; x_wconf 89' lang='lat' dir='ltr'><strong>quod</strong></span> <span class='ocrx_word' id='word_1_534' title='bbox 3296 2180 3468 2239; x_wconf 81' lang='lat' dir='ltr'><strong>vestri</strong></span> <span class='ocrx_word' id='word_1_535' title='bbox 3511 2196 3623 2238; x_wconf 88' lang='lat' dir='ltr'><strong>non</strong></span> <span class='ocrx_word' id='word_1_536' title='bbox 3667 2182 3847 2239; x_wconf 85' lang='lat' dir='ltr'><strong>fecere</strong></span> <span class='ocrx_word' id='word_1_537' title='bbox 3907 2170 3921 2184; x_wconf 78' lang='grc'><strong>’</strong></span> 
     </span>
    </p>
   </div>
   <div class='ocr_carea' id='block_1_81' title="bbox 2250 2272 3847 2346">
    <p class='ocr_par' dir='ltr' id='par_1_81' title="bbox 2250 2272 3847 2346">
     <span class='ocr_line' id='line_1_81' title="bbox 2250 2272 3847 2346; baseline 0.001 -19"><span class='ocrx_word' id='word_1_538' title='bbox 2250 2279 2528 2345; x_wconf 84' lang='lat' dir='ltr'><strong>parentes,</strong></span> <span class='ocrx_word' id='word_1_539' title='bbox 2558 2272 2860 2345; x_wconf 75' lang='lat' dir='ltr'><strong>gehennam</strong></span> <span class='ocrx_word' id='word_1_540' title='bbox 2887 2274 3111 2344; x_wconf 85' lang='lat' dir='ltr'><strong>paratis.</strong></span> <span class='ocrx_word' id='word_1_541' title='bbox 3156 2272 3419 2332; x_wconf 74' lang='lat' dir='ltr'><strong>Praefatus</strong></span> <span class='ocrx_word' id='word_1_542' title='bbox 3434 2274 3708 2346; x_wconf 85' lang='lat' dir='ltr'><strong>siquidem</strong></span> <span class='ocrx_word' id='word_1_543' title='bbox 3745 2275 3847 2329; x_wconf 78' lang='lat' dir='ltr'><strong>im-</strong></span> 
     </span>
    </p>
   </div>
   <div class='ocr_carea' id='block_1_82' title="bbox 2252 2363 3847 2437">
    <p class='ocr_par' dir='ltr' id='par_1_82' title="bbox 2252 2363 3847 2437">
     <span class='ocr_line' id='line_1_82' title="bbox 2252 2363 3847 2437; baseline 0.003 -19"><span class='ocrx_word' id='word_1_544' title='bbox 2252 2373 2495 2434; x_wconf 89' lang='lat' dir='ltr'><strong>perator,</strong></span> <span class='ocrx_word' id='word_1_545' title='bbox 2526 2372 2741 2422; x_wconf 87' lang='lat' dir='ltr'><strong>terrena</strong></span> <span class='ocrx_word' id='word_1_546' title='bbox 2769 2379 2934 2435; x_wconf 86' lang='lat' dir='ltr'><strong>regna</strong></span> <span class='ocrx_word' id='word_1_547' title='bbox 2959 2380 3064 2420; x_wconf 90' lang='lat' dir='ltr'><strong>non</strong></span> <span class='ocrx_word' id='word_1_548' title='bbox 3090 2365 3356 2433; x_wconf 88' lang='lat' dir='ltr'><strong>ambiens,</strong></span> <span class='ocrx_word' id='word_1_549' title='bbox 3398 2379 3495 2437; x_wconf 91' lang='lat' dir='ltr'><strong>pro</strong></span> <span class='ocrx_word' id='word_1_550' title='bbox 3524 2363 3847 2428; x_wconf 78' lang='lat' dir='ltr'><strong>liberatione</strong></span> 
     </span>
    </p>
   </div>
   <div class='ocr_carea' id='block_1_83' title="bbox 2202 2452 3923 2527">
    <p class='ocr_par' dir='ltr' id='par_1_83' title="bbox 2202 2452 3923 2527">
     <span class='ocr_line' id='line_1_83' title="bbox 2202 2452 3923 2527; baseline -0.005 -16"><span class='ocrx_word' id='word_1_551' title='bbox 2202 2522 2208 2527; x_wconf 39' lang='grc'><em>,</em></span> <span class='ocrx_word' id='word_1_552' title='bbox 2254 2452 2435 2524; x_wconf 84' lang='lat' dir='ltr'><strong>populi</strong></span> <span class='ocrx_word' id='word_1_553' title='bbox 2465 2454 2560 2509; x_wconf 89' lang='lat' dir='ltr'><strong>Dei</strong></span> <span class='ocrx_word' id='word_1_554' title='bbox 2587 2453 2775 2511; x_wconf 87' lang='lat' dir='ltr'><strong>multis</strong></span> <span class='ocrx_word' id='word_1_555' title='bbox 2795 2453 3076 2511; x_wconf 89' lang='lat' dir='ltr'><strong>laboribus</strong></span> <span class='ocrx_word' id='word_1_556' title='bbox 3102 2454 3379 2527; x_wconf 86' lang='lat' dir='ltr'><strong>fatigatus,</strong></span> <span class='ocrx_word' id='word_1_557' title='bbox 3404 2454 3762 2526; x_wconf 80' lang='lat' dir='ltr'><strong>triumphales</strong></span> <span class='ocrx_word' id='word_1_558' title='bbox 3790 2454 3844 2509; x_wconf 87' lang='lat' dir='ltr'><strong>in</strong></span> <span class='ocrx_word' id='word_1_559' title='bbox 3918 2496 3923 2503; x_wconf 93' lang='lat'><strong>.</strong></span> 
     </span>
    </p>
   </div>
   <div class='ocr_carea' id='block_1_84' title="bbox 2254 2534 3840 2619">
    <p class='ocr_par' dir='ltr' id='par_1_84' title="bbox 2254 2534 3840 2619">
     <span class='ocr_line' id='line_1_84' title="bbox 2254 2534 3840 2619; baseline -0.002 -17"><span class='ocrx_word' id='word_1_560' title='bbox 2254 2545 2684 2603; x_wconf 87' lang='lat' dir='ltr'><strong>Sarracenorum</strong></span> <span class='ocrx_word' id='word_1_561' title='bbox 2712 2534 2958 2603; x_wconf 86' lang='lat' dir='ltr'><strong>cervices</strong></span> <span class='ocrx_word' id='word_1_562' title='bbox 2986 2546 3169 2619; x_wconf 88' lang='lat' dir='ltr'><strong>potius</strong></span> <span class='ocrx_word' id='word_1_563' title='bbox 3198 2562 3415 2613; x_wconf 84' lang='lat' dir='ltr'><strong>manus,</strong></span> <span class='ocrx_word' id='word_1_564' title='bbox 3442 2562 3603 2617; x_wconf 87' lang='lat' dir='ltr'><strong>quam</strong></span> <span class='ocrx_word' id='word_1_565' title='bbox 3632 2547 3686 2603; x_wconf 89' lang='lat' dir='ltr'><strong>in</strong></span> <span class='ocrx_word' id='word_1_566' title='bbox 3717 2562 3840 2607; x_wconf 84' lang='lat' dir='ltr'><strong>eum</strong></span> 
     </span>
    </p>
   </div>
   <div class='ocr_carea' id='block_1_85' title="bbox 2255 2635 3842 2709">
    <p class='ocr_par' dir='ltr' id='par_1_85' title="bbox 2255 2635 3842 2709">
     <span class='ocr_line' id='line_1_85' title="bbox 2255 2635 3842 2709; baseline 0.001 -18"><span class='ocrx_word' id='word_1_567' title='bbox 2255 2652 2480 2708; x_wconf 80' lang='lat' dir='ltr'><strong>regnum</strong></span> <span class='ocrx_word' id='word_1_568' title='bbox 2519 2652 2679 2693; x_wconf 89' lang='lat' dir='ltr'><strong>suum</strong></span> <span class='ocrx_word' id='word_1_569' title='bbox 2724 2635 2999 2695; x_wconf 88' lang='lat' dir='ltr'><strong>tollentem</strong></span> <span class='ocrx_word' id='word_1_570' title='bbox 3040 2636 3311 2694; x_wconf 77' lang='lat' dir='ltr'><strong>extendit.</strong></span> <span class='ocrx_word' id='word_1_571' title='bbox 3363 2637 3561 2694; x_wconf 76' lang='lat' dir='ltr'><strong>Redite</strong></span> <span class='ocrx_word' id='word_1_572' title='bbox 3603 2652 3736 2709; x_wconf 84' lang='lat' dir='ltr'><strong>ergo</strong></span> <span class='ocrx_word' id='word_1_573' title='bbox 3774 2637 3842 2692; x_wconf 86' lang='lat' dir='ltr'><strong>ad</strong></span> 
     </span>
    </p>
   </div>
   <div class='ocr_carea' id='block_1_86' title="bbox 2255 2726 3859 2799">
    <p class='ocr_par' dir='ltr' id='par_1_86' title="bbox 2255 2726 3859 2799">
     <span class='ocr_line' id='line_1_86' title="bbox 2255 2726 3859 2799; baseline 0.002 -20"><span class='ocrx_word' id='word_1_574' title='bbox 2255 2741 2370 2789; x_wconf 79' lang='lat' dir='ltr'><strong>vos,</strong></span> <span class='ocrx_word' id='word_1_575' title='bbox 2399 2726 2771 2799; x_wconf 87' lang='lat' dir='ltr'><strong>dilectissimi,</strong></span> <span class='ocrx_word' id='word_1_576' title='bbox 2815 2735 2871 2783; x_wconf 86' lang='lat' dir='ltr'><strong>et</strong></span> <span class='ocrx_word' id='word_1_577' title='bbox 2914 2736 2976 2783; x_wconf 89' lang='lat' dir='ltr'><strong>ut</strong></span> <span class='ocrx_word' id='word_1_578' title='bbox 3005 2727 3134 2783; x_wconf 91' lang='lat' dir='ltr'><strong>olim</strong></span> <span class='ocrx_word' id='word_1_579' title='bbox 3162 2726 3368 2783; x_wconf 70' lang='lat' dir='ltr'><strong>hedera</strong></span> <span class='ocrx_word' id='word_1_580' title='bbox 3406 2727 3549 2784; x_wconf 87' lang='lat' dir='ltr'><strong>inter</strong></span> <span class='ocrx_word' id='word_1_581' title='bbox 3574 2727 3859 2785; x_wconf 82' lang='lat' dir='ltr'><strong>seniorem</strong></span> 
     </span>
    </p>
   </div>
   <div class='ocr_carea' id='block_1_87' title="bbox 2255 2815 3841 2891">
    <p class='ocr_par' dir='ltr' id='par_1_87' title="bbox 2255 2815 3841 2891">
     <span class='ocr_line' id='line_1_87' title="bbox 2255 2815 3841 2891; baseline 0 -18"><span class='ocrx_word' id='word_1_582' title='bbox 2255 2827 2517 2885; x_wconf 88' lang='lat' dir='ltr'><strong>vestrum,</strong></span> <span class='ocrx_word' id='word_1_583' title='bbox 2552 2817 2859 2891; x_wconf 84' lang='lat' dir='ltr'><strong>fratresque</strong></span> <span class='ocrx_word' id='word_1_584' title='bbox 2884 2819 3031 2875; x_wconf 87' lang='lat' dir='ltr'><strong>illius</strong></span> <span class='ocrx_word' id='word_1_585' title='bbox 3047 2859 3063 2887; x_wconf 92' lang='lat'><strong>,</strong></span> <span class='ocrx_word' id='word_1_586' title='bbox 3091 2833 3239 2876; x_wconf 83' lang='lat' dir='ltr'><strong>cum</strong></span> <span class='ocrx_word' id='word_1_587' title='bbox 3270 2815 3603 2889; x_wconf 75' lang='lat' dir='ltr'><strong>iuramentis</strong></span> <span class='ocrx_word' id='word_1_588' title='bbox 3627 2818 3806 2874; x_wconf 85' lang='lat' dir='ltr'><strong>habita</strong></span> <span class='ocrx_word' id='word_1_589' title='bbox 3826 2859 3841 2883; x_wconf 90' lang='lat'><strong>,</strong></span> 
     </span>
    </p>
   </div>
   <div class='ocr_carea' id='block_1_88' title="bbox 2254 2910 3849 2990">
    <p class='ocr_par' dir='ltr' id='par_1_88' title="bbox 2254 2910 3849 2990">
     <span class='ocr_line' id='line_1_88' title="bbox 2254 2910 3849 2990; baseline -0.001 -24"><span class='ocrx_word' id='word_1_590' title='bbox 2254 2911 2348 2967; x_wconf 85' lang='lat' dir='ltr'><strong>sed</strong></span> <span class='ocrx_word' id='word_1_591' title='bbox 2380 2911 2540 2990; x_wconf 85' lang='lat' dir='ltr'><strong>modo</strong></span> <span class='ocrx_word' id='word_1_592' title='bbox 2563 2922 2820 2984; x_wconf 86' lang='lat' dir='ltr'><strong>corrupta</strong></span> <span class='ocrx_word' id='word_1_593' title='bbox 2847 2912 3214 2969; x_wconf 86' lang='lat' dir='ltr'><strong>reformentur</strong></span> <span class='ocrx_word' id='word_1_594' title='bbox 3237 2953 3255 2977; x_wconf 94' lang='lat'><strong>,</strong></span> <span class='ocrx_word' id='word_1_595' title='bbox 3303 2911 3423 2968; x_wconf 82' lang='lat' dir='ltr'><strong>sine</strong></span> <span class='ocrx_word' id='word_1_596' title='bbox 3446 2910 3849 2969; x_wconf 83' lang='lat' dir='ltr'><strong>cessatiouibus</strong></span> 
     </span>
    </p>
   </div>
   <div class='ocr_carea' id='block_1_89' title="bbox 2254 2990 3844 3075">
    <p class='ocr_par' dir='ltr' id='par_1_89' title="bbox 2254 2990 3844 3075">
     <span class='ocr_line' id='line_1_89' title="bbox 2254 2990 3844 3075; baseline 0 -18"><span class='ocrx_word' id='word_1_597' title='bbox 2254 3004 2519 3060; x_wconf 86' lang='lat' dir='ltr'><strong>laborate.</strong></span> <span class='ocrx_word' id='word_1_598' title='bbox 2566 2996 2919 3062; x_wconf 82' lang='lat' dir='ltr'><strong>Commonete</strong></span> <span class='ocrx_word' id='word_1_599' title='bbox 2955 2990 3161 3075; x_wconf 77' lang='lat' dir='ltr'><strong>iugiter</strong></span> <span class='ocrx_word' id='word_1_600' title='bbox 3209 3000 3362 3059; x_wconf 79' lang='lat' dir='ltr'><strong>illum</strong></span> <span class='ocrx_word' id='word_1_601' title='bbox 3402 3002 3562 3075; x_wconf 79' lang='lat' dir='ltr'><strong>juxta</strong></span> <span class='ocrx_word' id='word_1_602' title='bbox 3602 3013 3844 3060; x_wconf 79' lang='lat' dir='ltr'><strong>vestrum</strong></span> 
     </span>
    </p>
   </div>
   <div class='ocr_carea' id='block_1_90' title="bbox 2253 3087 3844 3167">
    <p class='ocr_par' dir='ltr' id='par_1_90' title="bbox 2253 3087 3844 3167">
     <span class='ocr_line' id='line_1_90' title="bbox 2253 3087 3844 3167; baseline -0.001 -17"><span class='ocrx_word' id='word_1_603' title='bbox 2253 3094 2645 3157; x_wconf 83' lang='lat' dir='ltr'><strong>ministerium,</strong></span> <span class='ocrx_word' id='word_1_604' title='bbox 2693 3104 2749 3151; x_wconf 90' lang='lat' dir='ltr'><strong>et</strong></span> <span class='ocrx_word' id='word_1_605' title='bbox 2795 3103 2857 3151; x_wconf 90' lang='lat' dir='ltr'><strong>ut</strong></span> <span class='ocrx_word' id='word_1_606' title='bbox 2897 3093 3223 3167; x_wconf 86' lang='lat' dir='ltr'><strong>episcopalis</strong></span> <span class='ocrx_word' id='word_1_607' title='bbox 3267 3094 3323 3150; x_wconf 89' lang='lat' dir='ltr'><strong>in</strong></span> <span class='ocrx_word' id='word_1_608' title='bbox 3346 3095 3503 3151; x_wconf 88' lang='lat' dir='ltr'><strong>vobis</strong></span> <span class='ocrx_word' id='word_1_609' title='bbox 3545 3087 3844 3153; x_wconf 73' lang='lat' dir='ltr'><strong>non&#39;refri-</strong></span> 
     </span>
    </p>
   </div>
   <div class='ocr_carea' id='block_1_91' title="bbox 2254 3182 3846 3257">
    <p class='ocr_par' dir='ltr' id='par_1_91' title="bbox 2254 3182 3846 3257">
     <span class='ocr_line' id='line_1_91' title="bbox 2254 3182 3846 3257; baseline -0.003 -15"><span class='ocrx_word' id='word_1_610' title='bbox 2254 3192 2440 3257; x_wconf 80' lang='lat' dir='ltr'><strong>gescat</strong></span> <span class='ocrx_word' id='word_1_611' title='bbox 2463 3185 2726 3252; x_wconf 85' lang='lat' dir='ltr'><strong>eharitas,</strong></span> <span class='ocrx_word' id='word_1_612' title='bbox 2755 3185 3054 3257; x_wconf 87' lang='lat' dir='ltr'><strong>providcte.</strong></span> <span class='ocrx_word' id='word_1_613' title='bbox 3094 3182 3165 3239; x_wconf 84' lang='lat' dir='ltr'><strong>Et</strong></span> <span class='ocrx_word' id='word_1_614' title='bbox 3187 3183 3235 3240; x_wconf 88' lang='lat' dir='ltr'><strong>si</strong></span> <span class='ocrx_word' id='word_1_615' title='bbox 3260 3199 3389 3240; x_wconf 88' lang='lat' dir='ltr'><strong>eum</strong></span> <span class='ocrx_word' id='word_1_616' title='bbox 3425 3182 3635 3240; x_wconf 86' lang='lat' dir='ltr'><strong>salvum</strong></span> <span class='ocrx_word' id='word_1_617' title='bbox 3662 3184 3846 3239; x_wconf 83' lang='lat' dir='ltr'><strong>consi-</strong></span> 
     </span>
    </p>
   </div>
   <div class='ocr_carea' id='block_1_92' title="bbox 2257 3272 3847 3348">
    <p class='ocr_par' dir='ltr' id='par_1_92' title="bbox 2257 3272 3847 3348">
     <span class='ocr_line' id='line_1_92' title="bbox 2257 3272 3847 3348; baseline -0.003 -16"><span class='ocrx_word' id='word_1_618' title='bbox 2257 3285 2405 3333; x_wconf 89' lang='lat' dir='ltr'><strong>stere</strong></span> <span class='ocrx_word' id='word_1_619' title='bbox 2429 3274 2612 3341; x_wconf 86' lang='lat' dir='ltr'><strong>vultis,</strong></span> <span class='ocrx_word' id='word_1_620' title='bbox 2641 3282 2702 3329; x_wconf 91' lang='lat' dir='ltr'><strong>ut</strong></span> <span class='ocrx_word' id='word_1_621' title='bbox 2733 3274 2885 3348; x_wconf 81' lang='lat' dir='ltr'><strong>regni</strong></span> <span class='ocrx_word' id='word_1_622' title='bbox 2920 3272 3046 3344; x_wconf 85' lang='lat' dir='ltr'><strong>jura</strong></span> <span class='ocrx_word' id='word_1_623' title='bbox 3068 3273 3136 3329; x_wconf 88' lang='lat' dir='ltr'><strong>ad</strong></span> <span class='ocrx_word' id='word_1_624' title='bbox 3179 3288 3239 3329; x_wconf 88' lang='lat' dir='ltr'><strong>se</strong></span> <span class='ocrx_word' id='word_1_625' title='bbox 3267 3288 3374 3329; x_wconf 89' lang='lat' dir='ltr'><strong>non</strong></span> <span class='ocrx_word' id='word_1_626' title='bbox 3398 3272 3725 3344; x_wconf 85' lang='lat' dir='ltr'><strong>pertinentia</strong></span> <span class='ocrx_word' id='word_1_627' title='bbox 3754 3274 3847 3328; x_wconf 62' lang='lat' dir='ltr'><strong>deo</strong></span> 
     </span>
    </p>
   </div>
   <div class='ocr_carea' id='block_1_93' title="bbox 2259 3363 3842 3441">
    <p class='ocr_par' dir='ltr' id='par_1_93' title="bbox 2259 3363 3842 3441">
     <span class='ocr_line' id='line_1_93' title="bbox 2259 3363 3842 3441; baseline -0.004 -16"><span class='ocrx_word' id='word_1_628' title='bbox 2259 3371 2419 3425; x_wconf 86' lang='lat' dir='ltr'><strong>sistat</strong></span> <span class='ocrx_word' id='word_1_629' title='bbox 2454 3368 2777 3434; x_wconf 69' lang='lat' dir='ltr'><strong>invadere,</strong></span> <span class='ocrx_word' id='word_1_630' title='bbox 2859 3378 3160 3441; x_wconf 86' lang='lat' dir='ltr'><strong>opportune</strong></span> <span class='ocrx_word' id='word_1_631' title='bbox 3219 3363 3529 3439; x_wconf 87' lang='lat' dir='ltr'><strong>importune</strong></span> <span class='ocrx_word' id='word_1_632' title='bbox 3591 3364 3842 3433; x_wconf 76' lang='lat' dir='ltr'><strong>insistite,</strong></span> 
     </span>
    </p>
   </div>
   <div class='ocr_carea' id='block_1_94' title="bbox 2257 3457 3847 3541">
    <p class='ocr_par' dir='ltr' id='par_1_94' title="bbox 2257 3457 3847 3541">
     <span class='ocr_line' id='line_1_94' title="bbox 2257 3457 3847 3541; baseline -0.004 -24"><span class='ocrx_word' id='word_1_633' title='bbox 2257 3461 2449 3517; x_wconf 79' lang='lat' dir='ltr'><strong>Aliena</strong></span> <span class='ocrx_word' id='word_1_634' title='bbox 2476 3476 2585 3517; x_wconf 83' lang='lat' dir='ltr'><strong>non</strong></span> <span class='ocrx_word' id='word_1_635' title='bbox 2609 3459 2981 3541; x_wconf 69' lang='lat' dir='ltr'><strong>concupiscat,</strong></span> <span class='ocrx_word' id='word_1_636' title='bbox 3028 3457 3203 3515; x_wconf 82' lang='lat' dir='ltr'><strong>aliena</strong></span> <span class='ocrx_word' id='word_1_637' title='bbox 3229 3474 3338 3515; x_wconf 85' lang='lat' dir='ltr'><strong>non</strong></span> <span class='ocrx_word' id='word_1_638' title='bbox 3367 3457 3571 3528; x_wconf 83' lang='lat' dir='ltr'><strong>rapiat,</strong></span> <span class='ocrx_word' id='word_1_639' title='bbox 3618 3468 3674 3513; x_wconf 90' lang='lat' dir='ltr'><strong>et</strong></span> <span class='ocrx_word' id='word_1_640' title='bbox 3701 3458 3847 3527; x_wconf 84' lang='lat' dir='ltr'><strong>quod</strong></span> 
     </span>
    </p>
   </div>
   <div class='ocr_carea' id='block_1_95' title="bbox 2255 3547 3846 3623">
    <p class='ocr_par' dir='ltr' id='par_1_95' title="bbox 2255 3547 3846 3623">
     <span class='ocr_line' id='line_1_95' title="bbox 2255 3547 3846 3623; baseline -0.006 -12"><span class='ocrx_word' id='word_1_641' title='bbox 2255 3555 2357 3611; x_wconf 88' lang='lat' dir='ltr'><strong>sibi</strong></span> <span class='ocrx_word' id='word_1_642' title='bbox 2383 3564 2491 3610; x_wconf 84' lang='lat' dir='ltr'><strong>neu</strong></span> <span class='ocrx_word' id='word_1_643' title='bbox 2536 3551 2652 3608; x_wconf 88' lang='lat' dir='ltr'><strong>vult</strong></span> <span class='ocrx_word' id='word_1_644' title='bbox 2678 3552 2791 3607; x_wconf 78' lang='lat' dir='ltr'><strong>fieri</strong></span> <span class='ocrx_word' id='word_1_645' title='bbox 2814 3592 2829 3618; x_wconf 94' lang='lat'><strong>,</strong></span> <span class='ocrx_word' id='word_1_646' title='bbox 2872 3551 2964 3607; x_wconf 90' lang='lat' dir='ltr'><strong>alii</strong></span> <span class='ocrx_word' id='word_1_647' title='bbox 2986 3566 3214 3623; x_wconf 89' lang='lat' dir='ltr'><strong>prorsus</strong></span> <span class='ocrx_word' id='word_1_648' title='bbox 3240 3565 3348 3607; x_wconf 87' lang='lat' dir='ltr'><strong>non</strong></span> <span class='ocrx_word' id='word_1_649' title='bbox 3384 3549 3568 3607; x_wconf 85' lang='lat' dir='ltr'><strong>faciat.</strong></span> <span class='ocrx_word' id='word_1_650' title='bbox 3605 3547 3846 3605; x_wconf 79' lang='lat' dir='ltr'><strong>Rcmini-</strong></span> 
     </span>
    </p>
   </div>
   <div class='ocr_carea' id='block_1_96' title="bbox 2250 3632 3846 3715">
    <p class='ocr_par' dir='ltr' id='par_1_96' title="bbox 2250 3632 3846 3715">
     <span class='ocr_line' id='line_1_96' title="bbox 2250 3632 3846 3715; baseline -0.006 -12"><span class='ocrx_word' id='word_1_651' title='bbox 2250 3632 2445 3703; x_wconf 89' lang='lat' dir='ltr'><strong>scatur</strong></span> <span class='ocrx_word' id='word_1_652' title='bbox 2477 3644 2802 3715; x_wconf 66' lang='lat' dir='ltr'><strong>Scriptura:</strong></span> <span class='ocrx_word' id='word_1_653' title='bbox 2846 3643 3080 3699; x_wconf 88' lang='lat' dir='ltr'><strong>dicentis</strong></span> <span class='ocrx_word' id='word_1_654' title='bbox 3119 3659 3135 3697; x_wconf 90' lang='lat'><strong>:</strong></span> <span class='ocrx_word' id='word_1_655' title='bbox 3188 3641 3330 3708; x_wconf 73' lang='lat' dir='ltr'><strong>Non</strong></span> <span class='ocrx_word' id='word_1_656' title='bbox 3356 3638 3688 3710; x_wconf 72' lang='lat' dir='ltr'><strong>concupisces</strong></span> <span class='ocrx_word' id='word_1_657' title='bbox 3738 3657 3846 3695; x_wconf 70' lang='lat' dir='ltr'><strong>rem</strong></span> 
     </span>
    </p>
   </div>
   <div class='ocr_carea' id='block_1_97' title="bbox 2254 3732 3845 3808">
    <p class='ocr_par' dir='ltr' id='par_1_97' title="bbox 2254 3732 3845 3808">
     <span class='ocr_line' id='line_1_97' title="bbox 2254 3732 3845 3808; baseline -0.001 -19"><span class='ocrx_word' id='word_1_658' title='bbox 2254 3737 2483 3808; x_wconf 70' lang='lat' dir='ltr'><strong>proximi</strong></span> <span class='ocrx_word' id='word_1_659' title='bbox 2507 3736 2586 3791; x_wconf 82' lang='lat' dir='ltr'><strong>tui</strong></span> <span class='ocrx_word' id='word_1_660' title='bbox 2616 3735 2814 3808; x_wconf 78' lang='lat' dir='ltr'><strong>(Exod.</strong></span> <span class='ocrx_word' id='word_1_661' title='bbox 2838 3735 2977 3808; x_wconf 75' lang='lat' dir='ltr'><strong>xx);</strong></span> <span class='ocrx_word' id='word_1_662' title='bbox 3006 3742 3062 3792; x_wconf 88' lang='lat' dir='ltr'><strong>et</strong></span> <span class='ocrx_word' id='word_1_663' title='bbox 3093 3748 3344 3791; x_wconf 82' lang='lat' dir='ltr'><strong>rursum:</strong></span> <span class='ocrx_word' id='word_1_664' title='bbox 3377 3732 3571 3788; x_wconf 82' lang='lat' dir='ltr'><strong>Omnia</strong></span> <span class='ocrx_word' id='word_1_665' title='bbox 3589 3749 3845 3805; x_wconf 61' lang='lat' dir='ltr'><strong>quacun-</strong></span> 
     </span>
    </p>
   </div>
   <div class='ocr_carea' id='block_1_98' title="bbox 2252 3821 3837 3899">
    <p class='ocr_par' dir='ltr' id='par_1_98' title="bbox 2252 3821 3837 3899">
     <span class='ocr_line' id='line_1_98' title="bbox 2252 3821 3837 3899; baseline -0.004 -16"><span class='ocrx_word' id='word_1_666' title='bbox 2252 3844 2354 3899; x_wconf 77' lang='lat' dir='ltr'><strong>que</strong></span> <span class='ocrx_word' id='word_1_667' title='bbox 2384 3826 2538 3883; x_wconf 76' lang='lat' dir='ltr'><strong>vultis</strong></span> <span class='ocrx_word' id='word_1_668' title='bbox 2560 3836 2617 3882; x_wconf 84' lang='lat' dir='ltr'><strong>ut</strong></span> <span class='ocrx_word' id='word_1_669' title='bbox 2643 3827 2845 3897; x_wconf 76' lang='lat' dir='ltr'><strong>faciant</strong></span> <span class='ocrx_word' id='word_1_670' title='bbox 2872 3824 3013 3881; x_wconf 69' lang='lat' dir='ltr'><strong>vobis</strong></span> <span class='ocrx_word' id='word_1_671' title='bbox 3043 3825 3305 3899; x_wconf 75' lang='lat' dir='ltr'><strong>homines,</strong></span> <span class='ocrx_word' id='word_1_672' title='bbox 3351 3823 3534 3878; x_wconf 83' lang='lat' dir='ltr'><strong>eadem</strong></span> <span class='ocrx_word' id='word_1_673' title='bbox 3571 3832 3620 3878; x_wconf 87' lang='lat' dir='ltr'><strong>et</strong></span> <span class='ocrx_word' id='word_1_674' title='bbox 3642 3839 3732 3879; x_wconf 76' lang='lat' dir='ltr'><strong>eos</strong></span> <span class='ocrx_word' id='word_1_675' title='bbox 3756 3821 3837 3891; x_wconf 69' lang='grc' dir='ltr'><strong>[αι</strong></span> 
     </span>
    </p>
   </div>
   <div class='ocr_carea' id='block_1_99' title="bbox 2256 3916 3844 3991">
    <p class='ocr_par' dir='ltr' id='par_1_99' title="bbox 2256 3916 3844 3991">
     <span class='ocr_line' id='line_1_99' title="bbox 2256 3916 3844 3991; baseline -0.004 -15"><span class='ocrx_word' id='word_1_676' title='bbox 2256 3920 2356 3976; x_wconf 80' lang='lat' dir='ltr'><strong>rite</strong></span> <span class='ocrx_word' id='word_1_677' title='bbox 2378 3920 2486 3976; x_wconf 76' lang='lat' dir='ltr'><strong>illis</strong></span> <span class='ocrx_word' id='word_1_678' title='bbox 2514 3918 2730 3991; x_wconf 71' lang='lat' dir='ltr'><strong>(Matth.</strong></span> <span class='ocrx_word' id='word_1_679' title='bbox 2758 3916 2882 3991; x_wconf 83' lang='lat' dir='ltr'><strong>vn).</strong></span> <span class='ocrx_word' id='word_1_680' title='bbox 2932 3916 3042 3975; x_wconf 79' lang='lat' dir='ltr'><strong>Nos</strong></span> <span class='ocrx_word' id='word_1_681' title='bbox 3070 3917 3212 3973; x_wconf 90' lang='lat' dir='ltr'><strong>enim</strong></span> <span class='ocrx_word' id='word_1_682' title='bbox 3243 3931 3350 3972; x_wconf 91' lang='lat' dir='ltr'><strong>non</strong></span> <span class='ocrx_word' id='word_1_683' title='bbox 3373 3925 3583 3980; x_wconf 83' lang='lat' dir='ltr'><strong>tantum</strong></span> <span class='ocrx_word' id='word_1_684' title='bbox 3619 3930 3844 3987; x_wconf 83' lang='lat' dir='ltr'><strong>regnum</strong></span> 
     </span>
    </p>
   </div>
   <div class='ocr_carea' id='block_1_100' title="bbox 2255 4004 3846 4083">
    <p class='ocr_par' dir='ltr' id='par_1_100' title="bbox 2255 4004 3846 4083">
     <span class='ocr_line' id='line_1_100' title="bbox 2255 4004 3846 4083; baseline -0.006 -16"><span class='ocrx_word' id='word_1_685' title='bbox 2255 4012 2560 4082; x_wconf 90' lang='lat' dir='ltr'><strong>cuicunque</strong></span> <span class='ocrx_word' id='word_1_686' title='bbox 2588 4011 2857 4083; x_wconf 85' lang='lat' dir='ltr'><strong>augendo,</strong></span> <span class='ocrx_word' id='word_1_687' title='bbox 2881 4025 3046 4080; x_wconf 90' lang='lat' dir='ltr'><strong>quam</strong></span> <span class='ocrx_word' id='word_1_688' title='bbox 3071 4007 3338 4078; x_wconf 87' lang='lat' dir='ltr'><strong>justitiam</strong></span> <span class='ocrx_word' id='word_1_689' title='bbox 3368 4006 3716 4078; x_wconf 87' lang='lat' dir='ltr'><strong>requirendo,</strong></span> <span class='ocrx_word' id='word_1_690' title='bbox 3741 4004 3846 4061; x_wconf 87' lang='lat' dir='ltr'><strong>ista</strong></span> 
     </span>
    </p>
   </div>
   <div class='ocr_carea' id='block_1_101' title="bbox 2255 4094 3849 4177">
    <p class='ocr_par' dir='ltr' id='par_1_101' title="bbox 2255 4094 3849 4177">
     <span class='ocr_line' id='line_1_101' title="bbox 2255 4094 3849 4177; baseline -0.005 -18"><span class='ocrx_word' id='word_1_691' title='bbox 2255 4094 2659 4177; x_wconf 86' lang='lat' dir='ltr'><strong>prosequimur,</strong></span> <span class='ocrx_word' id='word_1_692' title='bbox 2701 4112 2759 4160; x_wconf 92' lang='lat' dir='ltr'><strong>et</strong></span> <span class='ocrx_word' id='word_1_693' title='bbox 2784 4119 2851 4160; x_wconf 90' lang='lat' dir='ltr'><strong>ne</strong></span> <span class='ocrx_word' id='word_1_694' title='bbox 2890 4103 3013 4175; x_wconf 87' lang='lat' dir='ltr'><strong>quis</strong></span> <span class='ocrx_word' id='word_1_695' title='bbox 3035 4117 3137 4175; x_wconf 87' lang='lat' dir='ltr'><strong>pro</strong></span> <span class='ocrx_word' id='word_1_696' title='bbox 3162 4099 3444 4171; x_wconf 83' lang='lat' dir='ltr'><strong>temporali</strong></span> <span class='ocrx_word' id='word_1_697' title='bbox 3481 4113 3705 4171; x_wconf 86' lang='lat' dir='ltr'><strong>regnum</strong></span> <span class='ocrx_word' id='word_1_698' title='bbox 3727 4112 3849 4167; x_wconf 62' lang='lat' dir='ltr'><strong>pero</strong></span> 
     </span>
    </p>
   </div>
   <div class='ocr_carea' id='block_1_102' title="bbox 2257 4188 3849 4262">
    <p class='ocr_par' dir='ltr' id='par_1_102' title="bbox 2257 4188 3849 4262">
     <span class='ocr_line' id='line_1_102' title="bbox 2257 4188 3849 4262; baseline -0.007 -8"><span class='ocrx_word' id='word_1_699' title='bbox 2257 4197 2357 4254; x_wconf 89' lang='lat' dir='ltr'><strong>dat</strong></span> <span class='ocrx_word' id='word_1_700' title='bbox 2383 4205 2666 4262; x_wconf 62' lang='lat' dir='ltr'><strong>aeternum,</strong></span> <span class='ocrx_word' id='word_1_701' title='bbox 2694 4211 2806 4252; x_wconf 89' lang='lat' dir='ltr'><strong>non</strong></span> <span class='ocrx_word' id='word_1_702' title='bbox 2833 4194 3073 4251; x_wconf 87' lang='lat' dir='ltr'><strong>indebite</strong></span> <span class='ocrx_word' id='word_1_703' title='bbox 3103 4201 3494 4250; x_wconf 85' lang='lat' dir='ltr'><strong>contestamur.</strong></span> <span class='ocrx_word' id='word_1_704' title='bbox 3535 4188 3692 4259; x_wconf 84' lang='lat' dir='ltr'><strong>Quod</strong></span> <span class='ocrx_word' id='word_1_705' title='bbox 3719 4188 3765 4244; x_wconf 88' lang='lat' dir='ltr'><strong>si</strong></span> <span class='ocrx_word' id='word_1_706' title='bbox 3790 4198 3849 4245; x_wconf 82' lang='lat' dir='ltr'><strong>et</strong></span> 
     </span>
    </p>
   </div>
   <div class='ocr_carea' id='block_1_103' title="bbox 2259 4280 3847 4350">
    <p class='ocr_par' dir='ltr' id='par_1_103' title="bbox 2259 4280 3847 4350">
     <span class='ocr_line' id='line_1_103' title="bbox 2259 4280 3847 4350; baseline -0.007 -4"><span class='ocrx_word' id='word_1_707' title='bbox 2259 4304 2409 4345; x_wconf 91' lang='lat' dir='ltr'><strong>nunc</strong></span> <span class='ocrx_word' id='word_1_708' title='bbox 2436 4288 2525 4345; x_wconf 88' lang='lat' dir='ltr'><strong>nis</strong></span> <span class='ocrx_word' id='word_1_709' title='bbox 2568 4286 2877 4344; x_wconf 87' lang='lat' dir='ltr'><strong>salubribus</strong></span> <span class='ocrx_word' id='word_1_710' title='bbox 2923 4284 3128 4341; x_wconf 89' lang='lat' dir='ltr'><strong>nostris</strong></span> <span class='ocrx_word' id='word_1_711' title='bbox 3167 4280 3640 4339; x_wconf 79' lang='lat' dir='ltr'><strong>exhortationibus</strong></span> <span class='ocrx_word' id='word_1_712' title='bbox 3684 4289 3847 4350; x_wconf 86' lang='lat' dir='ltr'><strong>atque</strong></span> 
     </span>
    </p>
   </div>
   <div class='ocr_carea' id='block_1_104' title="bbox 2253 4370 3849 4445">
    <p class='ocr_par' dir='ltr' id='par_1_104' title="bbox 2253 4370 3849 4445">
     <span class='ocr_line' id='line_1_104' title="bbox 2253 4370 3849 4445; baseline -0.006 -9"><span class='ocrx_word' id='word_1_713' title='bbox 2253 4378 2646 4436; x_wconf 82' lang='lat' dir='ltr'><strong>monitionibus</strong></span> <span class='ocrx_word' id='word_1_714' title='bbox 2687 4387 2797 4435; x_wconf 89' lang='lat' dir='ltr'><strong>tam</strong></span> <span class='ocrx_word' id='word_1_715' title='bbox 2840 4375 2954 4445; x_wconf 90' lang='lat' dir='ltr'><strong>jam</strong></span> <span class='ocrx_word' id='word_1_716' title='bbox 3001 4375 3144 4432; x_wconf 87' lang='lat' dir='ltr'><strong>fatus</strong></span> <span class='ocrx_word' id='word_1_717' title='bbox 3189 4390 3283 4430; x_wconf 78' lang='lat' dir='ltr'><strong>rex</strong></span> <span class='ocrx_word' id='word_1_718' title='bbox 3317 4370 3479 4443; x_wconf 84' lang='lat' dir='ltr'><strong>quam</strong></span> <span class='ocrx_word' id='word_1_719' title='bbox 3524 4387 3622 4428; x_wconf 90' lang='lat' dir='ltr'><strong>vos</strong></span> <span class='ocrx_word' id='word_1_720' title='bbox 3654 4386 3849 4444; x_wconf 86' lang='lat' dir='ltr'><strong>parere</strong></span> 
     </span>
    </p>
   </div>
   <div class='ocr_carea' id='block_1_105' title="bbox 2253 4463 3847 4542">
    <p class='ocr_par' dir='ltr' id='par_1_105' title="bbox 2253 4463 3847 4542">
     <span class='ocr_line' id='line_1_105' title="bbox 2253 4463 3847 4542; baseline -0.004 -17"><span class='ocrx_word' id='word_1_721' title='bbox 2253 4468 2727 4542; x_wconf 83' lang='lat' dir='ltr'><strong>contempseritis;</strong></span> <span class='ocrx_word' id='word_1_722' title='bbox 2777 4467 2972 4525; x_wconf 89' lang='lat' dir='ltr'><strong>scitote</strong></span> <span class='ocrx_word' id='word_1_723' title='bbox 3013 4467 3140 4540; x_wconf 84' lang='lat' dir='ltr'><strong>quia</strong></span> <span class='ocrx_word' id='word_1_724' title='bbox 3172 4464 3318 4523; x_wconf 87' lang='lat' dir='ltr'><strong>ducti</strong></span> <span class='ocrx_word' id='word_1_725' title='bbox 3348 4474 3585 4536; x_wconf 85' lang='lat' dir='ltr'><strong>paterno</strong></span> <span class='ocrx_word' id='word_1_726' title='bbox 3614 4463 3806 4521; x_wconf 64' lang='lat' dir='ltr'><strong>allecto</strong></span> <span class='ocrx_word' id='word_1_727' title='bbox 3828 4503 3847 4530; x_wconf 91' lang='lat'><strong>,</strong></span> 
     </span>
    </p>
   </div>
   <div class='ocr_carea' id='block_1_106' title="bbox 2256 4554 3845 4630">
    <p class='ocr_par' dir='ltr' id='par_1_106' title="bbox 2256 4554 3845 4630">
     <span class='ocr_line' id='line_1_106' title="bbox 2256 4554 3845 4630; baseline -0.003 -13"><span class='ocrx_word' id='word_1_728' title='bbox 2256 4560 2772 4630; x_wconf 88' lang='lat' dir='ltr'><strong>ferventissimoque</strong></span> <span class='ocrx_word' id='word_1_729' title='bbox 2802 4559 2920 4616; x_wconf 82' lang='lat' dir='ltr'><strong>zelo</strong></span> <span class='ocrx_word' id='word_1_730' title='bbox 2938 4558 3187 4629; x_wconf 70' lang='lat' dir='ltr'><strong>justitite,</strong></span> <span class='ocrx_word' id='word_1_731' title='bbox 3226 4558 3437 4622; x_wconf 88' lang='lat' dir='ltr'><strong>statim,</strong></span> <span class='ocrx_word' id='word_1_732' title='bbox 3477 4554 3698 4612; x_wconf 83' lang='lat' dir='ltr'><strong>Christo</strong></span> <span class='ocrx_word' id='word_1_733' title='bbox 3724 4557 3845 4627; x_wconf 79' lang='lat' dir='ltr'><strong>upi-</strong></span> 
     </span>
    </p>
   </div>
   <div class='ocr_carea' id='block_1_107' title="bbox 2257 4644 3850 4724">
    <p class='ocr_par' dir='ltr' id='par_1_107' title="bbox 2257 4644 3850 4724">
     <span class='ocr_line' id='line_1_107' title="bbox 2257 4644 3850 4724; baseline -0.003 -17"><span class='ocrx_word' id='word_1_734' title='bbox 2257 4652 2360 4709; x_wconf 76' lang='lat' dir='ltr'><strong>fice</strong></span> <span class='ocrx_word' id='word_1_735' title='bbox 2378 4694 2393 4717; x_wconf 94' lang='lat'><strong>,</strong></span> <span class='ocrx_word' id='word_1_736' title='bbox 2438 4660 2624 4724; x_wconf 84' lang='lat' dir='ltr'><strong>partes</strong></span> <span class='ocrx_word' id='word_1_737' title='bbox 2652 4651 2773 4707; x_wconf 84' lang='lat' dir='ltr'><strong>illas</strong></span> <span class='ocrx_word' id='word_1_738' title='bbox 2792 4649 3199 4721; x_wconf 88' lang='lat' dir='ltr'><strong>penetrabimus</strong></span> <span class='ocrx_word' id='word_1_739' title='bbox 3220 4691 3234 4713; x_wconf 92' lang='lat'><strong>,</strong></span> <span class='ocrx_word' id='word_1_740' title='bbox 3279 4660 3335 4704; x_wconf 89' lang='lat' dir='ltr'><strong>et</strong></span> <span class='ocrx_word' id='word_1_741' title='bbox 3364 4648 3420 4705; x_wconf 90' lang='lat' dir='ltr'><strong>in</strong></span> <span class='ocrx_word' id='word_1_742' title='bbox 3445 4644 3850 4718; x_wconf 86' lang='lat' dir='ltr'><strong>contemptores</strong></span> 
     </span>
    </p>
   </div>
   <div class='ocr_carea' id='block_1_108' title="bbox 2258 4740 3847 4816">
    <p class='ocr_par' dir='ltr' id='par_1_108' title="bbox 2258 4740 3847 4816">
     <span class='ocr_line' id='line_1_108' title="bbox 2258 4740 3847 4816; baseline -0.004 -19"><span class='ocrx_word' id='word_1_743' title='bbox 2258 4743 2475 4816; x_wconf 87' lang='lat' dir='ltr'><strong>dignam</strong></span> <span class='ocrx_word' id='word_1_744' title='bbox 2533 4742 2784 4798; x_wconf 89' lang='lat' dir='ltr'><strong>dabimus</strong></span> <span class='ocrx_word' id='word_1_745' title='bbox 2826 4740 3107 4797; x_wconf 89' lang='lat' dir='ltr'><strong>ultionem.</strong></span> <span class='ocrx_word' id='word_1_746' title='bbox 3170 4740 3455 4796; x_wconf 81' lang='lat' dir='ltr'><strong>Postremo</strong></span> <span class='ocrx_word' id='word_1_747' title='bbox 3516 4753 3847 4813; x_wconf 79' lang='lat' dir='ltr'><strong>magtmpere</strong></span> 
     </span>
    </p>
   </div>
   <div class='ocr_carea' id='block_1_109' title="bbox 2255 4829 3849 4904">
    <p class='ocr_par' dir='ltr' id='par_1_109' title="bbox 2255 4829 3849 4904">
     <span class='ocr_line' id='line_1_109' title="bbox 2255 4829 3849 4904; baseline -0.004 -13"><span class='ocrx_word' id='word_1_748' title='bbox 2255 4848 2667 4891; x_wconf 89' lang='lat' dir='ltr'><strong>commonemus</strong></span> <span class='ocrx_word' id='word_1_749' title='bbox 2714 4842 2775 4888; x_wconf 91' lang='lat' dir='ltr'><strong>ut</strong></span> <span class='ocrx_word' id='word_1_750' title='bbox 2815 4833 2918 4890; x_wconf 92' lang='lat' dir='ltr'><strong>hos</strong></span> <span class='ocrx_word' id='word_1_751' title='bbox 2946 4831 3282 4904; x_wconf 78' lang='lat' dir='ltr'><strong>apostolatus</strong></span> <span class='ocrx_word' id='word_1_752' title='bbox 3326 4830 3497 4886; x_wconf 88' lang='lat' dir='ltr'><strong>nostri</strong></span> <span class='ocrx_word' id='word_1_753' title='bbox 3544 4829 3849 4902; x_wconf 69' lang='lat' dir='ltr'><strong>puccipuos</strong></span> 
     </span>
    </p>
   </div>
   <div class='ocr_carea' id='block_1_110' title="bbox 2257 4919 3846 4993">
    <p class='ocr_par' dir='ltr' id='par_1_110' title="bbox 2257 4919 3846 4993">
     <span class='ocr_line' id='line_1_110' title="bbox 2257 4919 3846 4993; baseline -0.003 -13"><span class='ocrx_word' id='word_1_754' title='bbox 2257 4941 2477 4992; x_wconf 83' lang='lat' dir='ltr'><strong>missos,</strong></span> <span class='ocrx_word' id='word_1_755' title='bbox 2500 4924 2766 4982; x_wconf 87' lang='lat' dir='ltr'><strong>Joannem</strong></span> <span class='ocrx_word' id='word_1_756' title='bbox 2805 4923 3080 4988; x_wconf 80' lang='lat' dir='ltr'><strong>videlicet,</strong></span> <span class='ocrx_word' id='word_1_757' title='bbox 3110 4931 3272 4993; x_wconf 89' lang='lat' dir='ltr'><strong>atque</strong></span> <span class='ocrx_word' id='word_1_758' title='bbox 3294 4920 3540 4988; x_wconf 85' lang='lat' dir='ltr'><strong>Petrum,</strong></span> <span class='ocrx_word' id='word_1_759' title='bbox 3569 4936 3667 4978; x_wconf 86' lang='lat' dir='ltr'><strong>seu</strong></span> <span class='ocrx_word' id='word_1_760' title='bbox 3692 4919 3846 4976; x_wconf 79' lang='lat' dir='ltr'><strong>Wib—</strong></span> 
     </span>
    </p>
   </div>
   <div class='ocr_carea' id='block_1_111' title="bbox 2256 5014 3850 5085">
    <p class='ocr_par' dir='ltr' id='par_1_111' title="bbox 2256 5014 3850 5085">
     <span class='ocr_line' id='line_1_111' title="bbox 2256 5014 3850 5085; baseline -0.005 -12"><span class='ocrx_word' id='word_1_761' title='bbox 2256 5019 2455 5075; x_wconf 86' lang='lat' dir='ltr'><strong>bodum</strong></span> <span class='ocrx_word' id='word_1_762' title='bbox 2479 5026 2536 5074; x_wconf 91' lang='lat' dir='ltr'><strong>et</strong></span> <span class='ocrx_word' id='word_1_763' title='bbox 2561 5015 2826 5073; x_wconf 86' lang='lat' dir='ltr'><strong>Joannem</strong></span> <span class='ocrx_word' id='word_1_764' title='bbox 2848 5016 3175 5073; x_wconf 86' lang='lat' dir='ltr'><strong>reverendos</strong></span> <span class='ocrx_word' id='word_1_765' title='bbox 3195 5014 3501 5085; x_wconf 83' lang='lat' dir='ltr'><strong>episcopos.</strong></span> <span class='ocrx_word' id='word_1_766' title='bbox 3530 5027 3631 5070; x_wconf 88' lang='lat' dir='ltr'><strong>nec</strong></span> <span class='ocrx_word' id='word_1_767' title='bbox 3659 5029 3764 5066; x_wconf 90' lang='lat' dir='ltr'><strong>non</strong></span> <span class='ocrx_word' id='word_1_768' title='bbox 3791 5019 3850 5065; x_wconf 88' lang='lat' dir='ltr'><strong>et</strong></span> 
     </span>
    </p>
   </div>
   <div class='ocr_carea' id='block_1_112' title="bbox 2257 5103 3847 5181">
    <p class='ocr_par' dir='ltr' id='par_1_112' title="bbox 2257 5103 3847 5181">
     <span class='ocr_line' id='line_1_112' title="bbox 2257 5103 3847 5181; baseline -0.007 -13"><span class='ocrx_word' id='word_1_769' title='bbox 2257 5110 2477 5168; x_wconf 87' lang='lat' dir='ltr'><strong>Petrum</strong></span> <span class='ocrx_word' id='word_1_770' title='bbox 2502 5109 2812 5180; x_wconf 83' lang='lat' dir='ltr'><strong>religiosum</strong></span> <span class='ocrx_word' id='word_1_771' title='bbox 2841 5108 3215 5181; x_wconf 80' lang='lat' dir='ltr'><strong>presbyterum</strong></span> <span class='ocrx_word' id='word_1_772' title='bbox 3248 5106 3488 5163; x_wconf 88' lang='lat' dir='ltr'><strong>cardinis</strong></span> <span class='ocrx_word' id='word_1_773' title='bbox 3516 5105 3718 5172; x_wconf 84' lang='lat' dir='ltr'><strong>nostri,</strong></span> <span class='ocrx_word' id='word_1_774' title='bbox 3766 5103 3847 5157; x_wconf 88' lang='lat' dir='ltr'><strong>di-</strong></span> 
     </span>
    </p>
   </div>
   <div class='ocr_carea' id='block_1_113' title="bbox 2170 5195 3847 5272">
    <p class='ocr_par' dir='ltr' id='par_1_113' title="bbox 2170 5195 3847 5272">
     <span class='ocr_line' id='line_1_113' title="bbox 2170 5195 3847 5272; baseline -0.006 -15"><span class='ocrx_word' id='word_1_775' title='bbox 2170 5220 2176 5225; x_wconf 56' lang='grc' dir='ltr'><strong><em>τ</em></strong></span> <span class='ocrx_word' id='word_1_776' title='bbox 2257 5200 2567 5272; x_wconf 86' lang='lat' dir='ltr'><strong>lectumque</strong></span> <span class='ocrx_word' id='word_1_777' title='bbox 2602 5208 2848 5257; x_wconf 88' lang='lat' dir='ltr'><strong>nostrum</strong></span> <span class='ocrx_word' id='word_1_778' title='bbox 2876 5199 3219 5264; x_wconf 87' lang='lat' dir='ltr'><strong>familiarem,</strong></span> <span class='ocrx_word' id='word_1_779' title='bbox 3251 5212 3350 5269; x_wconf 81' lang='lat' dir='ltr'><strong>pro</strong></span> <span class='ocrx_word' id='word_1_780' title='bbox 3380 5195 3847 5269; x_wconf 42' lang='lat' dir='ltr'><strong>principumapo‘</strong></span> 
     </span>
    </p>
   </div>
   <div class='ocr_carea' id='block_1_114' title="bbox 2258 5286 3845 5362">
    <p class='ocr_par' dir='ltr' id='par_1_114' title="bbox 2258 5286 3845 5362">
     <span class='ocr_line' id='line_1_114' title="bbox 2258 5286 3845 5362; baseline -0.005 -11"><span class='ocrx_word' id='word_1_781' title='bbox 2258 5293 2521 5351; x_wconf 78' lang='lat' dir='ltr'><strong>Stolorutn</strong></span> <span class='ocrx_word' id='word_1_782' title='bbox 2582 5294 2654 5349; x_wconf 86' lang='lat' dir='ltr'><strong>ab</strong></span> <span class='ocrx_word' id='word_1_783' title='bbox 2712 5292 2965 5350; x_wconf 89' lang='lat' dir='ltr'><strong>omnibus</strong></span> <span class='ocrx_word' id='word_1_784' title='bbox 3015 5289 3350 5362; x_wconf 71' lang='lat' dir='ltr'><strong>prmferenda</strong></span> <span class='ocrx_word' id='word_1_785' title='bbox 3418 5286 3722 5343; x_wconf 83' lang='lat' dir='ltr'><strong>reverentia</strong></span> <span class='ocrx_word' id='word_1_786' title='bbox 3790 5294 3845 5343; x_wconf 86' lang='lat' dir='ltr'><strong>et</strong></span> 
     </span>
    </p>
   </div>
   <div class='ocr_carea' id='block_1_115' title="bbox 2260 5377 3847 5456">
    <p class='ocr_par' dir='ltr' id='par_1_115' title="bbox 2260 5377 3847 5456">
     <span class='ocr_line' id='line_1_115' title="bbox 2260 5377 3847 5456; baseline -0.004 -15"><span class='ocrx_word' id='word_1_787' title='bbox 2260 5400 2470 5451; x_wconf 88' lang='lat' dir='ltr'><strong>amore,</strong></span> <span class='ocrx_word' id='word_1_788' title='bbox 2516 5385 2750 5456; x_wconf 87' lang='lat' dir='ltr'><strong>benigne</strong></span> <span class='ocrx_word' id='word_1_789' title='bbox 2774 5382 3118 5455; x_wconf 87' lang='lat' dir='ltr'><strong>suscipiatis,</strong></span> <span class='ocrx_word' id='word_1_790' title='bbox 3164 5391 3219 5437; x_wconf 92' lang='lat' dir='ltr'><strong>et</strong></span> <span class='ocrx_word' id='word_1_791' title='bbox 3255 5388 3444 5451; x_wconf 86' lang='lat' dir='ltr'><strong>utpote</strong></span> <span class='ocrx_word' id='word_1_792' title='bbox 3466 5395 3498 5434; x_wconf 82' lang='lat' dir='ltr'><strong>a</strong></span> <span class='ocrx_word' id='word_1_793' title='bbox 3526 5386 3677 5434; x_wconf 81' lang='lat' dir='ltr'><strong>tanta</strong></span> <span class='ocrx_word' id='word_1_794' title='bbox 3714 5377 3847 5435; x_wconf 76' lang='lat' dir='ltr'><strong>sede</strong></span> 
     </span>
    </p>
   </div>
   <div class='ocr_carea' id='block_1_116' title="bbox 2261 5468 3843 5550">
    <p class='ocr_par' dir='ltr' id='par_1_116' title="bbox 2261 5468 3843 5550">
     <span class='ocr_line' id='line_1_116' title="bbox 2261 5468 3843 5550; baseline -0.006 -17"><span class='ocrx_word' id='word_1_795' title='bbox 2261 5479 2566 5550; x_wconf 81' lang='lat' dir='ltr'><strong>digressos,</strong></span> <span class='ocrx_word' id='word_1_796' title='bbox 2624 5475 2925 5532; x_wconf 84' lang='lat' dir='ltr'><strong>honoriﬁce</strong></span> <span class='ocrx_word' id='word_1_797' title='bbox 2972 5481 3219 5546; x_wconf 79' lang='lat' dir='ltr'><strong>receptos</strong></span> <span class='ocrx_word' id='word_1_798' title='bbox 3266 5471 3473 5527; x_wconf 83' lang='lat' dir='ltr'><strong>colatis.</strong></span> <span class='ocrx_word' id='word_1_799' title='bbox 3518 5469 3657 5541; x_wconf 83' lang='lat' dir='ltr'><strong>Ipsis</strong></span> <span class='ocrx_word' id='word_1_800' title='bbox 3696 5468 3843 5525; x_wconf 83' lang='lat' dir='ltr'><strong>enim</strong></span> 
     </span>
    </p>
   </div>
   <div class='ocr_carea' id='block_1_117' title="bbox 2257 5563 3845 5647">
    <p class='ocr_par' dir='ltr' id='par_1_117' title="bbox 2257 5563 3845 5647">
     <span class='ocr_line' id='line_1_117' title="bbox 2257 5563 3845 5647; baseline -0.009 -16"><span class='ocrx_word' id='word_1_801' title='bbox 2257 5590 2378 5647; x_wconf 70' lang='lat' dir='ltr'><strong>quat</strong></span> <span class='ocrx_word' id='word_1_802' title='bbox 2412 5575 2607 5647; x_wconf 81' lang='lat' dir='ltr'><strong>pagina</strong></span> <span class='ocrx_word' id='word_1_803' title='bbox 2637 5571 2883 5636; x_wconf 79' lang='lat' dir='ltr'><strong>reticuit,</strong></span> <span class='ocrx_word' id='word_1_804' title='bbox 2933 5570 3087 5625; x_wconf 87' lang='lat' dir='ltr'><strong>vobis</strong></span> <span class='ocrx_word' id='word_1_805' title='bbox 3125 5567 3351 5624; x_wconf 86' lang='lat' dir='ltr'><strong>dicenda</strong></span> <span class='ocrx_word' id='word_1_806' title='bbox 3378 5565 3729 5637; x_wconf 77' lang='lat' dir='ltr'><strong>injunximus.</strong></span> <span class='ocrx_word' id='word_1_807' title='bbox 3776 5563 3845 5619; x_wconf 78' lang='lat' dir='ltr'><strong>Et</strong></span> 
     </span>
    </p>
   </div>
   <div class='ocr_carea' id='block_1_118' title="bbox 2261 5651 3844 5735">
    <p class='ocr_par' dir='ltr' id='par_1_118' title="bbox 2261 5651 3844 5735">
     <span class='ocr_line' id='line_1_118' title="bbox 2261 5651 3844 5735; baseline -0.01 -14"><span class='ocrx_word' id='word_1_808' title='bbox 2261 5666 2382 5721; x_wconf 75' lang='lat' dir='ltr'><strong>ideo</strong></span> <span class='ocrx_word' id='word_1_809' title='bbox 2406 5663 2669 5735; x_wconf 88' lang='lat' dir='ltr'><strong>quidquid</strong></span> <span class='ocrx_word' id='word_1_810' title='bbox 2694 5660 3022 5717; x_wconf 86' lang='lat' dir='ltr'><strong>verbotenus</strong></span> <span class='ocrx_word' id='word_1_811' title='bbox 3048 5652 3415 5730; x_wconf 75' lang='lat' dir='ltr'><strong>exposuerin&#39;t,</strong></span> <span class='ocrx_word' id='word_1_812' title='bbox 3444 5655 3564 5710; x_wconf 86' lang='lat' dir='ltr'><strong>sine</strong></span> <span class='ocrx_word' id='word_1_813' title='bbox 3590 5651 3844 5725; x_wconf 83' lang='lat' dir='ltr'><strong>scrupulo</strong></span> 
     </span>
    </p>
   </div>
   <div class='ocr_carea' id='block_1_119' title="bbox 2259 5746 3846 5831">
    <p class='ocr_par' dir='ltr' id='par_1_119' title="bbox 2259 5746 3846 5831">
     <span class='ocr_line' id='line_1_119' title="bbox 2259 5746 3846 5831; baseline -0.01 -19"><span class='ocrx_word' id='word_1_814' title='bbox 2259 5775 2480 5831; x_wconf 83' lang='lat' dir='ltr'><strong>prorsus</strong></span> <span class='ocrx_word' id='word_1_815' title='bbox 2514 5757 2813 5819; x_wconf 81' lang='lat' dir='ltr'><strong>admittite,</strong></span> <span class='ocrx_word' id='word_1_816' title='bbox 2856 5766 2909 5811; x_wconf 86' lang='lat' dir='ltr'><strong>et</strong></span> <span class='ocrx_word' id='word_1_817' title='bbox 2942 5763 2999 5809; x_wconf 87' lang='lat' dir='ltr'><strong>ut</strong></span> <span class='ocrx_word' id='word_1_818' title='bbox 3026 5752 3273 5810; x_wconf 81' lang='lat' dir='ltr'><strong>eﬂicaccs</strong></span> <span class='ocrx_word' id='word_1_819' title='bbox 3309 5750 3376 5804; x_wconf 89' lang='lat' dir='ltr'><strong>ad</strong></span> <span class='ocrx_word' id='word_1_820' title='bbox 3402 5766 3502 5803; x_wconf 86' lang='lat' dir='ltr'><strong>nos</strong></span> <span class='ocrx_word' id='word_1_821' title='bbox 3526 5746 3724 5801; x_wconf 74' lang='lat' dir='ltr'><strong>reverti</strong></span> <span class='ocrx_word' id='word_1_822' title='bbox 3756 5759 3846 5797; x_wconf 81' lang='lat' dir='ltr'><strong>va-</strong></span> 
     </span>
    </p>
   </div>
   <div class='ocr_carea' id='block_1_120' title="bbox 2262 5839 3846 5920">
    <p class='ocr_par' dir='ltr' id='par_1_120' title="bbox 2262 5839 3846 5920">
     <span class='ocr_line' id='line_1_120' title="bbox 2262 5839 3846 5920; baseline -0.007 -13"><span class='ocrx_word' id='word_1_823' title='bbox 2262 5855 2436 5920; x_wconf 81' lang='lat' dir='ltr'><strong>leant,</strong></span> <span class='ocrx_word' id='word_1_824' title='bbox 2508 5850 2833 5907; x_wconf 68' lang='lat' dir='ltr'><strong>tllllllllllOzlls’</strong></span> <span class='ocrx_word' id='word_1_825' title='bbox 2878 5848 3114 5920; x_wconf 69' lang='lat' dir='ltr'><strong>vigilate.</strong></span> <span class='ocrx_word' id='word_1_826' title='bbox 3188 5843 3451 5915; x_wconf 79' lang='lat' dir='ltr'><strong>Optamus</strong></span> <span class='ocrx_word' id='word_1_827' title='bbox 3503 5839 3846 5897; x_wconf 55' lang='lat' dir='ltr'><strong>auiditatem</strong></span> 
     </span>
    </p>
   </div>
  </div>
