4198 6254
458 304 591 362 1501

1669 310 2029 372 ῑιδιειόιέι
2069 309 2159 368 ET
2196 310 2539 372 DECRETA.

3591 305 3734 363 4303

460 443 700 490 vestram
745 433 798 488 in
847 432 1067 492 Christo
1107 434 1268 492 bene
1302 418 1501 490 valere.
1556 431 1686 490 Data
1711 447 1743 487 ν
1783 402 2052 486 Kalendas
2079 431 2128 512 ᾼ
2157 440 2265 484 non
2294 427 2530 494 feriaris,
2551 441 2825 501 praecave.
2850 426 2987 497 Quia
3009 443 3185 501 neque
3219 438 3292 495 tu,
3325 418 3418 500 qui
3443 429 3650 488 honore
3676 441 3734 488 et

458 520 610 590 Iulii,
634 523 935 586 indictione
950 540 1068 585 ιιι..

1153 614 1348 682 XXVI.

601 744 673 785 Δ,
698 743 1014 788 ιιιιιοκιιιιιι
1049 744 1503 789 Αιειιιιιιιεεοιιωι
1552 739 1891 814 ιιιιειιειιειιιι.

1060 843 1240 917 (Anno
1273 841 1422 914 870;)

458 956 646 1028 Arguit
669 955 1034 1028 ,Hincntorum
1053 956 1194 1028 quod
1227 955 1478 1028 Curatum
1503 973 1672 1028 regem
1709 974 1740 1010 ιι
1769 955 1911 1024 regni
1943 925 2046 1008 Lo-

535 1025 699 1098 titur-ii
725 1028 1035 1098 pervasione
1055 1025 1161 1082 non
1194 1025 1478 1098 revocarit,
1511 1027 1801 1098 litterisque
1841 1037 2044 1095 aposto-
2130 1058 2134 1061 -

529 1097 647 1168 ficis
667 1095 772 1168 non
797 1098 1144 1168 rescripserit.
1181 1095 1450 1168 Hortatur
1470 1107 1530 1150 ut
1552 1095 1724 1168 regem
1747 1097 1812 1150 ab
1835 1113 1896 1168 eo
1921 1111 2046 1168 conf

513 1165 652 1222 tilio
675 1167 956 1238 deterreat,
980 1177 1029 1221 et
1065 1165 1201 1222 alios
1214 1167 1419 1238 legatos
1441 1167 1588 1222 ett-de
1611 1164 1773 1222 causa
1791 1167 1977 1220 missos
1995 1164 2066 1220 ei.

525 1236 880 1294 commendat.
1274 1236 1288 1238 ⁷
1617 1313 1622 1317 _

484 1357 490 1364 ‘
527 1349 807 1405 ADRIANIJS
831 1347 1143 1420 episcopus,
1175 1331 1394 1404 servus
1423 1361 1714 1404 servorum
1746 1346 1861 1410 Dei,
1889 1361 2045 1407 reve-

455 1439 771 1498 rentissimo
793 1451 851 1495 et
879 1439 1228 1496 sanctissimo
1251 1441 1518 1498 confratri
1537 1450 1731 1498 nostro
1756 1439 2044 1497 llmcusno
2069 1468 2073 1471 -

457 1521 750 1592 RhemenSi
775 1533 1206 1606 archiepiscopo,
1358 1577 1362 1582 .
1883 1574 1894 1584 .

527 1623 585 1680 Si
608 1623 998 1684 beneficiorum
1023 1622 1406 1692 Domini,'qua:
1439 1622 1586 1680 sedis
1611 1622 1926 1696 προδιοιίοω
1956 1621 2042 1677 in-

371 1751 376 1755 υ
453 1716 654 1773 stantia
694 1723 1021 1774 consecutus
1054 1709 1145 1780 es,
1195 1729 1404 1772 memor
1445 1725 1639 1782 esses;
1679 1715 1848 1774 autsi
1875 1714 1948 1768 ita
1975 1714 2044 1770 de

259 1797 262 1801 ’
359 1843 371 1849 -
452 1807 708 1880 proximi,
741 1808 890 1864 sicut
913 1805 984 1862 de
1003 1808 1267 1892 propriis,
1306 1803 1525 1864 casibus
1545 1781 1703 1876 iusta
1729 1807 1874 1878 quod
1905 1805 2038 1863 scri-
2070 1781 2129 1843 Βτ

452 1909 604 1972 ptum
627 1908 714 1956 est
741 1899 1079 1966 coudoleres,
1111 1898 1360 1971 profecto
1385 1907 1492 1956 aut
1519 1913 1678 1958 amor
1707 1898 1824 1964 Dei,
1857 1907 1951 1953 aut
1979 1899 2040 1952 ti-

451 2007 576 2047 mor
603 1991 884 2061 gebennte,
923 1990 993 2046 ad
1021 1989 1312 2063 pastoralis
1340 2003 1488 2044 curat
1526 1987 1886 2047 ministerium
1909 2003 2039 2058 per-

449 2085 727 2157 agendum
765 2097 799 2138 a
845 2097 1038 2140 somno
1063 2081 1282 2138 desidize
1312 2081 1600 2145 excitaret,
1629 2089 1688 2136 et
1713 2078 1797 2135 'ad
1825 2096 2039 2136 annun-

452 2174 696 2241 tiandum
739 2175 928 2247 iniquo
993 2173 1337 2248 iniquitatem
1393 2188 1552 2229 suam
1607 2171 1693 2229 vel
1763 2173 2039 2230 modicum

451 2267 732 2327 invitaret.
759 2265 868 2322 Sed
889 2276 948 2322 ut
973 2265 1029 2322 in
1056 2265 1242 2330 multis
1267 2265 1564 2325 cernimus.
1585 2263 1814 2320 etoeulo
1843 2264 2042 2320 mentis

452 2367 654 2418 nostra:
680 2355 1048 2434 conspicimus
1073 2396 1092 2422 ,
1125 2356 1438 2414 abundante
1466 2355 1780 2426 iniquitate,
1806 2363 1863 2410 et
1896 2353 2037 2410 mul-

453 2457 632 2504 torum
662 2447 931 2504 charilate
977 2445 1357 2518 refrigerante,
1399 2447 1504 2518 ipsi
1548 2455 1799 2516 pastores
1825 2461 2040 2508 merce-

449 2541 729 2600 nariorum
752 2554 960 2596 morem
1011 2547 1335 2611 sequuntur,
1375 2539 1478 2618 qui
1510 2539 1697 2594 vident
1729 2538 1915 2608 lupum
1944 2551 2038 2594 ve-

451 2630 715 2696 nieutem,
761 2639 818 2687 et
859 2630 1142 2688 dimittunt
1187 2645 1351 2695 oves,
1403 2639 1461 2686 et
1503 2629 1734 2702 fugiunt.
1783 2627 2034 2684 Primum

450 2735 636 2780 tamen
669 2724 946 2782 reminisci
985 2724 1170 2790 debes,
1221 2725 1267 2782 si
1315 2738 1555 2796 unquam
1581 2721 1901 2796 apostolicis
1920 2723 2039 2795 epi-

451 2815 608 2870 stulis
625 2831 732 2871 non
756 2815 1081 2889 rescriptum
1097 2816 1192 2883 sit,
1205 2827 1262 2872 et
1283 2815 1737 2874 convenientibus
1763 2815 2042 2886 responsis

449 2909 518 2964 de
546 2910 778 2980 negotiis
815 2909 960 2966 unde
987 2912 1252 2984 agebatur
1277 2951 1294 2975 ,
1337 2908 1649 2982 apostolica:
1690 2909 1809 2967 sedi
1846 2909 2040 2966 remis-

449 3014 571 3054 sum
595 3017 609 3053 :
635 3000 795 3056 sicuti
827 3009 974 3057 tuam
999 3001 1359 3059 reverentiam
1381 3016 1484 3072 pro
1505 3007 1695 3057 nostro
1718 3009 2036 3074 contemptu

449 3093 644 3148 fecisse
689 3095 904 3164 penitus
948 3103 1186 3160 constat,
1222 3095 1444 3168 quando
1478 3108 1652 3166 nuper
1678 3107 1778 3166 per
1817 3102 2036 3153 nostros

449 3184 648 3240 missos
679 3183 733 3238 in
762 3181 1064 3240 Galliarum
1090 3192 1273 3257 partes
1295 3183 1553 3255 epistolas
1597 3193 1709 3239 tam
1741 3183 1839 3240 tibi
1869 3197 2034 3256 quam

447 3277 574 3332 aliis
596 3276 1016 3358 destinavimus,
1049 3286 1106 3332 et
1121 3275 1344 3358 .nnllum
1374 3276 1502 3334 inde
1529 3291 1851 3348 responsum
1882 3293 2038 3334 rece-

447 3355 645 3442 pimus.
670 3367 779 3424 Sed
804 3368 932 3439 quia
954 3369 1022 3425 de
1041 3368 1128 3424 his
1154 3355 1264 3424 alio
1285 3367 1407 3425 loco
1425 3367 1718 3433 dicendum
1735 3378 1839 3436 εει,
1867 3378 2039 3428 restat

451 3469 512 3518 ut
537 3461 607 3518 de
638 3459 745 3522 tuis
772 3460 987 3516 actibus
1015 3459 1422 3532 perjustitiam,
1443 3474 1513 3515 ex
1535 3459 1802 3518 cbaritate
1829 3469 2036 3527 tamen,

452 3551 856 3626 reprehendere
884 3565 993 3609 non
1031 3549 1382 3618 omittamus,
1405 3549 1541 3621 Quis
1567 3550 1732 3624 igitur
1765 3545 1966 3609 melius.
1987 3563 2040 3610 te

449 3642 620 3708 novit,
649 3641 793 3715 quod
841 3641 936 3702 lilii
968 3643 1245 3713 quondam
1271 3641 1536 3709 Ludovici
1579 3643 1951 3716 imperatoris,
1982 3643 2038 3700 in

449 3751 618 3808 unum
663 3735 1052 3804 convenientes
1112 3750 1337 3808 regnum
1391 3736 1536 3793 inter
1586 3751 1646 3793 se
1694 3737 2036 3808 diviserunt,

444 3820 671 3898 iureque
685 3825 920 3896 iurando
940 3825 1044 3882 sibi
1070 3825 1310 3894 invicem
1359 3825 1745 3897 promiserunt,
1771 3837 1832 3882 ut
1856 3827 2038 3886 nullus

449 3932 652 3998 eormn
693 3934 920 3992 regnum
969 3919 1194 3977 alterius
1243 3919 1434 3977 fratris
1468 3921 1571 3977 sibi
1607 3928 1918 3994 usurparet,
1947 3931 2040 3978 aut
2080 3976 2088 3983 .

449 4011 672 4066 omnino
692 4012 1046 4083 pervaderet?
1071 4021 1128 4068 ct
1160 4020 1288 4070 tunc
1316 4011 1546 4068 Carolus
1567 4028 1685 4078 rex,
1718 4027 2036 4070 sacramen-

452 4101 661 4176 tis’illis
688 4103 1033 4175 contemptis,
1076 4118 1320 4175 regnum,
1370 4103 1535 4176 quod,
1571 4103 1834 4160 Lothario
1865 4104 2038 4176 impe-

452 4173 634 4248 ratore
654 4173 930 4259 defuncto,
957 4173 1178 4252 domino
1199 4173 1553 4252 serenissimi)
1579 4194 1896 4272 imperatori
1923 4173 2039 4256 tilio

450 4281 568 4352 ejus
593 4283 838 4354 debetur,
873 4285 1100 4353 invasit,
1127 4295 1184 4343 et
1223 4281 1386 4344 tidem
1415 4285 1652 4343 debitam
1684 4287 1926 4346 violavit.
1956 4288 2037 4343 'l‘u

450 4393 606 4440 vero,
631 4379 759 4448 quia
809 4378 1028 4444 siluisti,
1058 4387 1115 4436 et
1135 4389 1328 4438 contra
1354 4381 1464 4436 talo
1490 4378 1702 4436 facinus
1733 4381 1926 4438 saltem
1952 4379 2034 4436 le-

2063 564 2065 566 .
2147 518 2421 592 dignitate
2445 520 2660 578 ceteris
2684 521 2826 578 illius
2867 521 3017 594 regni
3047 522 3317 594 episcopis
3339 539 3398 578 es
3422 524 3730 592 sublimior,

2058 607 2063 612 ’
2148 611 2634 684 silentiis‘Opprimi
2688 613 2894 672 debes:
2936 631 3134 686 neque,
3184 617 3230 672 si
3276 635 3384 677 non
3426 619 3539 689 regi
3567 633 3732 688 prave

2147 705 2327 774 agenti
2357 705 2644 771 restiteris,
2667 719 2852 761 coram
2885 706 3040 764 nobis
3057 708 3386 764 excusabilis
3419 710 3623 779 poteris
3645 709 3730 764 in-

2147 796 2539 854 vcuiri._Mone
2573 797 2739 868 igitur
2781 795 2905 853 eum
2929 805 2986 852 ut
3021 813 3080 854 se
3108 799 3364 872 corrigat,
3399 817 3732 874 regnumque

2146 889 2420 959 quondam
2470 881 2714 948 Lotbarii
2762 892 3132 964 imperatoris,
3177 893 3320 965 quod
3359 896 3426 950 ad
3467 913 3592 952 eum
3618 882 3729 972 non

2147 983 2406 1056 pertinet,
2439 985 2692 1040 invadere
2716 985 2831 1056 jam
2861 985 3106 1046 desistat.
3136 987 3257 1042 Jam
3293 1003 3442 1053 vero,
3475 989 3518 1044 si
3546 990 3600 1044 in
3628 992 3729 1046 ob-

2145 1076 2458 1134 stinationis
2481 1094 2598 1134 sua:
2631 1079 2855 1149 perfidia
2906 1087 3028 1150 post
3059 1089 3291 1135 vestram
3317 1082 3732 1138 conventionem
3805 1103 3826 1112 ··

2144 1167 2441 1238 persistere
2469 1167 2742 1230 maluerit,
2774 1183 2935 1238 quam
2978 1168 3134 1238 juxta
3157 1181 3342 1226 nostra
3375 1173 3578 1226 monita
3601 1174 3758 1228 resis-

2145 1259 2375 1330 piscere,
2399 1261 2470 1316 ab
2503 1261 2648 1324 illius
2675 1277 2769 1318 vos
2811 1264 3194 1320 communione
3239 1274 3404 1332 atquc
3451 1267 3732 1321 consortio
3806 1262 3808 1264 ’

2146 1360 2509 1420 sequestrate,
2559 1361 2616 1407 et
2660 1352 2953 1408 secundum
2996 1355 3332 1425 Apostolum,
3379 1371 3482 1410 nec
3527 1356 3642 1412 Ave
3678 1358 3728 1412 ei

2146 1439 2390 1497 dicentes
2416 1441 2500 1512 (II
2528 1441 2688 1498 Joon.
2716 1447 2796 1508 xl,
2825 1444 2872 1500 si
2909 1456 3108 1500 nostra:
3135 1446 3538 1503 communionis
3569 1448 3730 1507 vultis

2145 1545 2267 1588 esse
2313 1533 2630 1605 participes,
2679 1538 3022 1608 praesentiain
3069 1537 3190 1607 ejus
3244 1539 3419 1595 inodis
3475 1541 3731 1598 onmibus
3788 1579 3792 1582 -

2145 1621 2404 1680 devitate.
2436 1624 2573 1681 Nam
2622 1635 2680 1682 et
2727 1641 2826 1684 nos
2876 1629 2952 1683 ita
2989 1630 3414 1702 tutiuscujusquc
3461 1629 3730 1697 iustitiam

2146 1711 2398 1770 volumus
2426 1723 2483 1771 et
2507 1716 2863 1794 exquirimus,
2905 1727 2964 1775 ut
2995 1720 3040 1774 si
3072 1720 3211 1776 idem
3246 1737 3341 1777 rex
3377 1722 3580 1780 nostris
3601 1738 3732 1794 apo-

2144 1806 2352 1864 stolicis
2402 1810 2922 1877 exhortationibus,
2971 1813 3388 1885 salubribusque
3437 1817 3728 1886 praeceptis

2144 1905 2278 1954 mox
2296 1900 2566 1971 susceptis
2599 1901 2688 1957 his
2725 1901 2924 1959 litteris
2969 1919 3074 1960 non
3111 1905 3402 1970 obedierit,
3425 1913 3480 1960 et
3507 1921 3538 1960 a
3563 1907 3732 1962 tantis
3767 1891 3776 1899 ’

2145 1982 2448 2060 tyrannicis
2473 1989 2806 2051 factionibus
2857 2011 2962 2052 non
3011 1995 3390 2062 declinaverit,
3440 1996 3732 2066 adjuvantc

2142 2078 2276 2145 Deo,
2303 2096 2404 2137 nec
2430 2097 2610 2150 mora,
2634 2083 2894 2144 continuo
2936 2084 3041 2140 iter
3086 2095 3332 2141 nostrum
3362 2095 3580 2142 nostros
3601 2087 3732 2144 sub-

2143 2181 2401 2243 sequatur
2451 2173 2680 2247 legatos,
2722 2183 2778 2232 et
2817 2177 3080 2248 quidquid
3128 2177 3196 2233 de
3236 2178 3430 2234 talibus
3459 2179 3733 2248 tantisque

2143 2263 2300 2332 viris,
2331 2264 2502 2322 Deum
2553 2281 2654 2338 per
2687 2281 2788 2324 nos
2815 2267 3039 2323 ottinino
3076 2269 3480 2340 spernentibus,
3513 2277 3732 2340 oportet

2141 2371 2424 2428 peragere,
2456 2357 2822 2428 pnvcniente
2858 2359 3033 2430 gratia
3075 2359 3250 2415 sancti
3295 2359 3554 2430 Spiritus,
3579 2374 3725 2430 prte-

2141 2445 2450 2502 sentialiter
2499 2461 2842 2520 peragentus,
2874 2441 3026 2504 nullo
3067 2458 3246 2520 pacto,
3279 2449 3534 2521 nulloque
3549 2461 3732 2511 ,rctra-
3763 2504 3768 2506 _

2101 2523 2108 2536 ’
2140 2533 2400 2593 ctationis
2421 2535 2828 2610 impedimento,
2865 2539 2994 2595 talia
3021 2541 3139 2596 sine
3163 2539 3367 2596 ultione
3394 2541 3554 2614 digna
3585 2527 3728 2613 prae;

2143 2627 2524 2684 termittentes.
2556 2627 2840 2687 Postremo
2872 2647 3200 2704 magnopere
3239 2648 3650 2690 commonemus
3673 2645 3732 2688 ut

2139 2716 2244 2774 hos
2259 2718 2606 2792 apostolatus
2629 2720 2805 2776 nostri
2847 2723 3150 2794 prmipnos
3183 2720 3416 2788 "missos,
3464 2721 3732 2780 Joannem

2138 2809 2412 2876 videlicet,
2445 2821 2608 2884 atque
2655 2812 2874 2888 Petrum
2901 2854 2916 2879 ,
2969 2829 3064 2870 seu
3096 2815 3448 2884 Wibbodum,
3477 2828 3535 2874 et
3563 2816 3726 2874 Joan-

2137 2917 2286 2967 nem,
2309 2905 2636 2962 reverendos
2653 2907 2955 2978 episc0pos,
2983 2923 3082 2964 nec
3114 2925 3222 2964 non
3253 2919 3309 2967 et
3338 2909 3560 2984 Petrum
3595 2910 3726 2965 reti-
3804 2897 3815 2907 ’

2135 2993 2346 3066 giosum
2394 2995 2774 3068 presbyterum
2824 2997 3066 3054 cardinis
3110 3001 3300 3064 nostri,
3357 3000 3723 3072 dilectumque

2138 3095 2384 3144 nostrum
2413 3087 2760 3156 familiarem,
2793 3105 2890 3162 pro
2927 3091 3232 3164 principum
3258 3091 3628 3164 ppostolorum
3655 3095 3724 3150 ab

2141 3179 2764 3253 orantibus-praferenda
2819 3187 3124 3241 reverentia
3163 3197 3218 3243 et
3247 3169 3468 3252 sumre,
3498 3183 3732 3259 benigne

2139 3273 2428 3346 suscipias,
2446 3282 2502 3330 et
2523 3283 2710 3346 utpote
2729 3291 2760 3330 a
2785 3285 2932 3331 tanta
2959 3280 3086 3332 sede
3109 3277 3402 3348 digressos,
3427 3277 3730 3334 honorifice
3765 3324 3775 3332 .

2140 3374 2391 3436 receptos
2417 3365 2585 3422 colas.
2613 3366 2750 3439 ipsis
2775 3369 2922 3425 enim
2963 3385 3085 3440 qua:
3125 3369 3593 3440 pagina‘reticuit,
3628 3369 3726 3430 tibi

2141 3455 2370 3513 dicenda
2415 3455 2772 3529 injunximus.
2821 3459 2892 3515 Et
2937 3459 3058 3516 ideo
3096 3460 3360 3531 quidquid
3403 3459 3729 3517 verbotenus

2139 3547 2526 3625 exposuerint,‘
2557 3550 2678 3605 sine
2719 3548 2979 3621 scrupulo
3019 3565 3244 3621 prorsus
3291 3549 3537 3614 admitte,
3569 3557 3627 3604 et
3665 3556 3724 3604 ut

2138 3635 2384 3694 efﬁcaces
2419 3634 2490 3694 ad
2524 3652 2624 3693 nos
2654 3639 2852 3704 reverti
2908 3641 3143 3704 valeant,
3183 3638 3512 3696 omnimodis
3539 3637 3721 3710 vigila.

2140 3727 2406 3798 Optamus
2448 3729 2794 3785 sanctitatem
2828 3737 2975 3784 tuam
3027 3728 3082 3784 in
3110 3727 3330 3786 Christo
3359 3731 3497 3786 bene
3523 3728 3724 3785 valere.

2142 3819 2279 3878 Data
2299 3835 2334 3874 ν
2352 3819 2622 3878 Kalcndas
2644 3818 2795 3888 Julii,
2827 3815 3121 3878 indictione
3146 3837 3230 3877 ιιι.
3383 3825 3386 3828 ’

2835 3933 3050 3991 XXVII.

2425 4043 2496 4083 Α.
2536 4042 2808 4084 ιίιθῦειιεθ
2849 4042 3008 4085 ιιεσκι
3035 4041 3229 4084 αιιιοιι
3266 4043 3448 4084 (ΖΑΙΛῚ.

2752 4141 2932 4213 (Auno
2970 4141 3122 4212 870.)

2353 4261 2694 4338 Eademque:
2723 4259 2776 4314 in
2797 4258 3016 4332 epistola
3029 4258 3101 4314 25
3127 4258 3196 4311 ad
3226 4258 3510 4328 episcenos.

2211 4379 2491 4434 ADRIANUS
2522 4377 2834 4448 episcopus,
2867 4391 3058 4432 servus
3087 4389 3369 4430 servorum
3398 4371 3516 4438 Dei,
3544 4372 3727 4430 cinni-

449 4468 590 4523 viter
615 4446 721 4526 non
738 4469 1106 4538 insurrexisti,
1131 4485 1242 4526 non
1265 4469 1440 4526 solum
1465 4484 1711 4538 consors,
1727 4473 1822 4528 sed
1845 4473 2034 4541 etiam,
2142 4469 2242 4524 bus
2270 4465 2621 4542 optimatibus
2644 4446 2795 4538 regni
2823 4464 3001 4522 Caroli
3023 4465 3245 4536 gloriosi
3277 4463 3441 4535 regis.

450 4557 594 4627 quod
617 4566 702 4613 est
724 4557 983 4623 deterius,
1011 4557 1172 4626 hujus
1195 4559 1499 4652 tyrannidis
1521 4568 1716 4616 auctor
1735 4576 1858 4618 esse
1877 4563 2022 4618 vide-

453 4649 548 4704 ris.
579 4649 650 4706 Et
679 4649 820 4715 idem
853 4666 925 4706 ne
943 4659 1000 4705 et
1023 4650 1228 4722 nosipsi
1251 4649 1354 4722 pro
1393 4651 1786 4708 taciturnitatis
1815 4653 2035 4710 silentio

451 4741 592 4809 apud
621 4741 790 4794 Deum
819 4740 1146 4796 redditorem
1159 4741 1468 4812 .unicniquc
1495 4741 1653 4810 juxta
1689 4757 1827 4812 opus
1849 4759 2033 4808 suum,

454 4831 907 4901 reprehensibiles
951 4823 1072 4887 esse
1121 4833 1423 4897 videamur,
1467 4833 1778 4904 apostolicis
1805 4849 2032 4890 somno-

449 4923 678 4979 lentiam
720 4931 955 4980 vestram
1010 4925 1313 4980 excitamus
1347 4924 1620 4986 aliatibus,
1660 4934 1718 4980 et
1755 4926 1844 4996 qui
1870 4926 2033 4980 aliter

455 5031 561 5068 non
597 5015 891 5077 debemus,
924 5026 982 5069 ut
1011 5015 1080 5070 ad
1109 5026 1160 5069 te
1193 5017 1483 5072 revertaris
1523 5017 1888 5086 prmcipimus.
1931 5017 2044 5072 Me-

454 5113 637 5159 mento
665 5105 808 5174 quod
839 5104 1102 5181 Dominus
1138 5105 1270 5160 tales
1310 5119 1406 5176 per
1437 5107 1762 5176 prophetam
1792 5106 2040 5176 increpet

452 5195 641 5250 dicens
669 5213 682 5250 :
713 5195 838 5252 Non
877 5191 1188 5250 ascendislis
1233 5211 1298 5250 ea:
1327 5196 1565 5259 aduerso,
1597 5211 1761 5265 neque
1789 5197 2036 5266 opposui-

452 5289 549 5342 sti:
574 5305 782 5344 murum
811 5305 906 5359 pro
935 5289 1092 5344 domo
1118 5284 1308 5353 Israel,
1355 5297 1410 5342 ut
1451 5287 1664 5350 stur-etis
1699 5289 1752 5341 in
1779 5288 1965 5357 prwlio
1981 5289 2038 5342 in

457 5380 542 5435 die
571 5379 786 5436 Domini
807 5381 1029 5452 (Ezech.
1061 5383 1206 5453 xm).
1241 5380 1506 5448 Quocirca
1545 5391 1604 5434 ut
1641 5381 1710 5434 ab
1755 5379 2039 5436 invasionc

456 5473 610 5544 regni
657 5473 919 5545 spiritalis
965 5473 1064 5530 lilii
1109 5474 1283 5532 nostri
1323 5473 1584 5530 Ludovici
1621 5472 1886 5543 principis
1940 5488 2036 5528 rex

455 5578 636 5623 vester
675 5566 790 5638 jam
831 5567 994 5623 tertio
1029 5569 1263 5624 monitus
1308 5566 1498 5639 procul
1535 5565 1772 5626 recedat,
1803 5565 2034 5628 insiste;

454 5667 516 5712 nt
545 5658 777 5728 amplius
825 5657 1123 5728 periurium
1160 5675 1269 5714 non
1310 5659 1569 5720 incurrat,
1619 5655 1860 5724 invigilu,
1896 5664 2038 5708 etut

423 5767 559 5822 pro
587 5759 737 5806 retro
787 5751 957 5822 culpis
999 5751 1232 5824 peractis
1259 5749 1592 5822 apostolatus
1633 5748 1800 5802 nostri
1841 5746 2038 5816 juculis

2213 4559 2397 4630 Nuper
2439 4559 2776 4630 apostolatus
2824 4558 2994 4613 nostri
3053 4555 3237 4611 missis
3278 4564 3444 4625 atque
3487 4552 3733 4622 epistolis

2141 4651 2508 4708 reverentiam
2545 4661 2783 4706 vestram
2814 4647 3114 4705 salutiferis
3140 4647 3634 4708 exhortationibus,
3671 4652 3731 4698 ut

2140 4739 2544 4810 vobisntetipsis
2567 4738 2928 4796 consuleretis
2963 4737 3290 4801 monuimus,
3321 4734 3548 4806 etjuuta
3577 4731 3728 4802 quod

2144 4847 2238 4886 vos
2267 4831 2527 4900 oportuit,
2548 4830 2898 4899 paternitatis
2926 4825 3122 4886 ali'ectu
3164 4843 3270 4899 ιεθιι
3307 4825 3580 4882 immerito
3602 4841 3727 4880 cor-

2149 4921 2428 4991 ripuimus.
2475 4919 2582 4974 Sed
2635 4929 2842 4974 tantmn
2896 4909 3190 4989 apostolica
3231 4916 3434 4984 monita
3477 4923 3728 4971 contem-

2145 5014 2350 5084 psistis.
2391 5023 2663 5086 quantum.
2686 4997 2803 5066 nec
2831 5011 3034 5065 nostris
3071 5007 3316 5077 epistulis
3351 5005 3726 5074 respondistis,

2146 5119 2244 5164 nec
2273 5119 2453 5176 regem
2486 5113 2726 5158 vestrum
2749 5100 2999 5156 Carolum
3022 5105 3187 5170 gravo
3208 5097 3417 5150 facinus
3446 5097 3727 5148 incurren-
3793 5151 3798 5155 ,

2147 5207 2256 5253 tcm
2284 5195 2471 5274 procul
2507 5193 2673 5248 dubio
2717 5191 2986 5248 doluistis.
3041 5192 3122 5243 Αιι
3175 5205 3281 5244 non
3340 5201 3505 5256 grave
3553 5185 3733 5242 scelus

2146 5289 2400 5354 incurrit,
2427 5288 2664 5358 quando,
2692 5286 2832 5341 sicut
2870 5285 3025 5339 multi
3058 5293 3293 5338 vestrum
3320 5287 3620 5342 noverunt:
3641 5281 3725 5333 sui

2141 5381 2364 5447 oblitus,
2399 5378 2797 5450 jusjurundmn,
2843 5363 2984 5445 quod
3017 5374 3146 5428 olim
3178 5389 3301 5428 cum
3332 5372 3592 5427 fratribus
3613 5386 3726 5428 suta

2142 5473 2366 5545 pepigit,
2397 5485 2511 5541 quo.
2556 5484 2716 5524 nemo
2745 5467 2960 5522 illorum
3009 5479 3231 5536 regnum
3281 5463 3463 5518 fratris
3502 5462 3729 5517 alterius

2143 5564 2427 5620 invaderet
2471 5562 2551 5616 vel
2605 5567 2912 5629 usurparet,
2957 5566 3016 5611 ut
3047 5555 3456 5611 evidentissime
3488 5558 3730 5623 [tutelae-

2145 5665 2257 5708 tum
2310 5663 2412 5716 est,
2470 5665 2691 5721 regnum
2746 5648 3018 5717 quondam
3067 5646 3306 5700 Lolharii
3365 5644 3728 5710 imperatoris.

2145 5747 2288 5819 quod
2337 5743 2459 5816 jure
2513 5745 2638 5800 divo
2691 5742 3006 5812 imperatori
3057 5740 3254 5822 donmo
3310 5738 3580 5793 Ludovico
3623 5736 3734 5790 tilio
