4198 6238
343 337 347 341 ’
413 341 556 402 1509

1609 314 1970 394 ms‘rona:
2005 334 2094 390 nr
2137 330 2479 390 oscus“.
2547 287 2562 294 ’

3549 314 3687 378 tam

413 456 722 530 interpellat
753 475 766 510 :
797 455 1161 521 decernimus,
1191 441 1396 509 nullam
1418 467 1514 506 vos
1543 451 1598 506 in
1625 467 1752 505 cum
1783 465 1999 506 excom-
2029 457 2074 513 Α
2103 456 2160 502 et
2205 445 2530 503 laudabilius
2569 445 2920 501 sublimitatis
2951 457 3142 504 vestrm
3191 447 3516 519 μευ-πίρωμιν
3563 444 3698 508 insi-

416 548 797 608 municationis
835 545 1172 617 iaculatores
1197 545 1420 600 omnino
1459 542 1786 602 sententiarum
1812 557 1828 607 ;
1857 555 1993 610 quo-

413 657 588 714 usque
613 639 865 706 videlicet
896 652 1014 704 nos,
1045 636 1140 710 qui
1168 635 1513 693 sacerdotum
1540 633 1751 690 Domini
1782 642 1994 688 matura

416 736 662 792 volumus
703 747 826 791 esse
863 731 1066 805 judicia
1095 770 1114 796 ,
1157 729 1414 788 universa
1456 743 1580 800 qua:
1624 734 1776 799 gesta
1816 735 1945 781 sunt
1975 765 1992 792 ,

414 825 679 886 veraciter
705 838 1086 896 agnoscamus.
1115 819 1334 894 Alioqui
1363 819 1658 897 invalidam
1681 817 1996 890 apostolica:

413 917 654 989 pondere
675 913 1023 972 auctoritatis‘
1040 911 1612 989 futuram_,contraque
1633 907 1992 963 reverentiam

329 1045 332 1048 ~
414 985 648 1063 vestram
699 1004 878 1076 potius
925 1017 1034 1058 non
1083 985 1357 1057 immerito
1415 989 1754 1056 savituram.
1809 995 1993 1052 Satius

403 1107 620 1166 autem,
655 1108 710 1163 et
736 1097 856 1154 sine
881 1093 1220 1152 dubitatione
1252 1090 1596 1163 prastantius
1623 1097 1707 1144 est
1729 1129 1744 1153 ,
1794 1102 1861 1142 ne
1889 1086 1992 1143 Ca-

340 1233 346 1241 .
405 1191 564 1246 .rolus
601 1187 1078 1264 proprium‘lllium
1107 1192 1371 1259 spernat,
1410 1197 1492 1239 ne
1528 1182 1852 1238 domesticos
1906 1195 1992 1236 se-

399 1283 598 1338 minis
624 1279 1030 1349 sui.despiciat,
1083 1294 1151 1333 ne
1191 1275 1319 1346 jura
1361 1271 1780 1344 propinquitatis
1829 1270 1992 1326 solito

412 1387 563 1428 more
582 1379 916 1439 corrmnpat,
937 1383 1005 1422 ne
1025 1367 1174 1438 pacis
1193 1373 1249 1422 et
1272 1353 1558 1422 charitatis
1578 1361 1782 1434 hedera
1807 1360 1989 1427 violet,

411 1480 477 1520 ne
501 1466 704 1520 caduca
733 1457 1005 1518 mansuris
1021 1458 1310 1523 anteferat,
1338 1473 1406 1514 ue
1429 1456 1742 1528 temporalia
1771 1454 1992 1511 aiteruis

405 1567 702 1627 prepouat.
731 1545 1014 1609 Praeterea
1064 1551 1321 1623 pnefatus
1351 1551 1779 1607 Carolomannus
1809 1549 1992 1606 inson-

409 1658 514 1700 tem
563 1646 780 1716 quidem
824 1659 884 1700 se
929 1643 1073 1700 circa
1105 1649 1314 1714 patrem
1351 1639 1724 1712 multipliciter
1769 1640 1986 1697 asserit.

410 1730 606 1798 verum
645 1752 704 1797 ut
751 1756 872 1804 nos,
910 1755 1016 1796 non
1066 1737 1389 1804 astruendo,
1442 1738 1539 1793 sed
1593 1736 1983 1802 ratiocinando,

2093 552 2202 608 gne
2227 535 2370 608 quod
2397 529 2504 592 non
2521 535 2786 604 judicium
2819 537 3288 610 velasscrtorum,
3316 541 3410 596 sed
3439 539 3690 597 conscio-

2099 641 2220 682 rum
2247 637 2460 682 tantum
2493 635 2549 684 ct
2594 627 3084 683 obsecundatorum
3129 645 3359 699 persona
3389 630 3471 685 usi
3520 629 3692 687 fuisse

2101 717 2489 791 dignoscimini
2523 737 2536 773 :
2567 719 2639 773 ita
2673 727 2733 774 ut
2777 733 2876 788 per
2900 719 3219 775 humilitatis
3249 737 3431 776 arcem
3459 721 3529 777 ad
3575 720 3692 777 cui!

2041 813 2046 819 ”
2096 827 2220 868 men
2251 811 2516 867 virtutum
2547 810 2834 882 pervenire
2869 809 3169 866 dilexeritis
3197 811 3376 882 potius
3397 815 3559 882 qua‘m
3590 825 3690 882 per

2096 901 2394 973 imperiaiis
2408 899 2716 958 altitudinis
2741 901 2939 958 fastum
2970 903 3039 958 ad
3067 901 3244 967 inanis
3261 899 3448 974 gloria:
3470 903 3578 958 ima
3593 905 3688 958 de-

2093 992 2201 1048 labi
2223 992 2635 1048 consenseritis.
2662 993 2932 1048 Praeterea
2958 993 3132 1050 nostri
3177 993 3397 1064 habitus
3429 993 3684 1064 qualitas,

2093 1095 2256 1153 quam
2299 1081 2444 1137 scire
2485 1097 2548 1138 se
2573 1081 2714 1138 velle
2756 1081 3064 1151 benignitas
3093 1092 3277 1139 vestra
3315 1085 3408 1155 pio
3441 1085 3689 1155 designat

2093 1168 2312 1237 aii‘ectu,
2341 1170 2415 1226 ita
2446 1179 2505 1226 se
2545 1170 2742 1236 habet,
2788 1182 2848 1226 ut
2882 1187 3116 1242 superna
3165 1173 3500 1246 providentia
3520 1214 3536 1239 ,
3564 1189 3687 1246 qua:

2092 1269 2286 1316 cuncta
2324 1263 2606 1332 creavit_ct
2635 1264 2887 1319 continua
2917 1263 3230 1335 provisione
3261 1265 3546 1338 gubernat,
3586 1281 3686 1322 ex-

2091 1353 2278 1424 pedire
2322 1349 2480 1412 nobis
2533 1354 2794 1426 petspicit
2820 1397 2836 1422 ,
2888 1367 2943 1412 et
2993 1345 3138 1428 quod
3189 1359 3497 1432 expedierit
3554 1375 3687 1416 con-

2089 1447 2230 1502 sulte
2280 1445 3005 1524 disp_eusat..Apocrisiarios
3052 1463 3266 1521 quoque
3312 1459 3562 1517 nostms,
3594 1467 3691 1509 sue

2090 1551 2188 1608 per
2237 1552 2468 1608 quorum
2520 1538 2872 1614 nihilominus
2926 1540 3238 1596 reversione
3273 1527 3592 1613 scripsistis,
3619 1543 3688 1596 li-

2089 1637 2178 1685 cet
2201 1627 2344 1694 sero,
2371 1637 2498 1699 post
2524 1629 2692 1685 amita
2715 1619 2900 1686 tamen
2926 1630 3166 1704 pericula
3187 1671 3204 1698 ,
3249 1631 3685 1704 deprardationes

2057 1727 2256 1792 atque
2282 1721 2628 1794 propriorum
2674 1721 2962 1779 hominum
3001 1723 3458 1790 trucidationem,
3505 1725 3686 1783 nudos

402 1851 522 1906 qua:
549 1832 1036 1890 animadvertimus
1063 1829 1349 1895 fateamur,
1377 1827 1510 1900 quid
1535 1821 1759 1894 mirum,
1793 1827 1840 1884 si
1883 1827 1975 1884 Ca-

2092 1813 2305 1868 taudem
2361 1817 2672 1886 recepimus
2713 1831 2825 1871 non
2871 1811 3173 1885 cujuslibet
3209 1815 3450 1899 hominis
3511 1815 3684 1877 fretos

403 1926 549 1982 rolus
598 1932 864 1995 praecepta
913 1921 1041 1988 Dei,
1076 1920 1329 1992 praeﬁxos
1357 1919 1520 1976 metis
1565 1919 1678 1976 suis
1723 1919 1985 1984 terminos

393 2015 794 2080 treusferendu,
825 2014 1001 2071 aliena
1032 2013 1358 2078 invadenda,
1384 2021 1760 2077 contemnens,
1783 2011 1847 2066 ex
1871 2010 1986 2068 suis

396 2115 620 2182 reperit,
659 2099 750 2180 qui
785 2107 904 2178 ejus
929 2101 1296 2173 voluntatibus
1318 2103 1635 2175 contrairet,
1663 2114 1720 2160 et
1741 2103 1810 2159 de
1838 2103 1982 2159 lum-

357 2193 364 2200 ’
400 2181 482 2261 bis
511 2203 624 2257 suis
667 2181 1005 2271 procederet,
1037 2197 1130 2268 qui
1167 2194 1337 2266 ipsius
1361 2195 1600 2252 nutibus
1645 2193 1979 2252 resultaret:

399 2309 522 2348 cum
550 2307 659 2347 non
687 2293 1001 2364 ignoremus
1037 2287 1453 2362 protoplastnm,
1495 2297 1686 2360 contra
1713 2289 1883 2344 Deum
1923 2303 1983 2344 se

399 2399 495 2454 per
517 2380 1276 2454 inohe-Jientiamerigentem,
1293 2387 1348 2436 et
1365 2379 1530 2437 vetita
1557 2371 1978 2451 coniingentem,

325 2469 328 2473 ’
399 2452 503 2528 non
533 2452 706 2536 solum
736 2463 1009 2529 exteriora
1036 2452 1266 2542 qumque
1293 2468 1608 2536 rebellantis
1637 2468 1980 2542 cognovisse,

399 2581 586 2621 verum
613 2564 865 2621 etiamin
902 2562 1194 2636 semetipso
1233 2577 1354 2634 quae
1391 2563 1502 2634 sibi
1533 2561 1862 2619 obsisterent
1892 2561 1981 2618 in-

399 2659 652 2715 venisse?
692 2656 844 2725 Quod
901 2665 1084 2713 tamen
1113 2671 1222 2711 non
1249 2655 1506 2721 dicimus,
1543 2656 1703 2725 quasi
1751 2653 1980 2712 Carolo~

397 2763 656 2804 manuum
698 2747 1125 2804 rebellem'circa
1153 2753 1362 2816 patrem
1388 2743 1640 2811 fatentes,
1667 2753 1762 2800 aut
1789 2752 1984 2801 contu-

393 2855 603 2894 macem
632 2837 872 2908 genitum
904 2851 1032 2909 erga
1059 2819 1362 2908 genitorem
1394 2833 1511 2890 fore
1556 2838 1814 2908 docentes
1841 2852 1854 2889 :
1883 2835 1978 2892 sed

391 2929 518 3002 quid
570 2927 1076 3001 secretoejustorpie
1121 2924 1308 2984 divino
1369 2922 1580 2996 judicio
1604 2964 1611 2971 ι
1634 2925 1757 2982 ﬁeri
1807 2927 1980 2998 possit

389 3025 812 3088 considerantes,
845 3035 900 3080 et
937 3031 995 3078 ut
1020 3023 1136 3078 haec
1166 3035 1261 3076 rex
1287 3017 1516 3092 Critolus
1543 3019 1772 3077 solerter
1802 3005 1979 3075 atten-

387 3115 520 3182 datt,
569 3101 857 3174 salubriter
907 3112 1285 3170 admonentes.
1315 3109 1424 3166 NDe
1481 3098 1679 3182 quibus
1723 3108 1978 3167 omnibus

2083 1904 2308 1970 auxilio,
2343 1903 2438 1961 sed
2477 1903 2574 1960 Dei
2607 1903 2780 1960 solius
2821 1905 3078 1976 prmditos
3120 1895 3496 1964 adutinieulo:
3535 1907 3683 1964 unde

2083 1995 2368 2051 audientes
2392 1993 2509 2050 haec
2537 1993 2776 2051 universi
2807 2005 3055 2066 gemunt,
3090 2005 3148 2051 et
3173 1995 3299 2066 quia
3324 1996 3412 2052 isti
3442 1997 3682 2068 pertule-

2085 2092 2212 2140 runt
2238 2097 2362 2156 qua:
2400 2085 2503 2140 sub
2545 2084 2698 2140 nullo
2736 2084 2950 2157 piorum
2997 2084 3302 2170 principum
3347 2099 3717 2159 quemquam‘

2083 2176 2228 2235 sedis
2252 2176 2563 2250 apostolica:
2599 2177 2828 2257 missum
2854 2177 3145 2250 pertulisse
3185 2179 3451 2246 recolunt,
3482 2189 3680 2238 omnes

2081 2266 2377 2340 stupefacti
2423 2269 2731 2334 mirantur,
2789 2268 2959 2343 ﬁtque
3002 2269 3248 2327 continui
3299 2269 3557 2329 clamoris
3607 2273 3681 2329 ab

2083 2359 2327 2417 Ecclesia
2383 2368 2572 2418 nostra
2629 2378 2907 2429 murmur,
2964 2363 3112 2432 quod
3162 2362 3241 2420 ita
3301 2363 3678 2438 dispositionis
3763 2419 3780 2432 ,

2081 2462 2278 2512 vestrae
2305 2453 2627 2513 coastitutio
2656 2455 2960 2528 improvide
2998 2456 3220 2530 prodire
3245 2460 3508 2529 potuerit,
3531 2470 3591 2515 ut
3619 2460 3678 2518 in

2079 2547 2440 2604 barbarorum
2473 2546 2702 2620 gladios,
2737 2547 2884 2604 nullo
2913 2548 3130 2621 imperii
3162 2549 3331 2607 vestri
3371 2547 3496 2606 fulti
3533 2566 3678 2623 pm-

2080 2639 2240 2705 sidio,
2299 2641 2623 2698 miseranter
2671 2641 2981 2698 inciderint.
3044 2641 3354 2719 Prmset‘tim
3394 2657 3522 2702 cum
3573 2643 3690 2701 hos"

2081 2746 2218 2805 quos
2235 2731 2306 2788 ab
2333 2731 2626 2803 apostolica
2653 2731 2783 2788 sede
2811 2741 2924 2788 toto
2948 2731 3217 2790 desiderio
3245 2731 3672 2804 postulaveritis,

2078 2830 2136 2878 et
2163 2825 2232 2878 ab
2267 2821 2401 2894 ipsis
2421 2823 2790 2893 apostolorum
2818 2822 3128 2896 principum
3163 2823 3322 2880 tectis
3342 2839 3441 2896 per
3464 2823 3674 2898 legatos

2079 2921 2290 2970 vestros
2337 2913 2516 2970 salvos
2543 2913 2886 2984 acceperitis,
2918 2904 3100 2970 salvos
3149 2929 3356 2978 rursus,
3386 2911 3676 2986 dispositio
3777 2899 3782 2904 ’

2049 3028 2052 3032 ι
2081 3004 2187 3060 rite
2207 3013 2435 3077 propter
2459 3019 2583 3074 qute
2608 3001 2759 3061 missi
2787 3003 3005 3062 fuerant
3029 3003 3102 3059 ad
3136 3003 3356 3076 propria
3391 3003 3676 3090 remittere

2079 3109 2295 3150 summa
2340 3093 2620 3166 diligentia
2676 3097 2973 3167 procurare
3029 3095 3367 3161 debueritis,
3417 3094 3672 3166 exemplo

383 3207 582 3264 scitote
613 3223 714 3265 nos
739 3207 844 3278 ipsi
891 3206 1003 3276 regi
1039 3205 1234 3264 Carolo
1260 3203 1464 3277 scripta
1505 3213 1691 3261 nostra
1733 3204 1970 3271 misisse,
1999 3211 2047 3276 ο
2077 3183 2270 3278 saltem
2307 3187 2590 3259 provocati
2627 3185 2910 3267 Michaelis
2938 3187 3256 3271 decedentis
3293 3187 3668 3260 imperatoris,

384 3309 439 3353 et
470 3301 842 3358 exhortatoria
871 3300 1217 3372 pontiﬁcatus
1240 3299 1412 3365 nostri
1453 3288 1658 3354 monita
1683 3292 1968 3382 diruisse.

383 3393 648 3462 Optamus
693 3391 1088 3449 fraternitatem
1121 3403 1358 3450 vestram
1394 3391 1446 3448 in
1476 3389 1696 3449 Christo
1720 3393 1857 3449 bene
1879 3405 1972 3446 va-
2023 3459 2027 3461 Α
2071 3389 2183 3464 ⁸³θῆ
2204 3389 2662 3464 φειηιυοᾷιιηιξνιο»
2703 3389 2766 3427 ιιι
2791 3389 2993 3464 ’³0⁵⁸1⁵³⁵
3015 3389 3170 3428 mw
3203 3389 3231 3464 ξ

1976 3509 1978 3516 .
2023 3459 2027 3461 “
2069 3460 2318 3519 ecclesiae
2365 3459 2554 3519 solerti
2594 3475 2731 3520 cura
2766 3463 2985 3536 sategit.
3024 3464 3094 3520 Et
3130 3459 3396 3536 praeterea
3423 3475 3480 3522 et
3515 3465 3668 3523 aliud

383 3481 516 3537 lere.
549 3481 686 3537 Data
715 3496 776 3539 tu
814 3482 938 3538 ldus
965 3481 1155 3544 Julias.
1187 3476 1482 3538 indictione
1507 3496 1586 3539 tv.

381 3659 450 3699 an
487 3658 739 3702 assitme
758 3684 774 3708 ,
797 3569 1315 3700 CONSTaxﬁgtixileT
1339 3654 1547 3697 nam
1573 3624 1966 3698 innuimus.

985 3733 1164 3804 (Anno
1206 3733 1360 3806 871.)

384 3823 539 3891 Quod
579 3826 724 3882 missi
757 3825 897 3882 sedis
950 3825 1290 3897 apostolicis,
1339 3835 1456 3897 post
1505 3823 1673 3897 malm
1708 3822 1968 3897 periculo,

455 3898 583 3950 muli
615 3899 700 3952 vix
725 3895 1012 3968 evaserint.
1041 3895 1391 3967 Conqueritur
1427 3895 1568 3968 quod
1594 3895 1836 3966 Ignatius
1855 3895 1972 3968 epi-

453 3983 665 4039 scopum
719 3968 860 4039 apud
911 3965 1528 4039 Bulgarosr'conrccrure
1575 3965 1968 4037 prwaumpacrit

453 4043 519 4090 de
543 4037 711 4092 tribus
747 4036 994 4102 talitali:
1027 4036 1157 4090 nihil
1186 4036 1599 4090 immutandum.

449 4129 728 4201 Annianus
747 4129 1056 4200 episcopus,
1073 4141 1266 4183 servus
1283 4142 1563 4182 servorum
1590 4124 1708 4191 Dei,
1725 4124 1969 4180 dilectis-

381 4219 534 4275 simis
575 4236 642 4276 ac
673 4219 1044 4291 spirituaiibus
1077 4219 1200 4274 [iliis
1234 4218 1470 4280 BASILIO,
1497 4216 1883 4274 Cossraxrtxo
1911 4223 1968 4270 et

381 4311 569 4377 Lant,
597 4311 859 4384 piissimis
889 4320 944 4368 et
970 4310 1426 4382 tranquillissimis
1453 4307 1891 4380 imperatoribus.

450 4401 632 4460 Lectis
673 4402 992 4474 excellentis
1032 4403 1246 4474 imperii
1276 4395 1463 4458 vestri
1485 4401 1702 4466 litteris,
1728 4399 1968 4478 dilectio-

379 4509 465 4548 tus
491 4501 682 4547 vestrae
709 4508 830 4563 quae
867 4507 996 4566 erga
1039 4507 1140 4549 nos
1185 4491 1378 4564 ﬂagrat
1413 4491 1613 4548 indicia
1639 4499 1696 4546 et
1739 4489 1962 4562 pietatis

2075 3276 2171 3356 qui
2205 3293 2344 3349 quos
2369 3277 2440 3334 ab
2473 3278 2774 3348 apostolica
2819 3282 2950 3335 sede
2988 3279 3270 3352 suscipere
3297 3281 3519 3347 meruit,
3549 3279 3671 3338 ido-

2070 3382 2176 3427 neo
2204 3367 2662 3440 sociatuprzevio,
2703 3379 2766 3427 ut
2791 3382 2994 3427 nostra:
3015 3369 3170 3428 ἰυκεὶ
3203 3380 3668 3443 praesentaretuur

2069 3552 2216 3624 quod
2250 3553 2428 3626 prima
2463 3553 2684 3626 pietatis
2730 3564 2929 3612 vestras
2977 3569 3178 3628 opera,
3225 3559 3309 3614 vel
3343 3558 3490 3616 circa
3517 3558 3668 3616 sedis

2068 3643 2378 3717 apostolicae
2413 3645 2614 3717 prioris
2646 3645 3003 3716 benignitatis
3031 3645 3453 3705 indicia-contra
3501 3638 3662 3720 spem

2029 3795 2032 3798 ,
2068 3733 2314 3797 nostram
2341 3736 2688 3796 decolorasse
2733 3737 3108 3806 convincitur,
3149 3738 3262 3796 imo
3295 3739 3541 3797 funditus
3567 3740 3665 3796 de-

2065 3832 2334 3892 strurisse
2348 3829 2639 3905 probatur:
2655 3829 2912 3888 videlicet
2924 3831 3051 3901 quia
3076 3829 3263 3888 favore
3285 3841 3472 3889 vestro
3491 3825 3664 3888 frater

2066 3932 2124 3980 et
2145 3922 2500 3994 eoepiseopus
2528 3929 2718 3978 noster
2732 3920 2972 3993 ignatius
2986 3920 3043 3976 in
3063 3919 3423 3996 Bulgarorum
3437 3921 3664 3996 regione

2065 4027 2393 4072 consecrare
2451 4013 2801 4086 praesumpsit
2853 4011 3158 4070 antistitem
3183 4053 3201 4079 ,
3267 4013 3413 4070 unde
3471 4012 3660 4070 mirati

2065 4122 2274 4174 sumus,
2298 4114 2353 4162 et
2376 4105 2504 4177 quia
2538 4121 2570 4162 a
2613 4105 2700 4176 pia
2729 4104 3033 4161 intentione
3059 4113 3242 4161 vestra
3274 4113 3424 4160 retro
3451 4106 3660 4162 reversi

2065 4199 2208 4263 sitis,
2238 4197 2531 4255 admodum
2577 4195 2977 4268 obstupuimus.
3020 4193 3408 4252 Verumtamen
3453 4194 3654 4254 saltem

2064 4306 2211 4346 nunc
2223 4292 2337 4360 jam
2358 4288 2561 4344 dictum
2584 4285 3101 4343 reverendissimum
3117 4283 3404 4357 praesulem
3425 4285 3497 4342 ab
3509 4284 3660 4343 illius

2065 4381 2304 4452 regionis
2332 4379 2691 4450 dispositione
2718 4376 3032 4434 salubribus
3062 4375 3654 4447 monitis,quaesumus,

2063 4478 2343 4528 coercete:
2360 4469 2599 4542 alioquin
2619 4485 2720 4526 nec
2752 4469 2868 4539 ipse
2893 4467 3211 4526 canonicam
3235 4466 3457 4540 elfngiet
3486 4469 3652 4526 ultio-

380 4583 538 4638 solita
565 4583 741 4636 studia
773 4597 879 4638 non
909 4591 1016 4637 tam
1061 4560 1416 4658 cognovimus
1443 4597 1608 4653 quam
1645 4560 1963 4653 recognovi-

2071 4579 2212 4630 nem,
2236 4577 2335 4619 nec
2359 4562 2398 4618 ii
2423 4562 2516 4634 qui
2536 4560 2858 4634 praesulatus
2878 4561 2960 4618 vel
2987 4560 3212 4616 alterius
3238 4560 3400 4618 cilicii
3421 4561 3528 4616 sibi
3547 4576 3650 4617 no-

379 4689 537 4738 tans;
564 4674 706 4728 unde
733 4673 1032 4745 gratiarutu
1081 4673 1430 4730 nu‘iltimodas
1472 4673 1714 4730 actiones
1735 4688 1962 4729 summa:

378 4763 658 4820 Divinitati
692 4763 994 4828 referimus,
1024 4771 1080 4820 et
1103 4764 1431 4836 multiplices
1468 4763 1660 4820 laudes
1683 4762 1802 4831 ejus
1826 4779 1958 4819 con.

375 4857 561 4925 cinere
615 4868 721 4910 non
773 4867 1075 4918 cessamus,
1127 4855 1197 4909 ob
1245 4855 1300 4909 id
1343 4853 1581 4910 maxime
1623 4855 1751 4925 quia
1813 4854 1960 4909 circa

379 4946 656 5019 religionis
681 4943 885 5003 cultum
913 4945 1150 5008 accensi,
1193 4943 1509 5016 postpositis
1551 4944 1764 4999 ceteris
1790 4957 1960 4998 sarcu-

377 5040 584 5096 iaribus
611 5038 781 5104 curis,
806 5047 935 5094 ante
979 5037 1162 5094 munia
1205 5038 1590 5094 ecclesiastica:
1617 5040 1735 5108 paci
1764 5053 1961 5094 consu-

375 5130 582 5196 luistis;
633 5145 692 5187 et
742 5131 870 5202 quia
925 5129 1069 5185 sedis
1119 5129 1433 5200 apostolica:
1505 5129 1724 5185 decreta
1754 5169 1769 5195 ,
1825 5144 1957 5184 sana

370 5220 660 5292 priscaque
693 5221 810 5290 lege
838 5233 1003 5295 super
1025 5219 1232 5273 exortis
1279 5219 1670 5278 controversiis
1716 5218 1958 5289 exquisi-

373 5312 513 5376 stis;
562 5321 620 5365 et
671 5311 724 5366 in
771 5310 1076 5381 colligendo
1125 5325 1322 5382 magno
1377 5304 1676 5381 sanctoque
1725 5310 1955 5380 collegio

370 5402 518 5474 pium
575 5402 815 5458 studium
865 5412 924 5457 et
975 5401 1305 5459 desiderium
1342 5402 1686 5465 ostendistis;
1739 5403 1790 5456 in
1820 5417 1948 5472 «luo,

368 5495 620 5551 abdicato
651 5494 934 5566 pravitatis
976 5504 1220 5558 auctore,
1248 5493 1494 5550 definitio
1539 5493 1852 5550 ωειωῶύυὶ
1895 5502 1953 5548 et

368 5589 650 5646 catholica:
679 5583 745 5643 ac
789 5595 1032 5657 paterna:
1059 5585 1388 5651 traditionis,
1421 5594 1586 5656 atque
1615 5582 1740 5656 jura
1773 5585 1952 5640 Eccle-

366 5681 466 5737 aim
508 5679 781 5753 perpetuis
829 5676 1044 5736 saeculis
1087 5675 1394 5748 profutura,
1428 5687 1485 5732 et
1537 5678 1673 5735 satis
1721 5677 1946 5740 idonea,

374 5789 482 5845 ﬁxa
505 5789 633 5836 sunt
660 5783 713 5831 et
757 5773 972 5829 ﬁrmata
1008 5789 1022 5827 :
1053 5757 1111 5830 iu
1140 5785 1249 5845 quo
1279 5771 1444 5828 etiam
1475 5770 1604 5828 illud
1651 5771 1949 5830 mirabilius

2064 4670 2190 4711 men
2219 4654 2330 4710 illic
2349 4661 2638 4725 usurpant,
2652 4669 2777 4708 cum
2803 4651 3390 4717 excommunicatioue,
3408 4666 3514 4721 qua
3537 4648 3655 4723 jam

2063 4757 2321 4806 tenentur
2340 4748 2584 4811 astricti,
2614 4747 2778 4803 etiam
2810 4746 3013 4820 praprii
3039 4746 3240 4818 gradus
3256 4746 3470 4818 jactura
3497 4760 3654 4804 care-

2062 4841 2218 4896 bunL
2732 4850 2736 4854 '
3196 4897 3208 4907 ,
3527 4896 3530 4899 .

2134 4940 2314 4996 Porro
2336 4939 2404 4997 de
2437 4939 2610 4994 tribus
2636 4936 2910 5010 capitulis,
2962 4951 3129 5007 super
3175 4936 3396 5007 quibus,
3425 4935 3653 5006 prtefato

2071 5034 2380 5114 postulante
2406 5031 2754 5089 sanctissimo
2782 5030 2953 5086 fratre
2985 5039 3040 5085 et
3089 5027 3426 5100 coepiscopo‘
3461 5038 3652 5086 nostro

2063 5125 2292 5199 iguatio,
2327 5125 2585 5180 divinitus
2620 5129 2924 5192 protectum
2964 5121 3250 5192 imperium
3278 5129 3520 5176 vestrum
3553 5135 3653 5174 uos

2061 5221 2410 5290 deprecatum
2445 5230 2568 5272 esse
2619 5214 2984 5286 dignoscitur,
3023 5211 3096 5267 nil
3145 5225 3434 5282 possumus
3477 5210 3548 5266 ab
3583 5225 3650 5264 eo

2059 5314 2203 5381 quod
2225 5310 2338 5381 jam
2383 5309 2735 5366 constitutmu
2766 5317 2890 5371 est,
2934 5306 3189 5362 ordinare
3235 5305 3512 5360 diversum
3563 5303 3646 5358 vel
3679 5348 3692 5386 ι

2057 5406 2364 5475 disponere,
2395 5402 2627 5456 maxime
2662 5401 2728 5455 de
2757 5395 2932 5470 Photii
2961 5395 3374 5452 consecratione
3401 5393 3647 5465 aliquau-

2059 5493 2227 5566 tisper
2257 5507 2472 5550 versum
2518 5509 2531 5545 :
2574 5491 2676 5545 nisi
2724 5489 2863 5544 forte
2895 5503 3013 5553 nos,
3045 5484 3368 5556 quibusdam
3397 5499 3464 5541 ex
3496 5497 3646 5538 utra-
3684 5489 3696 5566 ι

2057 5561 2163 5662 que
2197 5596 2351 5660 partc
2389 5587 2442 5641 in
2486 5584 2771 5656 pnesentia
2819 5573 3004 5636 nostra
3047 5577 3301 5650 repertis,
3352 5575 3646 5646 contigerit
3692 5561 3698 5585 ⁸

2055 5683 2214 5748 scire,
2232 5696 2350 5752 qua:
2372 5695 2543 5750 usque
2570 5679 2675 5734 huc
2693 5676 2998 5733 nescimus:
3018 5672 3099 5727 vel
3124 5671 3335 5747 discere
3354 5684 3474 5740 qua:
3501 5681 3645 5722 utine

2055 5775 2271 5850 penitus
2297 5772 2628 5844 ignoramus.
2655 5767 2772 5826 Non
2798 5767 2942 5824 enim
2971 5774 3055 5820 est
3079 5761 3134 5819 in
3163 5763 3318 5820 nobis
3345 5770 3433 5818 est
3454 5770 3508 5818 et
3533 5775 3640 5815 non
