4198 6228
331 276 474 338 1313

1530 278 1888 336 ΕινιεςτοωΕ
1931 282 2018 337 ΕΤ
2035 324 2043 333 .
2061 285 2398 344 υιῖιζιιετΑ.

3461 272 3600 333 1516

327 369 456 443 ntus
482 428 496 453 ,
543 386 784 444 debitum
833 402 955 445 eum
1007 391 1309 447 reverentia
1357 393 1640 449 honorem.
1687 393 1762 448 De
1807 409 1916 462 quo
1943 398 1991 455 Λ
2022 394 2256 455 fraterna
2305 417 2428 456 eum
2479 403 2744 458 cluat-itane
2771 401 3026 457 commoti
3054 399 3256 452 viribus
3283 395 3412 452 totis
3455 394 3644 463 adjux

294 547 298 553 β
331 489 494 551 prout
529 478 896 552 sigmllcastis,
951 483 1278 554 peregimus.
1333 482 1472 538 Nam
1508 485 1650 540 sicut
1681 483 1920 555 synodus

332 569 718 640 expostulavit,
768 571 924 642 plebs
965 579 1020 627 et
1055 573 1358 631 Turonicus
1395 577 1575 632 clerus
1629 593 1751 633 eum
1797 587 1924 632 cun-

335 663 577 718 corditer
619 663 808 736 elegit,
855 679 954 735 per
999 667 1535 736 nostraeapostolica:
1581 669 1924 725 auctoritatis

336 755 614 812 decretum
640 755 1024 816 constituimus
1051 758 1380 814 cardinalom
1428 759 1920 831 metmpolitanum,

337 852 392 897 et
419 845 888 916 archiepiscopum
943 846 1225 906 Turonicat
1266 849 1554 914 ECCicSiie,
1592 862 1754 922 atque
1803 867 1925 922 pro-

338 936 530 992 vincite
562 954 576 991 :
607 939 868 1008 quoniam
910 939 1124 997 dicente
1170 944 1372 998 Antcro
1415 935 1553 1014 papa
1595 944 1649 998 in
1698 945 1926 1014 epistola

339 1045 436 1084 sua
486 1020 657 1103 (epist.
706 1021 889 1099 unica,
917 1036 971 1088 in
1021 1037 1309 1109 princip.),_
1344 1038 1663 1108 quilmsdam
1697 1055 1824 1095 eum
1861 1041 1928 1096 de

335 1125 642 1180 mutatione
677 1127 1053 1199 episcoporum
1083 1131 1152 1186 de
1181 1133 1399 1188 civitate
1427 1137 1479 1189 in
1509 1134 1782 1190 civitatem
1807 1151 1934 1191 con-

339 1215 646 1274 sulentibus
669 1234 684 1271 :
709 1215 918 1276 Scitote
943 1233 1062 1276 eam
1081 1221 1352 1280 communi
1379 1227 1611 1282 utilitate
1637 1235 1801 1297 atque
1837 1245 1932 1284 ne-

339 1307 596 1364 cessitate
633 1307 748 1364 licri
786 1310 972 1379 licere,
1001 1315 1096 1368 sed
1119 1330 1224 1370 non
1261 1315 1416 1372 libita
1442 1317 1762 1389 cujusquam
1788 1360 1802 1386 ,
1839 1327 1932 1374 aut

341 1395 729 1455 dominatione.
747 1399 940 1459 Petrus
962 1419 1194 1475 uanique
1221 1417 1443 1464 sanctus
1467 1411 1726 1480 magister
1746 1419 1933 1468 noster

340 1495 396 1542 et
413 1487 669 1559 princeps
689 1491 1056 1562 apostolorum
1081 1497 1148 1552 de
1184 1498 1470 1554 Antiochia
1495 1499 1747 1557 utilitatis
1766 1517 1932 1558 causa

270 1625 278 1634 .
343 1580 644 1638 translatus
673 1593 756 1640 est
786 1583 1013 1646 Romam
1041 1627 1058 1654 ,
1102 1599 1164 1644 ut
1205 1590 1406 1647 ibidem
1451 1591 1633 1662 potius
1665 1592 1933 1663 prolicere

343 1689 545 1744 posset.
584 1678 848 1736 Eusebius
875 1696 1093 1753 quoque
1129 1681 1194 1739 de
1228 1685 1463 1756 quadam
1509 1701 1675 1757 parva
1713 1685 1934 1742 civitate

2023 505 2177 556 vare,
2220 493 2359 562 apud
2398 493 2911 548 (excellentissimum
2944 505 3122 562 regem
3154 493 3394 544 vestrum
3429 483 3606 540 humi-

2023 583 2150 638 liter
2162 583 2569 646 intercedendo,
2590 584 2818 638 viriliter
2833 581 3099 652 satagaris
3117 597 3130 637 :
3147 586 3415 648 quatenus
3426 583 3613 642 vestro.

2029 674 2235 746 ingenti
2263 677 2567 730 certamine
2594 673 2795 730 Christi
2824 670 3062 727 Ecclesia
3092 669 3275 740 quieta
3305 675 3361 722 et
3391 679 3605 723 secura.

2027 777 2082 819 et
2117 765 2350 834 propriis
2379 765 2540 820 rebus
2565 765 2734 819 ditata
2765 762 3107 834 gloriosaquc
3130 757 3413 814 consistat.
3446 754 3612 825 Igitur

2025 858 2094 911 de
2123 856 2402 916 Hincmari
2436 855 2810 911 Laudunensis
2848 851 3084 924 episcOpi
3117 847 3454 920 depositione
3480 863 3612 916 pon-

2029 946 2198 1003 tilicio
2228 955 2414 1002 nostro
2445 945 2738 1014 scripsistis
2769 984 2785 1010 ,
2840 951 3105 1014 quatenus
3132 941 3197 994 de
3221 956 3287 995 eo
3317 933 3613 992 secundum

2031 1036 2175 1105 quod
2211 1037 2534 1092 canonicum
2580 1044 2664 1090 est
2709 1032 2865 1088 vobis
2926 1029 3228 1087 rescribere
3277 1023 3616 1096 iuberentne.

2031 1127 2214 1184 Primo
2247 1127 2479 1198 denique
2511 1136 2704 1182 vestra:
2740 1124 3132 1196 respondemus
3163 1118 3416 1177 charitati
3442 1158 3458 1182 ,
3489 1115 3616 1186 quia

2033 1237 2156 1292 cum
2185 1204 2451 1278 elutriaret
2479 1223 2532 1277 in
2563 1221 2770 1294 synodo
2809 1233 2870 1276 se
2917 1219 2985 1274 ad
3036 1218 3218 1274 sedem
3263 1213 3616 1288 apostolicam

2035 1313 2173 1377 velle
2203 1313 2584 1368 incunctanter
2612 1311 2822 1377 venire,
2852 1319 3016 1380 atque
3063 1307 3116 1363 in
3169 1305 3452 1377 prmsentia
3501 1305 3619 1374 ejus

2034 1421 2134 1476 pro
2151 1403 2377 1474 objectis
2393 1405 2498 1460 sibi
2520 1404 2588 1459 ab
2603 1403 2914 1459 adversario
2936 1388 3256 1458 criminibus
3275 1395 3616 1466 respondere,

2035 1498 2404 1553 damnationis
2437 1497 2492 1553 in
2519 1512 2643 1552 eum
2673 1511 2780 1551 non
2823 1506 2940 1550 erat
2977 1492 3303 1566 proferenda
3330 1490 3616 1547 sententia.

2036 1590 2269 1656 Tamen,
2299 1589 2444 1646 sicut
2472 1590 2645 1660 ipsius
2669 1586 2882 1644 concilii
2913 1587 3217 1652 actionibus
3244 1583 3461 1655 legitur,
3489 1597 3619 1650 quo-

2038 1682 2186 1736 niam
2225 1680 2378 1737 salvo
2423 1681 2480 1736 in
2539 1679 2792 1736 omnibus
2839 1677 3044 1748 judicio
3098 1675 3244 1732 sedis
3292 1673 3620 1745 ttpttslolitue,

344 1771 642 1838 apostolica
666 1761 997 1830 auctoritate
1023 1783 1261 1845 mutatus
1287 1785 1373 1832 est
1402 1777 1810 1833 Alexandriam.
1845 1763 1930 1833 Si-
1957 1760 2007 1824 Β
2039 1772 2190 1829 illum
2225 1773 2292 1828 ab
2317 1773 2590 1844 episcopis
2613 1771 2784 1828 fuisse
2809 1771 3113 1838 judicatum
3162 1769 3406 1823 asseritis
3437 1807 3451 1829 ,
3503 1781 3621 1826 nos.

346 1861 549 1917 utiliter
587 1872 643 1918 et
691 1863 842 1920 Felix
904 1867 972 1924 de
1020 1867 1282 1934 civitate,
1337 1884 1444 1940 qua
1487 1869 1774 1926 ordinatus
1814 1879 1962 1928 erat'

345 1951 614 2009 electione
634 1955 858 2020 civium,
890 1965 1114 2040 propter
1135 1957 1438 2014 doctrinam
1461 1965 1515 2015 et
1535 1960 1734 2016 bonam
1761 1959 1934 2022 vitam

345 2063 508 2117 quam
555 2049 807 2115 habebat,
849 2051 1124 2106 communi
1172 2051 1548 2122 episcoporum
1596 2062 1654 2108 et
1697 2053 1936 2126 reliquo-

345 2158 466 2200 rum
514 2145 857 2200 sacerdotum
897 2160 962 2201 ac
998 2145 1318 2218 populorum
1360 2147 1610 2209 consilio.
1641 2148 1936 2204 translatus

347 2244 430 2289 est
459 2233 754 2304 Ephesum.
805 2233 922 2292 Non
967 2237 1113 2291 enim
1142 2239 1339 2300 transit
1366 2239 1432 2294 de
1457 2238 1682 2294 civitate
1717 2237 1770 2292 in
1805 2239 1936 2295 civi-

255 2391 271 2400 .
349 2333 538 2390 tatem,
566 2327 656 2396 qui
687 2341 792 2382 non
821 2343 924 2384 suo
952 2329 1107 2385 libitu
1143 2331 1249 2386 hoc
1283 2331 1431 2398 facit,
1465 2339 1559 2386 aut
1583 2331 1812 2399 ambitu,
1841 2333 1938 2388 sed

349 2419 586 2474 utilitate
612 2419 846 2489 quadam
871 2459 887 2484 ,
925 2429 1020 2476 aut
1045 2421 1414 2494 necessitate,
1443 2422 1675 2478 altorum
1717 2425 1936 2480 hortatu

347 2521 406 2563 et
454 2509 684 2566 consilio
728 2511 1006 2580 potiorum
1064 2513 1435 2571 transfertur:
1469 2531 1569 2572 nec
1616 2517 1940 2576 transfertur

348 2603 416 2658 de
459 2604 669 2660 minore
710 2604 936 2660 civitate
975 2606 1045 2662 ad
1084 2604 1371 2675 majorem,
1395 2609 1489 2679 qui
1537 2609 1639 2665 hoc
1681 2625 1788 2666 non
1819 2626 1937 2666 am-

349 2694 488 2760 bitu,
541 2709 650 2751 non
703 2696 916 2768 propria
980 2697 1260 2754 voluntate
1315 2698 1475 2764 facit;
1527 2701 1622 2756 sed
1673 2708 1782 2774 aut
1805 2701 1858 2757 vi
1907 2717 1974 2757 a~

347 2785 567 2855 prepria
621 2787 750 2841 sedc
801 2785 1008 2858 pulsus,
1039 2796 1137 2844 aut
1177 2790 1502 2846 necessitate
1549 2800 1792 2856 coaetus,
1846 2800 1941 2846 aut

350 2877 584 2932 utilitate
631 2875 736 2934 loci
789 2886 884 2934 aut
931 2879 1140 2952 populi,
1191 2896 1299 2939 non
1351 2883 1611 2960 superbe,
1638 2885 1732 2940 sed
1761 2884 1940 2940 humi-

348 2970 476 3026 liter
516 2970 586 3028 ab
631 2969 754 3028 aliis
799 2972 1096 3028 translatus
1122 2982 1180 3030 et
1207 2975 1610 3032 inthrouizatus
1655 2985 1759 3041 est,
1813 2976 1940 3048 quia

350 3063 514 3118 homo
541 3062 687 3120 videt
733 3065 786 3120 in
835 3063 994 3132 facie,
1033 3065 1176 3147 Deus
1203 3076 1384 3123 autem
1413 3069 1466 3124 in
1495 3065 1679 3125 corde.
1709 3067 1777 3122 Et
1805 3067 1942 3126 alios

352 3155 665 3223 nonnullos,
715 3157 860 3214 sicut
907 3158 1195 3230 tripertita:
1237 3159 1480 3217 historia:
1525 3163 1698 3218 series
1723 3163 1938 3234 prodit,

353 3516 510 3576 Unde
537 3523 710 3578 sancti
739 3533 925 3594 patres
951 3522 1154 3582 Nicaeni
1196 3527 1434 3598 capitulo
1470 3529 1711 3602 secundo
1735 3529 1937 3594 dicunt,

354 3613 611 3680 quoniam
660 3615 810 3686 plura
844 3627 938 3673 aut
964 3634 1065 3690 per
1088 3623 1494 3684 necessitatem,
1535 3632 1628 3676 aut
1679 3621 1810 3680 alias
1857 3638 1946 3678 co-

353 3706 606 3776 gentibus
643 3710 955 3770 hominibus
982 3753 998 3779 ,
1041 3713 1303 3770 adversus
1341 3715 1768 3772 ecclesiasticam
1799 3717 1943 3772 facta

355 3808 480 3852 sunt
502 3799 764 3872 regulam.
788 3801 858 3858 Et
877 3813 1098 3860 sanctus
1119 3803 1230 3862 Leo
1249 3818 1387 3877 papa
1407 3807 1582 3880 (epist.
1598 3809 1669 3862 ad
1697 3806 1954 3864 Nicetam‘

354 3887 676 3962 Aquileiam)
705 3907 826 3964 cap.
859 3893 931 3948 ιι
959 3893 1312 3953 decretalium
1355 3914 1576 3956 suorum
1612 3900 1744 3958 dicit
1783 3900 1946 3956 omit-

358 3979 582 4034 tendum
611 3995 760 4046 esse,
788 3991 846 4038 et
876 3983 1204 4054 inculpabile
1242 3987 1619 4059 iudicandum,
1665 3993 1808 4062 quod
1844 4008 1943 4048 nc-

356 4068 587 4126 cessitas
611 4070 814 4127 intulit.
845 4073 924 4128 ita
947 4084 1128 4131 tamen
1153 4075 1258 4134 hoc
1279 4079 1674 4149 permittentes,
1703 4093 1761 4136 ut
1785 4083 1948 4138 Nam-

357 4159 552 4216 netica:
589 4159 846 4218 Ecclesiae
870 4201 887 4228 ,
927 4163 1014 4219 cui
1041 4163 1222 4220 fuerat
1246 4166 1552 4239 ordinatus,
1605 4169 1658 4226 in
1697 4186 1764 4227 eo
1802 4173 1948 4242 quod

357 4251 638 4318 remansit,
668 4253 812 4324 quod
833 4253 1110 4311 destructa
1139 4256 1387 4324 habetur,
1412 4257 1536 4326 jura
1557 4271 1948 4330 potestatemve

355 4343 507 4400 nullo
552 4346 719 4402 modo
760 4347 1167 4406 subtrahamus.
1217 4349 1629 4422 interponentes
1659 4356 1949 4424 pastoralis

356 4439 563 4508 vigoris
590 4428 905 4508 censuram,
939 4450 1000 4498 ut
1043 4442 1090 4498 si
1120 4443 1575 4516 quandoeuuque,
1607 4447 1688 4502 vel
1715 4450 1944 4520 quicun-

353 4545 462 4600 que
493 4529 684 4595 alium,
713 4532 828 4603 ipso
855 4533 1169 4604 superstite,
1204 4535 1258 4590 in
1294 4536 1520 4606 praefata
1556 4538 1860 4609 metropoli,
1893 4549 1949 4596 et

358 4625 410 4675 in
445 4620 566 4684 ista.
609 4621 694 4676 vel
725 4622 781 4678 in
808 4637 998 4680 earum
1025 4625 1388 4695 pertinentiis,
1428 4625 1610 4684 locare
1637 4608 1946 4693 tentaverit,

355 4723 450 4790 aut
498 4713 756 4770 ordinare
815 4713 996 4772 locare
1050 4719 1494 4790 praesumpserit,
1561 4721 1946 4777 ecclesiastico

359 4809 626 4862 duntaxat
653 4808 1052 4866 communionis
1079 4811 1358 4866 consortio
1405 4821 1609 4868 careat.
1653 4813 1797 4868 Sane
1823 4825 1950 4884 post

353 4900 480 4968 ejus
505 4900 812 4966 decessum,
859 4901 1054 4958 electio
1081 4903 1365 4970 canonica,
1395 4895 1452 4958 ct
1476 4905 1748 4964 ordinatio
1772 4921 1804 4960 a
1830 4911 1945 4960 sut-

363 4989 636 5061 l'raganeis
682 4991 950 5063 episcopis
977 4992 1218 5060 ejusdem
1259 4996 1619 5066 metropoleos
1665 4993 1948 5050 Tumuicae

360 5076 628 5141 canonico
653 5085 962 5142 celebretur
997 5101 1064 5140 ex
1119 5099 1293 5140 more.
1328 5084 1483 5154 Quod
1522 5087 1566 5142 si
1618 5085 1950 5142 Namneticze

343 5176 656 5246 contigerit
683 5175 936 5234 Ecclesia:
959 5177 1028 5230 ad
1055 5177 1290 5246 priorem
1319 5217 1335 5240 .
1379 5167 1597 5234 ChriSto
1622 5177 1946 5242 auxiliante,

365 5279 567 5324 statum
600 5269 801 5334 redire,
831 5267 966 5323 nihil
990 5263 1192 5324 olliciat
1219 5269 1268 5323 ei
1299 5268 1415 5323 lucc
1447 5269 1790 5324 necessitatis
1831 5269 1947 5323 uni-

368 5361 464 5427 tio,
493 5374 655 5430 quam
679 5357 930 5414 videlicet
956 5358 1122 5431 exigit
1150 5374 1482 5432 paganorum
1533 5363 1787 5424 vastatio,
1813 5377 1920 5431 quo

367 5453 547 5508 minus
581 5451 858 5520 proprium
889 5449 1066 5506 valeat
1101 5452 1302 5508 habere
1333 5452 1664 5522 pontiliccm.
1717 5451 1822 5508 Sed
1870 5458 1944 5508 vi-

355 5543 545 5602 dimus
566 5555 693 5596 eum
707 5539 864 5596 valde
884 5541 1252 5598 tristissimum
1277 5554 1496 5616 propter
1515 5548 1944 5614 persecutionem

366 5645 719 5702 paganorum.
749 5631 818 5688 Et
849 5647 974 5688 cum
1007 5647 1199 5689 omnes
1222 5637 1328 5690 sint
1359 5650 1498 5706 pene
1528 5651 1615 5690 res
1649 5635 1818 5705 ipsius
1851 5638 1948 5692 lic--

347 5720 546 5792 .olesitu
575 5726 928 5796 depopulatae.
957 5733 1154 5784 vcslnc
1189 5727 1468 5802 diriglmus
1497 5727 1856 5799 fraternitati,
1890 5741 1949 5785 ut

588 5818 831 5862 νΑτιιοι..
866 5819 988 5864 CXX
1005 5820 1017 5863 Ι
1035 5820 1048 5865 1
1069 5847 1084 5862 .

2034 1882 2144 1922 non
2181 1866 2358 1938 aliqua
2388 1877 2580 1923 contra
2611 1864 2879 1936 quoslibet
2913 1866 3170 1920 commoti
3214 1861 3416 1916 invidia
3449 1901 3465 1926 ,
3524 1877 3626 1914 nec

2036 1962 2260 2018 alterius
2289 1962 2501 2032 culpam
2555 1960 2608 2015 in
2664 1952 2916 2015 alterum
2947 1956 3268 2028 retorquere
3325 1954 3624 2024 cupientes.

2036 2057 2284 2112 volumus
2332 2063 2388 2112 et
2431 2055 2756 2110 auctoritate
2803 2051 3096 2124 apostolica
3134 2091 3149 2116 ,
3200 2043 3410 2104 nullius.
3457 2047 3632 2116 partis

2037 2143 2278 2199 favorem
2323 2155 2414 2199 aut
2469 2144 2814 2214 obsequium,
2861 2141 2959 2198 sed
3004 2141 3080 2196 rei
3127 2150 3290 2211 gestat
3341 2139 3626 2192 veritatem

2038 2236 2215 2306 magis
2241 2236 2488 2294 invenire
2517 2234 2799 2305 cupientes
2824 2274 2838 2300 ,
2869 2233 3124 2302 iubemus
3161 2233 3337 2302 ipsum
3369 2229 3624 2284 lliucma»

2039 2345 2159 2385 rum
2189 2329 2604 2385 Lauduuensem
2634 2327 2952 2400 episcopum
2979 2335 3162 2382 vestra
3191 2323 3386 2380 fretum
3434 2331 3629 2394 poten-

2041 2423 2112 2478 tia
2156 2421 2223 2478 ad
2275 2422 2460 2477 limina
2491 2427 2805 2476 sanctorum
2836 2416 3237 2489 apostolorum,
3277 2423 3630 2484 nostramque

2037 2508 2228 2577 venire
2254 2511 2618 2584 praesentiam.
2649 2509 2768 2578 Quo
2803 2523 2937 2566 sane
2983 2509 3234 2564 veniente
3257 2547 3272 2572 ,
3307 2505 3490 2562 veniat
3531 2521 3630 2574 pa-

2041 2608 2178 2664 riter
2201 2585 2744 2664 accusator'idoneus
2769 2644 2785 2668 ,
2817 2603 2912 2673 qui
2941 2600 3086 2658 nulla
3111 2601 3283 2672 possit
3306 2599 3630 2654 auctoritate
3667 2602 3675 2610 '

2043 2697 2280 2770 legitima
2335 2695 2539 2766 respui.
2571 2695 2640 2751 Et
2689 2702 2817 2749 tunc
2857 2692 2911 2748 in
2952 2691 3243 2765 praesentia
3291 2700 3478 2746 nostra
3506 2729 3520 2746 .
3572 2703 3629 2744 et

2043 2789 2210 2845 totius
2249 2786 2684 2850 sedisRomante
2724 2783 2969 2858 synodali
2995 2783 3246 2857 collegio,
3287 2798 3450 2840 causa
3477 2782 3632 2848 illius

2017 2880 2296 2954 ‘prudenti
2323 2878 2580 2937 ventilata
2603 2879 2873 2944 examine,
2901 2893 2965 2934 ac
3011 2876 3298 2951 diligenter
3328 2875 3586 2947 inquisita
3615 2917 3630 2940 ,

1997 3007 2006 3014 -
2045 2974 2342 3030 secundum
2367 2973 2538 3029 Deum
2557 2981 2614 3027 et
2629 2987 2909 3028 sacrorum
2933 2967 3636 3026 canonumconstitutiones

2048 3063 2254 3134 Spiritu
2284 3062 2382 3118 Dei
2411 3062 2657 3134 prolatas
2677 3103 2692 3127 ,
2741 3063 2861 3117 sine
2886 3060 3247 3133 protelatione
3275 3059 3452 3128 aliqua
3483 3058 3635 3113 Ιὶηίρ.

1968 3126 2014 3188 C
2048 3126 2134 3210 tur
2166 3168 2182 3208 :
2213 3126 2470 3224 quoniam
2497 3163 2648 3224 gesta
2675 3152 2956 3225 synodalia
2985 3167 3105 3224 quas
3131 3151 3285 3208 nobis
3311 3149 3632 3212 mandasﬁs,

351 3243 579 3317 legimus
603 3247 718 3318 (lib.
763 3263 876 3315 xu,
905 3265 1021 3318 cap.
1061 3251 1118 3322 8)
1157 3266 1259 3321 pro
1307 3243 1567 3323 temporis
1617 3253 1969 3330 necessitate,

351 3339 420 3393 de
455 3352 564 3392 una
593 3338 826 3396 ecclesia
864 3339 1037 3398 fuisse
1059 3349 1298 3399 mutatos
1323 3344 1378 3400 in
1403 3343 1562 3399 aliam
1589 3362 1603 3399 :
1633 3358 1754 3416 qua:
1785 3345 1944 3402 aliter

354 3429 644 3484 tractanda
692 3438 777 3486 est
819 3433 1167 3490 newssitatis
1203 3435 1366 3502 ratio,
1419 3435 1580 3493 aliter
1627 3434 1979 3494 voluntatisf

2044 3255 2100 3301 et
2128 3245 2272 3301 illius
2291 3243 2611 3317 iudicantur
2635 3243 3004 3310 damnatione,
3051 3243 3264 3301 dicente
3293 3240 3446 3306 nobis
3477 3241 3634 3297 beato

2043 3335 2310 3406 Gregorio
2340 3327 2456 3408 (lib.
2482 3350 2602 3402 vttt,
2625 3333 2778 3407 epist.
2801 3334 2892 3406 50)
2925 3334 2992 3387 ad
3023 3329 3637 3388 Constantiuntilcdio-

2045 3427 2325 3484 lauensem
2377 3425 2690 3496 episcopum
2749 3423 2817 3480 de
2865 3424 3098 3496 quodam
3147 3421 3216 3478 ab
3259 3437 3324 3476 eo
3379 3422 3636 3476 damnato

2045 3520 2299 3591 episcopo
2325 3560 2340 3584 ,
2393 3518 2588 3574 idonee
2631 3513 2949 3574 satisfacere
2992 3531 3099 3572 non
3132 3513 3403 3570 videntur.
3457 3533 3474 3564 ε
3514 3513 3638 3569 hleo

2047 3622 2251 3668 temere
2296 3608 2596 3680 aliquidde
2633 3607 2873 3679 episcopi
2904 3621 3138 3678 persona
3187 3606 3482 3662 decernere
3535 3621 3636 3660 tice

2047 3703 2307 3758 debemus
2337 3740 2354 3766 ,
2390 3713 2492 3755 nec
2518 3711 2828 3769 pessumus,
2860 3713 2930 3754 ne
2962 3699 3128 3770 (quod
3156 3695 3318 3768 absit)
3345 3695 3638 3766 reprehen-

2047 3790 2234 3849 sibiies
2277 3790 2619 3847 inveniamur
2648 3789 2700 3845 in
2739 3789 2960 3856 nostris,
3005 3790 3203 3859 quibus
3241 3787 3468 3842 aliorum
3512 3787 3638 3858 jutc

2049 3886 2310 3958 competit
2338 3893 2641 3941 retractare
2668 3883 3020 3939 sententias.)
3046 3881 3178 3937 item
3204 3881 3256 3936 iu
3283 3881 3382 3935 alia
3409 3879 3636 3950 cpistola

2049 3995 2148 4037 sua
2177 3978 2346 4035 Felici
2375 3976 2651 4034 Siciliensi
2687 3975 2801 4049 (lib.
2835 3990 2908 4032 vu
2939 4016 2954 4042 ,
3002 3975 3188 4030 india.
3224 3990 3287 4038 ιι,
3319 3978 3472 4044 epist.
3494 3973 3586 4044 i5)
3619 3995 3633 4029 :

2053 4092 2074 4124 ι
2104 4070 2220 4128 Nec
2239 4086 2360 4137 nos,
2403 4068 2600 4140 inquit,
2628 4077 2818 4124 contra
2848 4066 3148 4122 inauditam
3187 4074 3397 4135 partem
3430 4065 3634 4134 aliquid

2047 4177 2338 4234 possumus
2367 4161 2614 4216 delinire.
2649 4178 2667 4214 ι
2707 4157 2847 4214 Hinc
2864 4158 3030 4213 etiam
3061 4158 3128 4212 ad
3164 4143 3430 4212 Mariumu
3452 4172 3639 4228 quem-

2051 4256 2175 4310 dam
2225 4252 2611 4310 seholasticum
2639 4251 2753 4322 (lib.
2788 4249 2932 4317 cod.,
2973 4250 3125 4320 epist.
3157 4248 3248 4318 (il)
3298 4250 3516 4319 scripsit
3551 4249 3637 4306 di-

2052 4361 2214 4402 cens:
2237 4365 2255 4396 ι
2278 4324 2438 4412 Quia,
2468 4345 2610 4399 sicut
2652 4339 2865 4413 praefati
2913 4355 3126 4405 sunms,
3169 4355 3458 4395 causarum
3487 4340 3638 4408 origo

2055 4448 2111 4492 et
2149 4437 2387 4509 qualitas
2429 4435 2655 4490 omnino
2685 4432 2845 4491 nobis
2876 4433 3061 4505 ignota
3113 4442 3194 4487 est
3217 4473 3234 4498 ,
3283 4441 3640 4502 pronuntiare

2055 4527 2258 4598 aliquid
2289 4524 2564 4580 deﬂuitive
2588 4540 2694 4579 non
2727 4537 3014 4594 possumus
3059 4539 3072 4577 :
3111 4539 3182 4578 ne
3208 4563 3222 4587 ,
3265 4523 3409 4592 quod
3453 4537 3639 4593 repre-

2055 4619 2323 4676 hensibile
2354 4617 2514 4675 nimis
2541 4627 2645 4682 est,
2671 4618 2737 4672 de
2759 4615 2922 4673 rebus
2947 4633 3053 4672 non
3082 4617 3220 4672 bene
3253 4617 3486 4688 cognitis
3510 4631 3625 4686 pro.
3661 4612 3671 4684 λ

2055 4713 2200 4768 ferre
2229 4711 2555 4768 sententiam
2595 4710 2902 4766 videamur.
2927 4732 2945 4764 ι
2982 4710 3134 4768 Unde
3155 4700 3216 4765 et
3255 4720 3476 4766 sanctus
3499 4709 3638 4774 Leo,

2053 4805 2198 4870 sedis
2227 4813 2282 4861 ct
2307 4804 2566 4860 doctrina:
2591 4801 2904 4876 apostolica:
2932 4803 3116 4867 decus,
3149 4802 3280 4858 dicit
3321 4803 3376 4857 in
3408 4802 3639 4871 epistola

2055 4914 2151 4954 sua
2205 4896 2462 4954 Flaviano
2522 4894 3124 4965 Constantinopolitano
3182 4910 3281 4964 pro
3341 4893 3642 4965 Eutychete

2054 4993 2376 5064 presbytero
2422 4989 2678 5044 heretico
2736 4987 2909 5058 (epist.
2962 4988 3091 5059 l0):
3131 5007 3148 5038 ι
3193 4987 3461 5054 Quoniam
3497 5003 3671 5048 nos.’

2056 5079 2149 5154 qui
2182 5079 2522 5136 sacerdotum
2565 5079 2779 5135 Domini
2809 5088 3020 5134 matura
3061 5079 3308 5134 volumus
3351 5094 3470 5136 esse
3498 5081 3640 5148 jndi-

2056 5177 2160 5239 cia,
2205 5173 2338 5228 nihil
2365 5187 2652 5242 possumus
2699 5173 2993 5240 incognitis
3021 5173 3182 5227 rebus
3223 5171 3276 5226 in
3319 5172 3638 5242 cujuSquam

2056 5271 2228 5338 partis
2287 5264 2657 5337 pra'judicium
2715 5265 2976 5331 delinire,
3023 5265 3338 5336 priusquam
3385 5283 3638 5326 universa

2054 5375 2174 5429 quae
2227 5367 2378 5429 gesta
2432 5366 2601 5422 sunt,
2653 5357 2926 5412 veraciter
2979 5357 3280 5412 audiamus.
3314 5377 3331 5410 ι
3395 5358 3532 5416 Hinc
3585 5373 3642 5414 et

2057 5452 2248 5505 beatus
2275 5448 2378 5503 εἰοὺ
2406 5447 2536 5502 dicit
2559 5463 2571 5501 :
2607 5448 2835 5504 Causam
2860 5465 3018 5519 quam
3048 5449 3336 5502 nesciebam
3357 5490 3371 5511 ,
3413 5448 3636 5519 diligam
3683 5477 3690 5486 -

2058 5545 2256 5598 tissime
2283 5543 2655 5613 inuestigabam
2685 5540 2808 5612 (Job
2838 5543 3010 5608 xxix).
3043 5541 3172 5596 lude
3215 5543 3378 5595 etiam
3415 5543 3466 5595 in
3505 5541 3638 5597 Pen-

2061 5638 2318 5692 tatcucho
2376 5637 2631 5692 Dominus
2675 5635 2806 5689 dicit.
2852 5655 2862 5690 :
2908 5634 3122 5706 Clamor
3182 5633 3528 5689 Sodomorum
3588 5645 3636 5686 cl

2063 5729 2354 5784 (Ionian/ta
2399 5730 2772 5800 multiplicatus
2823 5742 2918 5796 est,
2945 5739 2992 5784 et
3023 5740 3296 5858 peccata;
3331 5745 3506 5782 eorum
3547 5746 3636 5798 ag-
